{"host":"8d3fefv2347kqkpz","time":1613350105,"event":{"mods":["AchievementEnabler","BaseMod","Better Vampires","Colored Map","Colored Powertips","Downfall","Highlight Path","Minty Spire (QoL Compilation)","Quick Restart","Rare Cards Sparkle","Relic Stats","Spicy Shops","StSLib","Waifu the Spire"],"gold_per_floor":[99,99,109,121,138,138,138,138,138,150,160,35,47,66,81,177,177,177,193,204,89,101,113,113,128,128,228,241,241,241,101,113,215,215,215,225,242,242,258,258,258,207,507,162,174,174,190,207,219,219,219,219],"floor_reached":50,"language":"ZHS","playtime":2371,"items_purged":["hexamod:Strike","hexamod:Defend","hexamod:BacktrackSmack","hexamod:Defend+1","hexamod:ChargedBarrage+1","hexamod:GhostflameInferno+1"],"score":519,"play_id":"b37a3141-e413-4551-8301-662631212a12","local_time":"20210215084825","is_ascension_mode":false,"campfire_choices":[{"data":"hexamod:Sear","floor":1.0,"key":"SMITH"},{"data":"hexamod:FlamesFromBeyond","floor":6.0,"key":"SMITH"},{"data":"hexamod:ExtraCrispy","floor":18.0,"key":"SMITH"},{"data":"hexamod:SearingWound","floor":26.0,"key":"SMITH"},{"floor":30.0,"key":"REST"},{"floor":35.0,"key":"DIG"},{"floor":40.0,"key":"REST"},{"floor":46.0,"key":"REST"}],"circlet_count":0,"master_deck":["hexamod:Sear+1","hexamod:Float+1","hexamod:FlamesFromBeyond+1","hexamod:ShieldOfDarkness+1","hexamod:SixthSeal","hexamod:ShieldOfDarkness+1","hexamod:FlamesFromBeyond+1","hexamod:ExtraCrispy+1","hexamod:SearingWound+1","hexamod:GhostOfSpirePast+1","hexamod:PhantomFireball+1","hexamod:ExtraCrispy+1","hexamod:SearingWound+1","hexamod:BurningTouch"],"relics":["hexamod:SpiritBrand","hexamod:BolsterEngine","champ:DeflectingBracers","Empty Cage","Shovel","Shuriken","Guardian:GemstoneGun","Bronze Scales","Letter Opener","DollysMirror","Dream Catcher"],"acts_visited":["Exordium","TheCity","TheBeyond"],"potions_floor_usage":[],"damage_taken":[{"damage":0.0,"enemies":"Small Slimes","floor":3.0,"turns":3.0},{"damage":0.0,"enemies":"2 Louse","floor":4.0,"turns":3.0},{"damage":1.0,"enemies":"Jaw Worm","floor":5.0,"turns":4.0},{"damage":3.0,"enemies":"Large Slime","floor":10.0,"turns":5.0},{"damage":0.0,"enemies":"Exordium Wildlife","floor":11.0,"turns":3.0},{"damage":5.0,"enemies":"downfall:FleeingMerchant","floor":12.0,"turns":4.0},{"damage":0.0,"enemies":"downfall:LooterAlt","floor":13.0,"turns":3.0},{"damage":0.0,"enemies":"Gremlin Gang","floor":14.0,"turns":3.0},{"damage":0.0,"enemies":"Red Slaver","floor":15.0,"turns":3.0},{"damage":0.0,"enemies":"SI_SHIV_ARCHETYPE","floor":16.0,"turns":7.0},{"damage":0.0,"enemies":"3 Byrds","floor":19.0,"turns":3.0},{"damage":0.0,"enemies":"Spheric Guardian","floor":20.0,"turns":5.0},{"damage":0.0,"enemies":"downfall:FleeingMerchant","floor":21.0,"turns":4.0},{"damage":3.0,"enemies":"Snake Plant","floor":22.0,"turns":3.0},{"damage":11.0,"enemies":"Centurion and Healer","floor":23.0,"turns":4.0},{"damage":18.0,"enemies":"3 Cultists","floor":25.0,"turns":4.0},{"damage":3.0,"enemies":"WA_ARCHETYPE_RETAIN","floor":27.0,"turns":5.0},{"damage":7.0,"enemies":"Snake Plant","floor":28.0,"turns":3.0},{"damage":7.0,"enemies":"downfall:FleeingMerchant","floor":31.0,"turns":4.0},{"damage":3.0,"enemies":"Centurion and Healer","floor":32.0,"turns":3.0},{"damage":53.0,"enemies":"DF_ARCHETYPE_CLAW","floor":33.0,"turns":12.0},{"damage":29.0,"enemies":"3 Shapes","floor":36.0,"turns":4.0},{"damage":0.0,"enemies":"3 Darklings","floor":37.0,"turns":3.0},{"damage":15.0,"enemies":"Maw","floor":39.0,"turns":6.0},{"damage":9.0,"enemies":"downfall:FleeingMerchant","floor":42.0,"turns":4.0},{"damage":23.0,"enemies":"Transient","floor":45.0,"turns":5.0},{"damage":2.0,"enemies":"3 Darklings","floor":47.0,"turns":3.0},{"damage":5.0,"enemies":"Maw","floor":48.0,"turns":4.0},{"damage":29.0,"enemies":"Jaw Worm Horde","floor":49.0,"turns":3.0},{"damage":58,"enemies":"WA_ARCHETYPE_DIVINITY","floor":50,"turns":5}],"seed_played":"-6592345705990714606","potions_obtained":[{"floor":10.0,"key":"Slimebound:ThreeZeroPotion"},{"floor":11.0,"key":"ColorlessPotion"},{"floor":13.0,"key":"Guardian:BlockOnCardUsePotion"},{"floor":23.0,"key":"Fire Potion"},{"floor":27.0,"key":"DuplicationPotion"},{"floor":28.0,"key":"Dexterity Potion"},{"floor":39.0,"key":"LiquidMemories"},{"floor":48.0,"key":"Fire Potion"},{"floor":49.0,"key":"FairyPotion"}],"is_trial":false,"path_per_floor":["R","?","M","M","M","R","T","?","?","M","M","$","M","M","M","B",null,"R","M","M","$","M","M","T","M","R","?","M","?","R","$","M","B",null,"R","M","M","?","M","R","T","$","?","$","M","R","M","M","M","B"],"character_chosen":"THE_SPIRIT","items_purchased":["hexamod:ShieldOfDarkness","DollysMirror","Dream Catcher"],"campfire_rested":3,"item_purchase_floors":[12,42,44],"current_hp_per_floor":[77,59,59,59,58,58,58,58,63,60,60,55,55,55,55,55,82,82,82,82,82,79,68,68,50,50,47,40,40,64,57,54,1,82,82,53,53,53,38,62,62,53,53,53,30,54,52,47,18,0,0,0],"gold":219,"neow_bonus":"TEN_PERCENT_HP_BONUS","is_daily":false,"chose_seed":false,"campfire_upgraded":4,"win_rate":0.0,"timestamp":1613350105,"path_taken":["R","?","M","M","M","R","T","?","?","M","?","$","M","M","M","BOSS","R","M","M","$","M","M","T","M","R","?","M","?","R","?","M","BOSS","R","M","M","?","M","R","T","$","?","$","M","R","M","M","M","BOSS"],"items_purchased_type":["Card","Relic","Relic"],"build_version":"2020-12-22","purchased_purges":6,"victory":false,"max_hp_per_floor":[77,77,77,77,77,77,77,77,82,82,82,82,82,82,82,82,82,82,82,82,82,82,82,82,82,82,82,82,82,82,82,82,82,82,82,82,82,82,82,82,82,82,82,82,82,82,82,82,82,82,82,82],"relic_stats":{"Dream Catcher":1,"Shovel":1,"counters":[30,124],"Shuriken":[0],"Bronze Scales":[85],"Letter Opener":[39],"obtain_stats":[{"Dream Catcher":44,"Shovel":24,"Shuriken":27,"DollysMirror":42,"Guardian:GemstoneGun":27,"Bronze Scales":35,"champ:DeflectingBracers":7,"Letter Opener":41,"hexamod:BolsterEngine":2,"Empty Cage":17,"hexamod:SpiritBrand":0},{"Dream Catcher":25,"Shovel":15,"Shuriken":17,"DollysMirror":25,"Guardian:GemstoneGun":17,"Bronze Scales":21,"champ:DeflectingBracers":3,"Letter Opener":24,"hexamod:BolsterEngine":0,"Empty Cage":10,"hexamod:SpiritBrand":0},{"Dream Catcher":104,"Shovel":57,"Shuriken":65,"DollysMirror":104,"Guardian:GemstoneGun":65,"Bronze Scales":87,"champ:DeflectingBracers":10,"Letter Opener":100,"hexamod:BolsterEngine":0,"Empty Cage":38,"hexamod:SpiritBrand":0}]},"card_choices":[{"not_picked":["hexamod:SuperheatedStrike","hexamod:HeatMetal","hexamod:InspiringFlames"],"picked":"SKIP","floor":3.0},{"not_picked":["hexamod:GhostShield","hexamod:Firestarter","hexamod:SwordOfDarkness"],"picked":"SKIP","floor":4.0},{"not_picked":["hexamod:FirstSeal","hexamod:Incineration"],"picked":"hexamod:FlamesFromBeyond","floor":5.0},{"not_picked":["hexamod:HauntingEcho","hexamod:AdvancingGuard"],"picked":"hexamod:ShieldOfDarkness","floor":10.0},{"not_picked":["hexamod:InspiringFlames","hexamod:BacktrackSmack"],"picked":"hexamod:SixthSeal","floor":11.0},{"not_picked":["hexamod:SpectersWail","hexamod:Again","hexamod:InspiringFlames"],"picked":"SKIP","floor":12.0},{"not_picked":["hexamod:SpectersWail","hexamod:SwordOfDarkness","hexamod:ThermalTransfer"],"picked":"SKIP","floor":13.0},{"not_picked":["hexamod:SpectralSpark","hexamod:AdvancingGuard"],"picked":"hexamod:FlamesFromBeyond","floor":14.0},{"not_picked":["hexamod:FourthSeal","hexamod:NecessarySacrifice"],"picked":"hexamod:ExtraCrispy","floor":15.0},{"not_picked":["hexamod:FlameSwitch","hexamod:ApocalypticArmor"],"picked":"hexamod:GhostflameInferno","floor":16.0},{"not_picked":["hexamod:GhostShield","hexamod:ShieldOfDarkness"],"picked":"hexamod:ChargedBarrage","floor":19.0},{"not_picked":["hexamod:GhostShield","hexamod:Hexaguard","hexamod:Rewind"],"picked":"SKIP","floor":20.0},{"not_picked":["hexamod:GhostShield","hexamod:Hexaguard","hexamod:Rewind"],"picked":"SKIP","floor":20.0},{"not_picked":["hexamod:FourthSeal","hexamod:ParanormalForm"],"picked":"hexamod:SearingWound","floor":21.0},{"not_picked":["hexamod:ThermalTransfer","hexamod:PowerFromBeyond","hexamod:AdvancingGuard"],"picked":"SKIP","floor":22.0},{"not_picked":["hexamod:RadiantFlame","hexamod:ThermalTransfer","hexamod:Rewind"],"picked":"SKIP","floor":23.0},{"not_picked":["hexamod:EtherealExpedition+1","hexamod:GhostLash"],"picked":"hexamod:GhostOfSpirePast","floor":25.0},{"not_picked":["hexamod:HauntingEcho","hexamod:ShieldOfDarkness+1","hexamod:ChargedBarrage+1"],"picked":"SKIP","floor":28.0},{"not_picked":["hexamod:StepThrough+1","hexamod:PhantomFireball","hexamod:GhostOfSpirePast"],"picked":"SKIP","floor":31.0},{"not_picked":["hexamod:GhostShield+1","hexamod:SuperheatedStrike+1","hexamod:DynamicBlow"],"picked":"SKIP","floor":32.0},{"not_picked":["hexamod:ThirdSeal","hexamod:SkipABeat","hexamod:AdvancingGuard+1"],"picked":"SKIP","floor":36.0},{"not_picked":["hexamod:FourthSeal","hexamod:HeatCrush+1","hexamod:RetreatToShadows+1"],"picked":"SKIP","floor":37.0},{"not_picked":["hexamod:SpectersWail","hexamod:CatchUp"],"picked":"hexamod:ExtraCrispy+1","floor":39.0},{"not_picked":["hexamod:RadiantFlame","hexamod:AdvancingGuard+1","hexamod:Firestarter"],"picked":"SKIP","floor":42.0},{"not_picked":["hexamod:ThermalTransfer","hexamod:Haunt","hexamod:NightmareStrike+1"],"picked":"SKIP","floor":45.0},{"not_picked":["hexamod:NecessarySacrifice","hexamod:RadiantFlame+1","hexamod:HauntingEcho+1"],"picked":"SKIP","floor":47.0},{"not_picked":["hexamod:SpectersWail+1","hexamod:HauntingEcho+1"],"picked":"hexamod:BurningTouch","floor":48.0},{"not_picked":["hexamod:SpectersWail","hexamod:UnlimitedPower","hexamod:EtherealExpedition+1"],"picked":"SKIP","floor":49.0}],"player_experience":383893,"relics_obtained":[{"floor":7.0,"key":"champ:DeflectingBracers"},{"floor":24.0,"key":"Shovel"},{"floor":27.0,"key":"Shuriken"},{"floor":27.0,"key":"Guardian:GemstoneGun"},{"floor":35.0,"key":"Bronze Scales"},{"floor":41.0,"key":"Letter Opener"}],"event_choices":[{"damage_healed":0.0,"max_hp_gain":0.0,"max_hp_loss":0.0,"gold_gain":0.0,"event_name":"Scrap Ooze","player_choice":"Success","floor":2.0,"gold_loss":0.0,"damage_taken":18.0,"relics_obtained":["hexamod:BolsterEngine"]},{"cards_removed":["hexamod:Strike"],"damage_healed":0.0,"max_hp_gain":0.0,"max_hp_loss":0.0,"gold_gain":0.0,"event_name":"The Cleric","player_choice":"Card Removal","floor":8.0,"gold_loss":0.0,"damage_taken":0.0},{"damage_healed":0.0,"max_hp_gain":5.0,"max_hp_loss":0.0,"gold_gain":0.0,"event_name":"Big Fish","player_choice":"Donut","floor":9.0,"gold_loss":0.0,"damage_taken":0.0},{"damage_healed":0.0,"max_hp_gain":0.0,"max_hp_loss":0.0,"gold_gain":0.0,"cards_transformed":["hexamod:Defend","hexamod:Strike"],"event_name":"Drug Dealer","player_choice":"Became Test Subject","floor":29.0,"gold_loss":0.0,"damage_taken":0.0,"cards_obtained":["hexamod:PhantomFireball","hexamod:BacktrackSmack"]},{"damage_healed":0.0,"max_hp_gain":0.0,"max_hp_loss":0.0,"gold_gain":300.0,"event_name":"Wheel of Change","player_choice":"Gold","floor":43.0,"gold_loss":0.0,"damage_taken":0.0}],"is_beta":false,"boss_relics":[{"not_picked":["expansioncontent:StudyCardRelic","Black Star"],"picked":"Empty Cage"},{"not_picked":["bronze:MakeshiftBattery","Astrolabe","Pandora\u0027s Box"]}],"items_purged_floors":[12,21,31,42,42,44],"is_endless":false,"potions_floor_spawned":[10,11,13,15,16,20,23,27,28,39,48,49],"killed_by":"WA_ARCHETYPE_DIVINITY","ascension_level":0}}