{"host":"bgptblc1sp470rxq","time":1613396622,"event":{"mods":["BaseMod","Colored Map","Highlight Path","Hubris","Minty Spire (QoL Compilation)","Quick Restart","Replay The Spire","StSLib","Waifu the Spire","[IsaacMod]ÒÔÈö¼âËþ"],"gold_per_floor":[125,50,50,50,69,107,107,107,107,145,145,145,164,164,164,289,289,308,8,8,8,8,8,8,79,104,104,104,4,76,76,76,201,201,220,265,265,140,71,71,71,71,146,146,175,190,190,40,40,68],"floor_reached":51,"language":"ZHS","playtime":1733,"items_purged":["Strike_R","Strike_R","Strike_R","Bash"],"score":664,"play_id":"28d39159-5fc1-4fff-ac17-dfbfc227554c","local_time":"20210215214342","daily_mods":["Heirloom","Flight","Night Terrors"],"is_ascension_mode":false,"campfire_choices":[{"data":"True Grit","floor":7.0,"key":"SMITH"},{"floor":12.0,"key":"REST"},{"data":"Turbo","floor":15.0,"key":"SMITH"},{"data":"Battle Trance","floor":23.0,"key":"SMITH"},{"data":"Fiend Fire","floor":24.0,"key":"SMITH"},{"data":"Gash","floor":27.0,"key":"SMITH"},{"data":"Intimidate","floor":32.0,"key":"SMITH"},{"data":"Searing Blow","floor":40.0,"key":"SMITH"},{"data":"Searing Blow+1","floor":41.0,"key":"SMITH"},{"data":"Searing Blow+2","floor":42.0,"key":"SMITH"},{"data":"Searing Blow+3","floor":44.0,"key":"SMITH"},{"data":"Searing Blow+5","floor":47,"key":"SMITH"},{"data":"Searing Blow+6","floor":47,"key":"SMITH"},{"data":"Searing Blow+7","floor":49,"key":"SMITH"},{"data":"Searing Blow+8","floor":49,"key":"SMITH"}],"circlet_count":0,"master_deck":["Defend_R","Defend_R+1","Defend_R","Defend_R+1","Battle Trance+1","True Grit+1","Self Repair+1","Intimidate+1","Turbo+1","Fiend Fire+1","Shrug It Off+1","Gash+1","Searing Blow+9","Power Through+1","Warcry+1","Burning Pact+1","Searing Blow+5","Hologram+1"],"relics":["HushsDoor","D4","Burning Blood","hubris:DuctTape","Guide Book","Runic Capacitor","DollysMirror","Leech","Runic Pyramid","SalivaCoin","Snecko Heart","Velvet Choker","Omamori","FossilizedHelix","White Beast Statue","AnarchistCookbook","Replay:Arrowhead","Gambling Chip","SharpPlug","Coffee Dripper","BookOfRevelations"],"acts_visited":["Exordium","TheCity","TheBeyond"],"potions_floor_usage":[50],"damage_taken":[{"damage":7.0,"enemies":"2 Louse","floor":1.0,"turns":2.0},{"damage":5.0,"enemies":"Jaw Worm","floor":5.0,"turns":4.0},{"damage":26.0,"enemies":"Lagavulin","floor":6.0,"turns":5.0},{"damage":30.0,"enemies":"3 Sentries","floor":10.0,"turns":15.0},{"damage":2.0,"enemies":"Cultist","floor":13.0,"turns":4.0},{"damage":54.0,"enemies":"Slime Boss","floor":16.0,"turns":26.0},{"damage":10.0,"enemies":"Chosen","floor":18.0,"turns":3.0},{"damage":6.0,"enemies":"Champ","floor":33.0,"turns":13.0},{"damage":0.0,"enemies":"Orb Walker","floor":35.0,"turns":4.0},{"damage":30.0,"enemies":"2 Orb Walkers","floor":36.0,"turns":5.0},{"damage":0,"enemies":"3 Darklings","floor":45,"turns":5},{"damage":0,"enemies":"Sphere and 2 Shapes","floor":46,"turns":5},{"damage":34,"enemies":"Awakened One","floor":50,"turns":7}],"seed_played":"5535013652570512859","potions_obtained":[{"floor":1.0,"key":"SpeedPotion"},{"floor":10.0,"key":"Reflective Coating"},{"floor":13.0,"key":"Cursed Concoction"},{"floor":25.0,"key":"Block Potion"},{"floor":25.0,"key":"Reflective Coating"},{"floor":33.0,"key":"BlessingOfTheForge"},{"floor":45,"key":"BloodPotion"},{"floor":46,"key":"SteroidPotion"}],"is_trial":false,"path_per_floor":["M","$","?","?","M","E","R","?","T","E","?","R","M","?","R","B",null,"M","$","?","?","?","R","R","?","T","R","?","$","?","?","R","B",null,"M","?","?","$","$","R","R","R","T","R","M","M","R","$","R","B",null],"character_chosen":"IRONCLAD","items_purchased":["Another Sword","Damocles","Searing Blow","Burning Pact"],"campfire_rested":1,"item_purchase_floors":[19,34,34,39],"current_hp_per_floor":[84,84,63,63,64,44,44,44,44,24,7,82,82,57,57,13,82,82,82,82,82,82,82,82,82,82,82,82,82,67,51,51,55,69,69,49,49,49,49,49,49,49,49,49,65,69,69,69,69,53],"gold":68,"neow_bonus":"","is_daily":true,"chose_seed":false,"campfire_upgraded":14,"win_rate":0.0,"timestamp":1613396622,"path_taken":["M","$","?","?","?","E","R","?","T","E","?","R","M","?","R","BOSS","M","$","?","?","?","R","R","?","T","R","?","$","?","?","R","BOSS","M","?","?","?","$","R","R","R","T","R","M","?","R","$","R","BOSS"],"items_purchased_type":["Relic","Relic","Card","Card"],"build_version":"2020-12-22","purchased_purges":4,"victory":true,"max_hp_per_floor":[87,87,87,87,87,87,87,87,87,87,87,82,82,82,82,82,82,82,82,82,82,82,82,82,82,82,82,82,82,82,82,82,82,69,69,69,69,69,69,69,69,69,69,69,69,69,69,69,69,69],"card_choices":[{"not_picked":["hubris:ReadiedAction","Sword Boomerang"],"picked":"Bomb","floor":1.0},{"not_picked":["Burning Pact","Armaments"],"picked":"Battle Trance","floor":5.0},{"not_picked":["Impervious","Body Slam"],"picked":"True Grit","floor":6.0},{"not_picked":["Clothesline","Bludgeon"],"picked":"Intimidate","floor":10.0},{"not_picked":["Sword Boomerang","Run Through"],"picked":"Turbo","floor":13.0},{"not_picked":["Firewall","Offering","Juggernaut"],"picked":"Fiend Fire","floor":16.0},{"not_picked":["Flex","Whirlwind+1","Havoc"],"picked":"Shrug It Off+1","floor":18.0},{"not_picked":["Infernal Blade","Headbutt","Force Field"],"picked":"Gash","floor":25.0},{"not_picked":["Body Slam","Clothesline","Thunderclap+1"],"picked":"Power Through+1","floor":35.0},{"not_picked":["Flex+1","Rage+1","Power Through+1"],"picked":"Warcry+1","floor":36.0},{"not_picked":["Beam Cell+1","Rip and Tear","Cleave+1"],"picked":"SKIP","floor":45},{"not_picked":["Gash+1","Replay:Undeath\u0027s Touch+1"],"picked":"Hologram+1","floor":46}],"player_experience":262303,"relics_obtained":[{"floor":6.0,"key":"Juzu Bracelet"},{"floor":9.0,"key":"Pet Ghost"},{"floor":10.0,"key":"Chaos"},{"floor":25.0,"key":"HowToJump"},{"floor":26.0,"key":"TheAbacus"},{"floor":31.0,"key":"Nilry\u0027s Codex"},{"floor":35.0,"key":"CaptainsWheel"},{"floor":36.0,"key":"D4"},{"floor":36.0,"key":"Busted Crown"},{"floor":43.0,"key":"hubris:AstralHammer"}],"event_choices":[{"damage_healed":0.0,"max_hp_gain":0.0,"max_hp_loss":0.0,"gold_gain":0.0,"event_name":"Golden Idol","player_choice":"Take Damage","floor":3.0,"gold_loss":0.0,"damage_taken":21.0,"relics_obtained":["Golden Idol"]},{"damage_healed":0.0,"max_hp_gain":0.0,"max_hp_loss":0.0,"gold_gain":0.0,"event_name":"Shining Light","player_choice":"Entered Light","floor":11.0,"gold_loss":0.0,"damage_taken":17.0,"cards_upgraded":["Defend_R","Defend_R"]},{"damage_healed":0.0,"max_hp_gain":0.0,"max_hp_loss":0.0,"gold_gain":0.0,"event_name":"Scrap Ooze","player_choice":"Success","floor":14.0,"gold_loss":0.0,"damage_taken":25.0,"relics_obtained":["Question Card"]},{"damage_healed":0.0,"max_hp_gain":0.0,"max_hp_loss":0.0,"gold_gain":0.0,"event_name":"Ghosts","player_choice":"Ignored","floor":22.0,"gold_loss":0.0,"damage_taken":0.0},{"cards_removed":["Strike_R"],"damage_healed":0.0,"max_hp_gain":0.0,"max_hp_loss":0.0,"gold_gain":0.0,"event_name":"Back to Basics","player_choice":"Elegance","floor":28.0,"gold_loss":0.0,"damage_taken":0.0},{"damage_healed":0.0,"max_hp_gain":0.0,"max_hp_loss":0.0,"gold_gain":0.0,"event_name":"Cursed Tome","player_choice":"Obtained Book","floor":31.0,"gold_loss":0.0,"damage_taken":16.0},{"damage_healed":0.0,"max_hp_gain":0.0,"max_hp_loss":0.0,"gold_gain":0.0,"event_name":"Mysterious Sphere","player_choice":"Fight","floor":36.0,"gold_loss":0.0,"damage_taken":0.0},{"damage_healed":0.0,"max_hp_gain":0.0,"max_hp_loss":0.0,"gold_gain":0.0,"event_name":"WeMeetAgain","player_choice":"Gave Potion","floor":37.0,"gold_loss":0.0,"damage_taken":0.0,"relics_obtained":["Replay:Bottled Flurry"]}],"is_beta":false,"boss_relics":[{"not_picked":["Replay:Ringing Soul","SlaversCollar"],"picked":"BelialBook"},{"not_picked":[]},{"not_picked":["Symbiotic Virus","Replay:Grab Bag"],"picked":"Singing Bowl"},{"not_picked":[]}],"items_purged_floors":[2,29,38,48],"is_endless":false,"potions_floor_spawned":[1,10,13,33,35,45,46],"ascension_level":0}}