{"host":"n4oa921u88t6jog9","time":1613412400,"event":{"mods":["AchievementEnabler","BaseMod","DeckTracker","Keyboard Shortcuts","Minty Spire (QoL Compilation)","Quick Restart","StSLib","SuperFastMode"],"gold_per_floor":[115,115,40,51,51,85,103,138,138,138,138,138],"floor_reached":11,"language":"KOR","playtime":243,"items_purged":[],"score":207,"play_id":"b373d299-27af-4368-ae1b-3f2054470896","local_time":"20210216030640","is_ascension_mode":true,"campfire_choices":[{"data":"Neutralize","floor":10,"key":"SMITH"}],"circlet_count":0,"master_deck":["AscendersBane","Strike_G","Strike_G","Strike_G","Strike_G","Strike_G","Defend_G","Defend_G","Defend_G","Survivor","Neutralize+1","Acrobatics","Slice","Underhanded Strike","Neutralize","Dagger Throw","Backflip"],"relics":["Ring of the Snake","NeowsBlessing","Happy Flower","HornCleat","Tiny Chest"],"acts_visited":["Exordium"],"potions_floor_usage":[8,11],"damage_taken":[{"damage":0,"enemies":"Small Slimes","floor":1,"turns":1},{"damage":0,"enemies":"2 Louse","floor":4,"turns":1},{"damage":0,"enemies":"Lagavulin","floor":6,"turns":1},{"damage":0,"enemies":"Cultist","floor":7,"turns":3},{"damage":42,"enemies":"Gremlin Nob","floor":8,"turns":5},{"damage":23,"enemies":"Lagavulin","floor":11,"turns":5}],"seed_played":"-7410727528215262414","potions_obtained":[{"floor":4,"key":"LiquidBronze"},{"floor":6,"key":"Swift Potion"},{"floor":8,"key":"FearPotion"}],"is_trial":false,"path_per_floor":["M","?","?","M","?","E","M","E","T","R","E"],"character_chosen":"THE_SILENT","items_purchased":[],"campfire_rested":0,"item_purchase_floors":[],"current_hp_per_floor":[59,52,52,52,52,52,52,10,10,10,0,0],"gold":138,"neow_bonus":"THREE_ENEMY_KILL","is_daily":false,"chose_seed":false,"campfire_upgraded":1,"win_rate":0.0,"timestamp":1613412400,"path_taken":["M","?","?","M","?","E","M","E","T","R","E"],"items_purchased_type":[],"build_version":"2020-12-22","purchased_purges":0,"victory":false,"max_hp_per_floor":[66,66,66,66,66,66,66,66,66,66,66,66],"card_choices":[{"not_picked":["Sucker Punch","Prepared"],"picked":"Acrobatics","floor":1},{"not_picked":["Accuracy","Dodge and Roll"],"picked":"Slice","floor":4},{"not_picked":["Deadly Poison","Prepared"],"picked":"Dagger Throw","floor":6},{"not_picked":["Bane","Slice"],"picked":"Backflip","floor":7},{"not_picked":["Accuracy","Underhanded Strike","Backflip"],"picked":"SKIP","floor":8}],"player_experience":388467,"relics_obtained":[{"floor":6,"key":"Happy Flower"},{"floor":8,"key":"HornCleat"},{"floor":9,"key":"Tiny Chest"}],"event_choices":[{"cards_removed":["Defend_G"],"damage_healed":0,"gold_gain":0,"player_choice":"Card Removal","damage_taken":7,"max_hp_gain":0,"max_hp_loss":0,"event_name":"Golden Wing","floor":2,"gold_loss":0},{"cards_removed":["Defend_G"],"damage_healed":0,"gold_gain":0,"player_choice":"Card Removal","damage_taken":0,"max_hp_gain":0,"max_hp_loss":0,"event_name":"The Cleric","floor":3,"gold_loss":75},{"damage_healed":0,"gold_gain":0,"player_choice":"2 cards matched","damage_taken":0,"max_hp_gain":0,"max_hp_loss":0,"event_name":"Match and Keep!","floor":5,"gold_loss":0,"cards_obtained":["Underhanded Strike","Neutralize"]}],"is_beta":false,"boss_relics":[],"items_purged_floors":[],"is_endless":false,"potions_floor_spawned":[4,6,8],"killed_by":"Lagavulin","ascension_level":19}}