{"host":"or8fr2mp0k3eluj8","time":1613401798,"event":{"mods":["AchievementEnabler","BaseMod","Colored Map","DeckTracker","Minty Spire (QoL Compilation)","SuperFastMode"],"gold_per_floor":[113,127,127,147,159,159,159,186,186,205,236,254,284,300,300,399,399,324,324,324,324,249,249,249,249,249,249,78,78,78,78,78,78,78,78,78,78,78,78,78,78,78,78,78,78,78,78,78,78,78,78,78,78,78,78],"floor_reached":56,"language":"KOR","playtime":2267,"items_purged":["Caltrops","Flechettes"],"score":1610,"play_id":"cce6c716-bd9f-4be9-b7e3-1c5c53869abc","local_time":"20210216000958","is_ascension_mode":true,"campfire_choices":[{"data":"Adrenaline","floor":6.0,"key":"SMITH"},{"floor":15.0,"key":"REST"},{"data":"Terror","floor":23.0,"key":"SMITH"},{"data":"Escape Plan","floor":27.0,"key":"SMITH"},{"data":"Tactician","floor":29.0,"key":"SMITH"},{"floor":32.0,"key":"REST"},{"data":"Wraith Form v2","floor":41.0,"key":"SMITH"},{"floor":44.0,"key":"RECALL"},{"data":"Finisher","floor":46.0,"key":"SMITH"},{"data":"Concentrate","floor":49.0,"key":"SMITH"},{"data":"Neutralize","floor":52.0,"key":"SMITH"}],"circlet_count":0,"master_deck":["Survivor","Neutralize+1","Grand Finale+1","All Out Attack","Flying Knee","Wraith Form v2+1","Finisher+1","PiercingWail+1","Well Laid Plans","Adrenaline+1","Escape Plan+1","Acrobatics+1","Terror+1","Backflip+1","Dagger Throw","Quick Slash","Tactician+1","Prepared+1","Concentrate+1"],"relics":["Pandora\u0027s Box","Centennial Puzzle","Shuriken","War Paint","Ectoplasm","Bag of Preparation","Tiny Chest","Busted Crown","Sundial","Blue Candle","Juzu Bracelet","Ornamental Fan","Happy Flower"],"acts_visited":["Exordium","TheCity","TheBeyond","TheEnding"],"potions_floor_usage":[55,55,55],"damage_taken":[{"damage":7.0,"enemies":"2 Louse","floor":1.0,"turns":2.0},{"damage":0.0,"enemies":"Cultist","floor":2.0,"turns":2.0},{"damage":0.0,"enemies":"Small Slimes","floor":4.0,"turns":2.0},{"damage":0.0,"enemies":"Exordium Thugs","floor":5.0,"turns":2.0},{"damage":2.0,"enemies":"Gremlin Nob","floor":8.0,"turns":4.0},{"damage":1.0,"enemies":"2 Fungi Beasts","floor":10.0,"turns":2.0},{"damage":17.0,"enemies":"3 Sentries","floor":11.0,"turns":4.0},{"damage":0.0,"enemies":"3 Louse","floor":12.0,"turns":1.0},{"damage":8.0,"enemies":"Gremlin Nob","floor":13.0,"turns":3.0},{"damage":0.0,"enemies":"Large Slime","floor":14.0,"turns":4.0},{"damage":17.0,"enemies":"The Guardian","floor":16.0,"turns":7.0},{"damage":10.0,"enemies":"2 Thieves","floor":18.0,"turns":4.0},{"damage":10.0,"enemies":"3 Byrds","floor":19.0,"turns":2.0},{"damage":31.0,"enemies":"Slavers","floor":24.0,"turns":5.0},{"damage":0.0,"enemies":"3 Cultists","floor":25.0,"turns":2.0},{"damage":1.0,"enemies":"Shelled Parasite and Fungi","floor":31.0,"turns":2.0},{"damage":0.0,"enemies":"Collector","floor":33.0,"turns":3.0},{"damage":3.0,"enemies":"3 Darklings","floor":35.0,"turns":2.0},{"damage":0.0,"enemies":"3 Shapes","floor":36.0,"turns":1.0},{"damage":0.0,"enemies":"Writhing Mass","floor":38.0,"turns":1.0},{"damage":0.0,"enemies":"Reptomancer","floor":40.0,"turns":2.0},{"damage":0.0,"enemies":"Transient","floor":42.0,"turns":4.0},{"damage":0.0,"enemies":"Giant Head","floor":45.0,"turns":3.0},{"damage":0.0,"enemies":"Reptomancer","floor":47.0,"turns":2.0},{"damage":0.0,"enemies":"Jaw Worm Horde","floor":48.0,"turns":1.0},{"damage":1.0,"enemies":"Awakened One","floor":50.0,"turns":4.0},{"damage":0.0,"enemies":"Shield and Spear","floor":54.0,"turns":3.0},{"damage":54,"enemies":"The Heart","floor":55,"turns":6}],"seed_played":"-5621451704707724079","potions_obtained":[{"floor":2.0,"key":"SkillPotion"},{"floor":3.0,"key":"SkillPotion"},{"floor":3.0,"key":"Weak Potion"},{"floor":14.0,"key":"DuplicationPotion"}],"is_trial":false,"path_per_floor":["M","M","?","M","M","R","?","E","T","M","E","M","E","M","R","B",null,"M","M","?","?","$","R","E","M","T","R","$","R","?","M","R","B",null,"M","M","$","M","?","E","R","M","T","R","E","R","E","M","R","B",null,"R","$","E","B",null],"character_chosen":"THE_SILENT","items_purchased":["Tactician"],"campfire_rested":2,"item_purchase_floors":[28],"current_hp_per_floor":[63,63,63,63,63,63,49,47,47,46,29,29,21,21,42,25,70,60,50,50,70,70,70,39,39,39,39,39,39,26,25,47,47,75,72,72,72,72,71,71,71,71,71,71,71,71,71,71,71,70,71,71,71,71,17],"gold":78,"neow_bonus":"BOSS_RELIC","is_daily":false,"chose_seed":false,"campfire_upgraded":8,"win_rate":0.0,"timestamp":1613401798,"path_taken":["M","M","?","?","?","R","?","E","T","M","E","M","E","M","R","BOSS","M","M","?","?","$","R","E","M","T","R","$","R","?","M","R","BOSS","M","M","$","M","?","E","R","M","T","R","E","R","E","M","R","BOSS","R","$","E","BOSS"],"items_purchased_type":["Card"],"build_version":"2020-12-22","purchased_purges":2,"victory":true,"max_hp_per_floor":[70,70,70,70,70,70,70,70,70,70,70,70,70,70,70,70,70,70,70,70,70,70,70,70,70,70,70,70,70,75,75,75,75,75,75,75,75,75,71,71,71,71,71,71,71,71,71,71,71,71,71,71,71,71,71],"card_choices":[{"not_picked":["Deflect","Poisoned Stab"],"picked":"Escape Plan","floor":1.0},{"not_picked":["Dodge and Roll","Backflip"],"picked":"Acrobatics","floor":2.0},{"not_picked":["Accuracy","Heel Hook","Poisoned Stab"],"picked":"SKIP","floor":4.0},{"not_picked":["Sucker Punch","Blur","Masterful Stab"],"picked":"SKIP","floor":5.0},{"not_picked":["Bouncing Flask","Footwork"],"picked":"Terror","floor":8.0},{"not_picked":["Flechettes","Deadly Poison","Dagger Spray"],"picked":"SKIP","floor":10.0},{"not_picked":["PiercingWail","Wraith Form v2","Caltrops"],"picked":"SKIP","floor":11.0},{"not_picked":["Blur","Deadly Poison"],"picked":"Backflip","floor":12.0},{"not_picked":["Tactician","Dash"],"picked":"Dagger Throw","floor":13.0},{"not_picked":["Well Laid Plans","Infinite Blades","Acrobatics"],"picked":"SKIP","floor":14.0},{"not_picked":["Accuracy","Sucker Punch+1","Dagger Spray"],"picked":"SKIP","floor":18.0},{"not_picked":["Blade Dance","Underhanded Strike","Expertise"],"picked":"SKIP","floor":19.0},{"not_picked":["After Image","Dagger Spray"],"picked":"Quick Slash","floor":24.0},{"not_picked":["Leg Sweep+1","Predator+1","Underhanded Strike"],"picked":"SKIP","floor":25.0},{"not_picked":["Predator","Finisher","Dagger Spray+1"],"picked":"SKIP","floor":31.0},{"not_picked":[],"picked":"Prepared+1","floor":35.0},{"not_picked":["Quick Slash"],"picked":"SKIP","floor":36.0},{"not_picked":["Backflip"],"picked":"SKIP","floor":38.0},{"not_picked":["Dagger Throw+1"],"picked":"SKIP","floor":40.0},{"not_picked":["Prepared+1"],"picked":"SKIP","floor":42.0},{"not_picked":["Dagger Spray+1"],"picked":"SKIP","floor":45.0},{"not_picked":[],"picked":"Concentrate","floor":47.0},{"not_picked":["Burst"],"picked":"SKIP","floor":48.0},{"not_picked":["Wraith Form v2"],"picked":"SKIP","floor":54.0}],"player_experience":344260,"relics_obtained":[{"floor":8.0,"key":"Centennial Puzzle"},{"floor":11.0,"key":"Shuriken"},{"floor":13.0,"key":"War Paint"},{"floor":24.0,"key":"Bag of Preparation"},{"floor":26.0,"key":"Tiny Chest"},{"floor":40.0,"key":"Sundial"},{"floor":43.0,"key":"Blue Candle"},{"floor":45.0,"key":"Juzu Bracelet"},{"floor":47.0,"key":"Ornamental Fan"},{"floor":54.0,"key":"Happy Flower"}],"event_choices":[{"damage_healed":0.0,"max_hp_gain":0.0,"max_hp_loss":0.0,"gold_gain":0.0,"event_name":"Lab","player_choice":"Got Potions","floor":3.0,"gold_loss":0.0,"damage_taken":0.0},{"damage_healed":0.0,"max_hp_gain":0.0,"max_hp_loss":0.0,"gold_gain":0.0,"event_name":"Shining Light","player_choice":"Entered Light","floor":7.0,"gold_loss":0.0,"damage_taken":14.0,"cards_upgraded":["Grand Finale","Acrobatics"]},{"damage_healed":0.0,"max_hp_gain":0.0,"max_hp_loss":0.0,"gold_gain":0.0,"event_name":"The Mausoleum","player_choice":"Ignored","floor":20.0,"gold_loss":0.0,"damage_taken":0.0},{"damage_healed":23.0,"max_hp_gain":0.0,"max_hp_loss":0.0,"gold_gain":0.0,"event_name":"The Library","player_choice":"Heal","floor":21.0,"gold_loss":0.0,"damage_taken":0.0},{"damage_healed":0.0,"max_hp_gain":5.0,"max_hp_loss":0.0,"gold_gain":0.0,"event_name":"Forgotten Altar","player_choice":"Shed Blood","floor":30.0,"gold_loss":0.0,"damage_taken":18.0},{"damage_healed":0.0,"max_hp_gain":0.0,"max_hp_loss":4.0,"gold_gain":0.0,"event_name":"Winding Halls","player_choice":"Max HP","floor":39.0,"gold_loss":0.0,"damage_taken":0.0}],"is_beta":false,"boss_relics":[{"not_picked":["Calling Bell","Snecko Eye"],"picked":"Ectoplasm"},{"not_picked":["Velvet Choker","Runic Dome"],"picked":"Busted Crown"}],"items_purged_floors":[22,28],"is_endless":false,"potions_floor_spawned":[2,4,10,11,13,14,19,24,33,36,42,45],"ascension_level":1}}