{"host":"o88u0awh8mkwl1l8","time":1613362984,"event":{"mods":["BaseMod","Colored Map","Highlight Path","Minty Spire (QoL Compilation)"],"gold_per_floor":[116,136,156,174,174,174,193,208,255,255,255,281,206,232,232,232,232],"floor_reached":16,"language":"JPN","playtime":532,"items_purged":["Defend_P"],"score":274,"play_id":"2358722f-6250-4080-895c-896240d49ba7","local_time":"20210215132304","is_ascension_mode":true,"campfire_choices":[{"data":"Eruption","floor":6,"key":"SMITH"},{"data":"Blasphemy","floor":10,"key":"SMITH"},{"data":"Meditate","floor":15,"key":"SMITH"}],"circlet_count":0,"master_deck":["AscendersBane","Strike_P","Strike_P+1","Strike_P+1","Strike_P","Defend_P","Defend_P","Defend_P","Eruption+1","Vigilance","CutThroughFate","Meditate+1","Blasphemy+1","Brilliance","FlurryOfBlows"],"relics":["PureWater","Whetstone","Matryoshka","Mercury Hourglass","MealTicket"],"acts_visited":["Exordium"],"potions_floor_usage":[12,12],"damage_taken":[{"damage":6.0,"enemies":"2 Louse","floor":1.0,"turns":2.0},{"damage":2.0,"enemies":"Small Slimes","floor":2.0,"turns":4.0},{"damage":7.0,"enemies":"Jaw Worm","floor":3.0,"turns":3.0},{"damage":6,"enemies":"Blue Slaver","floor":4,"turns":5},{"damage":8,"enemies":"3 Louse","floor":7,"turns":5},{"damage":2,"enemies":"Looter","floor":8,"turns":5},{"damage":0,"enemies":"Gremlin Nob","floor":12,"turns":2},{"damage":12,"enemies":"3 Sentries","floor":14,"turns":3},{"damage":30,"enemies":"Slime Boss","floor":16,"turns":3}],"seed_played":"-1287759321458280878","potions_obtained":[{"floor":1.0,"key":"Strength Potion"},{"floor":7,"key":"AttackPotion"},{"floor":12,"key":"Block Potion"}],"is_trial":false,"path_per_floor":["M","M","M","M","?","R","M","M","T","R","?","E","$","E","R","B"],"character_chosen":"WATCHER","items_purchased":[],"campfire_rested":0,"item_purchase_floors":[],"current_hp_per_floor":[61,59,52,46,46,46,38,36,36,36,36,36,36,24,24,0,0],"gold":232,"neow_bonus":"TEN_PERCENT_HP_BONUS","is_daily":false,"chose_seed":false,"campfire_upgraded":3,"win_rate":0.0,"timestamp":1613362984,"path_taken":["M","M","M","M","?","R","M","M","T","R","?","E","$","E","R","BOSS"],"items_purchased_type":[],"build_version":"2020-12-22","purchased_purges":1,"victory":false,"max_hp_per_floor":[74,74,74,74,74,74,74,74,74,74,74,74,74,74,74,74,74],"card_choices":[{"not_picked":["Collect","Crescendo","ThirdEye"],"picked":"SKIP","floor":1.0},{"not_picked":["JustLucky","CrushJoints","FlyingSleeves"],"picked":"SKIP","floor":2.0},{"not_picked":["Nirvana","CrushJoints","ThirdEye"],"picked":"SKIP","floor":3.0},{"not_picked":["EmptyBody","EmptyFist"],"picked":"CutThroughFate","floor":4},{"not_picked":["FlyingSleeves","Adaptation"],"picked":"Meditate","floor":7},{"not_picked":["SashWhip","Halt"],"picked":"Blasphemy","floor":8},{"not_picked":["SandsOfTime","PathToVictory"],"picked":"Brilliance","floor":12},{"not_picked":["Study","EmptyBody"],"picked":"FlurryOfBlows","floor":14}],"player_experience":1241946,"relics_obtained":[{"floor":9,"key":"Whetstone"},{"floor":12,"key":"Mercury Hourglass"},{"floor":14,"key":"MealTicket"}],"event_choices":[{"damage_healed":0,"gold_gain":0,"player_choice":"Ignored","damage_taken":0,"max_hp_gain":0,"max_hp_loss":0,"event_name":"Shining Light","floor":5,"gold_loss":0},{"damage_healed":0,"gold_gain":0,"player_choice":"Searched \u00271\u0027 times","damage_taken":0,"relics_obtained":["Matryoshka"],"max_hp_gain":0,"max_hp_loss":0,"event_name":"Dead Adventurer","floor":11,"gold_loss":0}],"is_beta":false,"boss_relics":[],"items_purged_floors":[13],"is_endless":false,"potions_floor_spawned":[1,7,12],"killed_by":"Slime Boss","ascension_level":20}}