{"host":"bakf0s4odzu8z5xt","time":1613369652,"event":{"mods":["2.2 Compatiblity","BaseMod","Downfall","Friendly Minions","Minty Spire (QoL Compilation)","StSLib"],"gold_per_floor":[99,113,130,143,443,543,543,8,26,41,41,67,67,87,101,203,253,253,263,277,162,247,260,331,431,496,296,426,456,470,520,538,634,634,534,545,557,571,149,168,168,100,165,182,182,211,211,221,233,233,233,265,15,15,15,15],"floor_reached":57,"language":"ENG","playtime":4776,"items_purged":["downfall:Icky","downfall:Icky","Regret"],"score":1481,"play_id":"41f4eb8b-6918-4769-ad99-c2275f65d769","local_time":"20210215001412","is_ascension_mode":true,"campfire_choices":[{"data":"champ:Taunt","floor":1,"key":"SMITH"},{"data":"champ:Duel","floor":11,"key":"SMITH"},{"data":"champ:Endure","floor":13,"key":"SMITH"},{"floor":18,"key":"RECALL"},{"data":"champ:FaceSlap","floor":27,"key":"SMITH"},{"data":"champ:GladiatorForm","floor":35,"key":"SMITH"},{"floor":45,"key":"REST"},{"floor":47,"key":"REST"},{"data":"champ:BerserkerStyle","floor":54,"key":"SMITH"}],"circlet_count":0,"master_deck":["champ:Strike+1","champ:Defend","champ:Defend","champ:Defend","champ:Defend","champ:Execute","champ:Taunt+1","champ:FaceSlap","champ:PreciseThrust","champ:FaceSlap","champ:FaceSlap+1","champ:Endure+1","champ:Duel+1","champ:Encircle","champ:Haymaker","champ:HoldFirm","champ:TripleStrike","champ:ShieldSlam+1","champ:BerserkerStyle+1","champ:BerserkersShout+1","champ:GladiatorForm+1","champ:TripleStrike","champ:RapidStrikes+1","champ:ViciousMockery","champ:AdrenalArmor+1","champ:RageSigil","champ:MurderStrike","champ:ArenaPreparation"],"relics":["champ:ChampionCrown","WristBlade","White Beast Statue","Pen Nib","Thread and Needle","Singing Bowl","Tiny House","downfall:CloakOfManyFaces","CultistMask","FaceOfCleric","NlothsMask","GremlinMask","SsserpentHead","downfall:HeartBlessingRed","downfall:HeartBlessingBlue","Matryoshka","sneckomod:SneckoTalon","downfall:HeartBlessingGreen","Boot","Bag of Marbles","Frozen Egg 2","Bottled Tornado","Nunchaku","War Paint","Sundial","Kunai"],"acts_visited":["Exordium","TheCity","TheBeyond","TheEnding"],"potions_floor_usage":[3,6,6,12,14,14,16,20,20,23,23,25,26,29,29,32,33,33,36,38,39,40,40,40,43,43,44,46,49,50,56,56],"damage_taken":[{"damage":10,"enemies":"2 Louse","floor":2,"turns":3},{"damage":14,"enemies":"Jaw Worm","floor":3,"turns":3},{"damage":5,"enemies":"Cultist","floor":4,"turns":3},{"damage":40,"enemies":"Cultist","floor":6,"turns":4},{"damage":20,"enemies":"downfall:FleeingMerchant","floor":8,"turns":4},{"damage":0,"enemies":"Exordium Wildlife","floor":9,"turns":3},{"damage":0,"enemies":"downfall:LooterAlt","floor":10,"turns":2},{"damage":15,"enemies":"3 Sentries","floor":12,"turns":4},{"damage":5,"enemies":"Lots of Slimes","floor":14,"turns":3},{"damage":21,"enemies":"2 Fungi Beasts","floor":15,"turns":3},{"damage":34,"enemies":"DF_ARCHETYPE_STREAMLINE","floor":16,"turns":6},{"damage":25,"enemies":"Spheric Guardian","floor":19,"turns":3},{"damage":10,"enemies":"3 Byrds","floor":20,"turns":4},{"damage":21,"enemies":"downfall:FleeingMerchant","floor":21,"turns":4},{"damage":20,"enemies":"Cultist and Chosen","floor":23,"turns":5},{"damage":40,"enemies":"downfall:FaceTrader","floor":25,"turns":5},{"damage":14,"enemies":"Snecko","floor":26,"turns":4},{"damage":21,"enemies":"Book of Stabbing","floor":29,"turns":5},{"damage":20,"enemies":"Snake Plant","floor":30,"turns":3},{"damage":16,"enemies":"Shelled Parasite and Fungi","floor":32,"turns":3},{"damage":69,"enemies":"IC_MUSHROOM_ARCHETYPE","floor":33,"turns":5},{"damage":112,"enemies":"3 Darklings","floor":36,"turns":5},{"damage":68,"enemies":"3 Shapes","floor":37,"turns":7},{"damage":67,"enemies":"Sphere and 2 Shapes","floor":38,"turns":4},{"damage":36,"enemies":"downfall:FleeingMerchant","floor":39,"turns":4},{"damage":77,"enemies":"Maw","floor":40,"turns":7},{"damage":10,"enemies":"downfall:FleeingMerchant","floor":42,"turns":3},{"damage":55,"enemies":"Writhing Mass","floor":43,"turns":5},{"damage":66,"enemies":"4 Shapes","floor":44,"turns":6},{"damage":93,"enemies":"Reptomancer","floor":46,"turns":6},{"damage":77,"enemies":"Transient","floor":48,"turns":5},{"damage":69,"enemies":"Writhing Mass","floor":49,"turns":3},{"damage":90,"enemies":"WA_ARCHETYPE_DIVINITY","floor":50,"turns":7},{"damage":99,"enemies":"downfall:CharBossMerchant","floor":52,"turns":5},{"damage":232,"enemies":"downfall:NeowBoss","floor":55,"turns":12},{"damage":158,"enemies":"downfall:NeowBossFinal","floor":56,"turns":8}],"seed_played":"1869229012713719015","potions_obtained":[{"floor":0,"key":"Weak Potion"},{"floor":0,"key":"Explosive Potion"},{"floor":0,"key":"sneckomod:MuddlingPotion"},{"floor":8,"key":"CultistPotion"},{"floor":9,"key":"Energy Potion"},{"floor":10,"key":"PowerPotion"},{"floor":12,"key":"LiquidMemories"},{"floor":14,"key":"champ:TechniquePotion"},{"floor":15,"key":"EssenceOfSteel"},{"floor":16,"key":"Strength Potion"},{"floor":17,"key":"LiquidMemories"},{"floor":19,"key":"FearPotion"},{"floor":20,"key":"Ancient Potion"},{"floor":21,"key":"ColorlessPotion"},{"floor":23,"key":"Strength Potion"},{"floor":25,"key":"Ancient Potion"},{"floor":26,"key":"Dexterity Potion"},{"floor":29,"key":"DuplicationPotion"},{"floor":30,"key":"Explosive Potion"},{"floor":32,"key":"SkillPotion"},{"floor":33,"key":"sneckomod:MuddlingPotion"},{"floor":36,"key":"SpeedPotion"},{"floor":37,"key":"Ancient Potion"},{"floor":38,"key":"PowerPotion"},{"floor":39,"key":"SpeedPotion"},{"floor":40,"key":"AttackPotion"},{"floor":42,"key":"Energy Potion"},{"floor":43,"key":"Energy Potion"},{"floor":44,"key":"Dexterity Potion"},{"floor":46,"key":"PowerPotion"},{"floor":48,"key":"DistilledChaos"},{"floor":49,"key":"champ:CounterPotion"},{"floor":52,"key":"Strength Potion"}],"is_trial":false,"path_per_floor":["R","M","M","M","?","?","T","$","M","M","R","E","R","M","M","B",null,"R","M","M","$","?","M","T","?","M","R","T","E","M","?","M","B",null,"R","M","M","M","$","M","T","$","M","M","R","E","R","M","M","B",null,"E","$","R","B","B",null],"character_chosen":"THE_CHAMP","items_purchased":["Pen Nib","Thread and Needle","champ:RageSigil","Boot","FearPotion","Bottled Tornado","Nunchaku","Kunai"],"campfire_rested":2,"item_purchase_floors":[8,8,39,39,39,42,42,53],"current_hp_per_floor":[90,90,86,86,86,56,56,46,46,46,46,46,46,46,35,26,97,97,97,97,99,81,83,83,79,82,92,92,89,85,85,80,52,122,122,109,100,76,66,50,50,51,29,32,73,37,79,82,51,44,148,149,149,149,101,54],"gold":15,"neow_bonus":"THREE_SMALL_POTIONS","is_daily":false,"chose_seed":false,"campfire_upgraded":6,"win_rate":0.0,"timestamp":1613369652,"path_taken":["R","M","M","M","?","?","T","$","M","M","R","E","R","M","M","BOSS","R","M","M","$","?","M","T","?","?","R","?","E","M","?","M","BOSS","R","M","M","M","$","M","T","$","?","M","R","E","R","M","M","BOSS","E","$","R","BOSS","BOSS"],"items_purchased_type":["Relic","Relic","Card","Relic","Potion","Relic","Relic","Relic"],"build_version":"2020-12-22","purchased_purges":3,"victory":true,"max_hp_per_floor":[90,90,90,90,90,90,90,90,90,90,90,90,90,90,90,90,97,97,97,97,99,99,101,101,103,106,116,116,119,120,120,121,122,122,122,125,126,127,128,131,131,132,135,138,138,141,141,144,147,148,148,149,149,149,150,151],"card_choices":[{"not_picked":["champ:Haymaker","champ:Lariat"],"picked":"champ:FaceSlap","floor":2},{"not_picked":["champ:Lariat","champ:IronFortress"],"picked":"champ:PreciseThrust","floor":3},{"not_picked":["champ:FalseCounter","champ:PerfectedStrike","champ:Backstep"],"picked":"SKIP","floor":4},{"not_picked":["champ:BringItOn","champ:PreemptiveStrike"],"picked":"champ:FaceSlap","floor":6},{"not_picked":["champ:EndlessRage","champ:FalseCounter"],"picked":"champ:FaceSlap","floor":8},{"not_picked":["champ:Backstep","champ:Shatter"],"picked":"champ:Endure","floor":9},{"not_picked":["champ:StanceDance","champ:EnGarde"],"picked":"champ:Duel","floor":10},{"not_picked":["champ:SetATrap","champ:RapidStrikes"],"picked":"champ:Encircle","floor":12},{"not_picked":["champ:GladiatorStyle","champ:CrownThrow"],"picked":"champ:Haymaker","floor":14},{"not_picked":["champ:GutPunch","champ:StanceDance"],"picked":"champ:HoldFirm","floor":15},{"not_picked":["champ:StrikeOfGenius","champ:HoldFirm"],"picked":"champ:TripleStrike","floor":16},{"not_picked":["champ:DeathBlow","champ:FanOfKnives","champ:BladeFlurry"],"picked":"Singing Bowl","floor":17},{"not_picked":["champ:FancyFootwork","champ:ShieldSigil"],"picked":"champ:ShieldSlam+1","floor":19},{"not_picked":["champ:CrownThrow","champ:Haymaker"],"picked":"champ:BerserkerStyle","floor":20},{"not_picked":["champ:SetATrap","champ:DeathBlow","champ:Shatter"],"picked":"Singing Bowl","floor":21},{"not_picked":["champ:CrookedStrike+1","champ:Shatter+1","champ:RecklessLeap"],"picked":"Singing Bowl","floor":23},{"not_picked":["champ:ShieldSigil","champ:FocusedBerserking","champ:GutPunch"],"picked":"Singing Bowl","floor":25},{"not_picked":["champ:DefensiveStyle","champ:EnGarde","champ:CrownThrow"],"picked":"Singing Bowl","floor":26},{"not_picked":["champ:RisingSlash+1","champ:BringItOn+1","champ:CrookedStrike+1"],"picked":"Singing Bowl","floor":29},{"not_picked":["champ:ShieldSigil","champ:EnGarde"],"picked":"champ:BerserkersShout","floor":30},{"not_picked":["champ:FlashCut","champ:Duel"],"picked":"champ:GladiatorForm","floor":32},{"not_picked":["champ:VampiricStrike","champ:DancingMaster"],"picked":"champ:TripleStrike","floor":33},{"not_picked":["champ:FocusedDefense","champ:CrookedStrike+1","champ:StanceDance+1"],"picked":"Singing Bowl","floor":36},{"not_picked":["champ:RageSigil","champ:ShieldSlam"],"picked":"champ:RapidStrikes+1","floor":37},{"not_picked":["champ:Backstep","champ:FalseCounter+1"],"picked":"champ:ViciousMockery","floor":38},{"not_picked":["champ:CrownThrow+1","champ:SwordSigil"],"picked":"champ:AdrenalArmor","floor":39},{"not_picked":["champ:Backstep","champ:ShieldSigil","champ:HeartStrike+1"],"picked":"Singing Bowl","floor":40},{"not_picked":["champ:DeathBlow+1","champ:Circumvent+1"],"picked":"champ:MurderStrike","floor":42},{"not_picked":["champ:EnGarde+1","champ:Haymaker","champ:GutPunch"],"picked":"Singing Bowl","floor":43},{"not_picked":["champ:FanOfKnives","champ:StanceDance+1","champ:CrownThrow"],"picked":"Singing Bowl","floor":44},{"not_picked":["champ:EnchantSword","champ:StrikeOfGenius+1","champ:StanceDance+1"],"picked":"Singing Bowl","floor":46},{"not_picked":["champ:Parry","champ:Backstep+1","champ:Shatter+1"],"picked":"Singing Bowl","floor":48},{"not_picked":["champ:DefensiveShout","champ:FanOfKnives+1","champ:Haymaker"],"picked":"Singing Bowl","floor":49},{"not_picked":["champ:FanOfKnives+1","champ:Shatter+1"],"picked":"champ:ArenaPreparation","floor":52}],"player_experience":2203991,"relics_obtained":[{"floor":6,"key":"WristBlade"},{"floor":7,"key":"White Beast Statue"},{"floor":12,"key":"Singing Bowl"},{"floor":25,"key":"downfall:CloakOfManyFaces"},{"floor":29,"key":"Matryoshka"},{"floor":41,"key":"Bag of Marbles"},{"floor":41,"key":"Frozen Egg 2"},{"floor":46,"key":"War Paint"},{"floor":52,"key":"Sundial"}],"event_choices":[],"is_beta":false,"boss_relics":[{"not_picked":["Velvet Choker","bronze:MakeshiftBattery"],"picked":"Tiny House"},{"not_picked":["Black Star","expansioncontent:StudyCardRelic"],"picked":"sneckomod:SneckoTalon"}],"items_purged_floors":[8,21,39],"is_endless":false,"potions_floor_spawned":[8,9,10,12,14,15,16,19,20,21,23,25,26,29,30,32,33,36,37,38,39,40,42,43,44,46,48,49,52],"ascension_level":3}}