{"host":"2d926qfvvz477zl6","time":1613357064,"event":{"mods":["Aspiration","BaseMod","Bossed Relics","Challenge The Spire","Conspire","Downfall","Energized Spire","GifTheSpireLib","GungeonMod","Halation","Hermit","Hubris","Infinite Spire","Marked Mod","Minty Spire (QoL Compilation)","Morshu Shopkeeper","Rare Cards Sparkle","Reliquary","Replay The Spire","Retaliation","Shedinja","Somnambulant","Spicy Shops","StSLib","Stuff the Spire","Td1madao Mod","The Blue Laboratory","The Bug Knight","The Disciple","The Hierophant","The IronCluck","The Senshi","Wandering Minibosses","Wide Potions","everything is the same but u backflip on backflip","slay the spire mod where everything is the same but ironclad has a cowboy hat"],"gold_per_floor":[117,131,87,87,106,106,122,122,203,52,68,88,88,103,103,103,103],"floor_reached":16,"language":"ENG","playtime":501,"items_purged":["Strike_G"],"score":161,"play_id":"3a9d0fff-315d-4403-acac-329a8be78dbb","local_time":"20210214214424","is_ascension_mode":true,"campfire_choices":[{"data":"Sadistic Nature","floor":6,"key":"SMITH"},{"data":"Neutralize","floor":8,"key":"SMITH"},{"data":"Bullet Time","floor":15,"key":"SMITH"}],"circlet_count":0,"master_deck":["AscendersBane","Strike_G","Strike_G","Strike_G","Strike_G","Defend_G","Defend_G","Defend_G","Defend_G","Defend_G","Survivor","Neutralize+1","Sadistic Nature+1","Dagger Throw","PiercingWail","Violence","Slice","Poisoned Stab","Deflect","Backflip","Deadly Poison","Bane","Bullet Time+1"],"relics":["Shedinja:WonderGuard","infinitespire:Cubic Diamond","reliquary:Firecrackers","hubris:Icosahedron","DemoMod:GlassGuonStoneRelic"],"acts_visited":["Exordium"],"potions_floor_usage":[16,16],"damage_taken":[{"damage":0,"enemies":"2 Louse","floor":1,"turns":2},{"damage":0,"enemies":"conspire:RoseBush","floor":5,"turns":3},{"damage":19,"enemies":"Jaw Worm","floor":7,"turns":4},{"damage":0,"enemies":"Exordium Wildlife","floor":11,"turns":5},{"damage":0,"enemies":"Red Slaver","floor":12,"turns":4},{"damage":0,"enemies":"3 Louse","floor":14,"turns":4},{"damage":17,"enemies":"Slime Boss","floor":16,"turns":7}],"seed_played":"-8664873882876196416","potions_obtained":[{"floor":2,"key":"SneckoOil"},{"floor":2,"key":"LiquidMemories"},{"floor":11,"key":"AttackPotion"},{"floor":14,"key":"blueLaboratory:RememoryPotion"}],"is_trial":false,"path_per_floor":["M","?","$","?","M","R","M","R","T","$","M","M","?","M","R","B"],"character_chosen":"THE_SILENT","items_purchased":["Violence","Slice","Backflip"],"campfire_rested":0,"item_purchase_floors":[3,3,10],"current_hp_per_floor":[59,35,35,35,35,35,16,16,16,16,16,16,16,16,16,0,0],"gold":103,"neow_bonus":"RANDOM_COLORLESS_2","is_daily":false,"chose_seed":false,"campfire_upgraded":3,"win_rate":0.0,"timestamp":1613357064,"path_taken":["M","?","$","?","M","R","M","R","T","?","?","M","?","M","R","BOSS"],"items_purchased_type":["Card","Card","Card"],"build_version":"2020-12-22","purchased_purges":1,"victory":false,"max_hp_per_floor":[60,60,60,60,1,1,1,1,1,1,1,1,1,1,1,1,1],"card_choices":[{"not_picked":["The Bomb","Chrysalis"],"picked":"Sadistic Nature","floor":0},{"not_picked":["hubris:Sniper","Cloak And Dagger"],"picked":"Dagger Throw","floor":1},{"not_picked":["Underhanded Strike","ReplayTheSpireMod:Exploit Weakness"],"picked":"PiercingWail","floor":2},{"not_picked":["Outmaneuver","hubris:Counter"],"picked":"Poisoned Stab","floor":5},{"not_picked":["Cloak And Dagger","Distraction"],"picked":"Deflect","floor":7},{"not_picked":["Cloak And Dagger","ReplayTheSpireMod:Tripwire"],"picked":"Deadly Poison","floor":11},{"not_picked":["Dagger Throw","Accuracy"],"picked":"Bane","floor":12},{"not_picked":["StuffTheSpire:Python","Slice"],"picked":"Bullet Time","floor":14}],"player_experience":428254,"relics_obtained":[{"floor":9,"key":"reliquary:Firecrackers"}],"event_choices":[],"is_beta":false,"boss_relics":[],"items_purged_floors":[10],"is_endless":false,"potions_floor_spawned":[11,14],"killed_by":"Slime Boss","ascension_level":15}}