{"host":"1focbxb2e8qu7ccd","time":1613367217,"event":{"mods":["AchievementEnabler","BaseMod","Bestiary","Highlight Path","Minty Spire (QoL Compilation)","Relic Stats"],"gold_per_floor":[116,131,111,30,43,43,76,76,76,76,76,96,124,144,144,222,222,237,253,178,198,198,198,198,218,218,218,228,228,128,128,128,128,128],"floor_reached":33,"language":"ENG","playtime":1989,"items_purged":["Strike_G","Strike_G"],"score":506,"play_id":"29ffef9d-cb81-4fbb-b411-8a85bc5295aa","local_time":"20210215003337","is_ascension_mode":true,"campfire_choices":[{"data":"Dagger Throw","floor":6.0,"key":"SMITH"},{"data":"Calculated Gamble","floor":8,"key":"SMITH"},{"data":"Finisher","floor":11,"key":"SMITH"},{"data":"Survivor","floor":15,"key":"SMITH"},{"floor":23,"key":"REST"},{"floor":27,"key":"REST"},{"data":"Calculated Gamble","floor":29,"key":"SMITH"},{"floor":32,"key":"REST"}],"circlet_count":0,"master_deck":["AscendersBane","Strike_G","Strike_G","Defend_G","Defend_G","Defend_G","Defend_G","Defend_G","Survivor+1","Neutralize","Finisher+1","Dagger Throw+1","Infinite Blades","Backstab","Calculated Gamble+1","PiercingWail","Tools of the Trade","Slice","Adrenaline","Flying Knee","Calculated Gamble+1","Slice","Glass Knife","Prepared"],"relics":["Ring of the Serpent","Turnip","Bottled Tornado","PreservedInsect","Odd Mushroom","Juzu Bracelet","Orichalcum","Question Card"],"acts_visited":["Exordium","TheCity"],"potions_floor_usage":[7,12,16,28,33],"damage_taken":[{"damage":2.0,"enemies":"Small Slimes","floor":1.0,"turns":4.0},{"damage":1.0,"enemies":"Cultist","floor":2.0,"turns":3.0},{"damage":4.0,"enemies":"2 Louse","floor":5.0,"turns":4.0},{"damage":6,"enemies":"Gremlin Nob","floor":7,"turns":3},{"damage":4,"enemies":"The Mushroom Lair","floor":12,"turns":3},{"damage":5,"enemies":"3 Sentries","floor":13,"turns":5},{"damage":3,"enemies":"Blue Slaver","floor":14,"turns":3},{"damage":4,"enemies":"The Guardian","floor":16,"turns":12},{"damage":20,"enemies":"Shell Parasite","floor":18,"turns":5},{"damage":11,"enemies":"3 Byrds","floor":19,"turns":5},{"damage":18,"enemies":"Cultist and Chosen","floor":21,"turns":5},{"damage":36,"enemies":"Snecko","floor":25,"turns":7},{"damage":13,"enemies":"Sentry and Sphere","floor":28,"turns":4},{"damage":35,"enemies":"Automaton","floor":33,"turns":4}],"seed_played":"-7686572722260819722","potions_obtained":[{"floor":2.0,"key":"Strength Potion"},{"floor":3.0,"key":"ColorlessPotion"},{"floor":13,"key":"FairyPotion"},{"floor":14,"key":"PowerPotion"},{"floor":19,"key":"Energy Potion"},{"floor":28,"key":"PowerPotion"}],"is_trial":false,"path_per_floor":["M","M","?","$","M","R","E","R","T","?","R","?","E","M","R","B",null,"M","M","$","M","?","R","T","M","T","R","M","R","$","?","R","B"],"character_chosen":"THE_SILENT","items_purchased":["Infinite Blades"],"campfire_rested":3,"item_purchase_floors":[4],"current_hp_per_floor":[42,41,41,41,37,37,31,31,31,24,24,20,15,12,12,8,52,32,21,21,3,3,22,22,8,8,27,14,14,14,14,33,0,0],"gold":128,"neow_bonus":"ONE_RARE_RELIC","is_daily":false,"chose_seed":false,"campfire_upgraded":5,"win_rate":0.0,"timestamp":1613367217,"path_taken":["M","M","?","$","?","R","E","R","T","?","R","?","E","M","R","BOSS","M","M","$","M","?","R","?","M","T","R","M","R","$","?","R","BOSS"],"items_purchased_type":["Card"],"build_version":"2020-12-22","purchased_purges":2,"victory":false,"max_hp_per_floor":[66,66,66,66,66,66,66,66,66,66,66,66,66,66,66,66,66,66,66,66,66,66,66,66,66,66,66,66,66,66,66,66,66,66],"relic_stats":{"counters":[14,67],"Turnip":[8],"PreservedInsect":33,"Juzu Bracelet":0,"Orichalcum":[30],"Question Card":1,"obtain_stats":[{"Turnip":0,"PreservedInsect":9,"Juzu Bracelet":13,"Bottled Tornado":7,"Odd Mushroom":12,"Orichalcum":24,"Question Card":26,"Ring of the Serpent":17,"Ring of the Snake":0},{"Turnip":0,"PreservedInsect":4,"Juzu Bracelet":6,"Bottled Tornado":4,"Odd Mushroom":5,"Orichalcum":11,"Question Card":12,"Ring of the Serpent":8,"Ring of the Snake":0},{"Turnip":0,"PreservedInsect":14,"Juzu Bracelet":22,"Bottled Tornado":14,"Odd Mushroom":17,"Orichalcum":52,"Question Card":59,"Ring of the Serpent":37,"Ring of the Snake":0}]},"card_choices":[{"not_picked":["Slice","Backflip"],"picked":"Finisher","floor":1.0},{"not_picked":["Bane","PiercingWail"],"picked":"Dagger Throw","floor":2.0},{"not_picked":["Acrobatics","Backflip"],"picked":"Backstab","floor":5.0},{"not_picked":["Caltrops","Riddle With Holes"],"picked":"Calculated Gamble","floor":7},{"not_picked":["Prepared","Predator"],"picked":"PiercingWail","floor":12},{"not_picked":["Bane","Flying Knee"],"picked":"Tools of the Trade","floor":13},{"not_picked":["Eviscerate","Choke"],"picked":"Slice","floor":14},{"not_picked":["Glass Knife","Malaise"],"picked":"Adrenaline","floor":16},{"not_picked":["Endless Agony","Well Laid Plans"],"picked":"Flying Knee","floor":18},{"not_picked":["Dagger Throw","Flying Knee"],"picked":"Calculated Gamble","floor":19},{"not_picked":["Bane","PiercingWail"],"picked":"Slice","floor":21},{"not_picked":["Masterful Stab","Dodge and Roll"],"picked":"Glass Knife","floor":25},{"not_picked":["Predator","Bane","Accuracy"],"picked":"Prepared","floor":28}],"player_experience":966766,"relics_obtained":[{"floor":7,"key":"Bottled Tornado"},{"floor":9,"key":"PreservedInsect"},{"floor":12,"key":"Odd Mushroom"},{"floor":13,"key":"Juzu Bracelet"},{"floor":24,"key":"Orichalcum"},{"floor":26,"key":"Question Card"}],"event_choices":[{"damage_healed":0.0,"max_hp_gain":0.0,"max_hp_loss":0.0,"gold_gain":0.0,"event_name":"The Woman in Blue","player_choice":"Bought 1 Potion","floor":3.0,"gold_loss":0.0,"damage_taken":0.0},{"cards_removed":["Strike_G"],"damage_healed":0,"gold_gain":0,"player_choice":"Card Removal","damage_taken":7,"max_hp_gain":0,"max_hp_loss":0,"event_name":"Golden Wing","floor":10,"gold_loss":0},{"damage_healed":0,"gold_gain":0,"player_choice":"Fought Mushrooms","damage_taken":0,"max_hp_gain":0,"max_hp_loss":0,"event_name":"Mushrooms","floor":12,"gold_loss":0},{"damage_healed":0,"gold_gain":0,"player_choice":"Ignored","damage_taken":0,"max_hp_gain":0,"max_hp_loss":0,"event_name":"Cursed Tome","floor":22,"gold_loss":0},{"damage_healed":0,"gold_gain":0,"player_choice":"Ignored","damage_taken":0,"max_hp_gain":0,"max_hp_loss":0,"event_name":"Vampires","floor":31,"gold_loss":0}],"is_beta":false,"boss_relics":[{"not_picked":["Empty Cage","Calling Bell"],"picked":"Ring of the Serpent"}],"items_purged_floors":[20,30],"is_endless":false,"potions_floor_spawned":[2,13,14,19,28],"killed_by":"Automaton","ascension_level":20}}