{"host":"v86vpwf004p2esb7","time":1613383578,"event":{"mods":["AchievementEnabler","BaseMod","BetterRewards","Colored Powertips","Minty Spire (QoL Compilation)","Quick Restart","StSLib","Transform Curses"],"gold_per_floor":[109,109,109,121,133,6,39,59,59,113,125,152,167,179,179,284,284,299,259,274,292,292,325,359,373,373,38,38,51,69,84,84,186,186,206,218,218,268,284,284,284],"floor_reached":40,"language":"ENG","playtime":2959,"items_purged":[],"score":684,"play_id":"6acbbbd4-e26f-4a70-a684-84dbc6913cb7","local_time":"20210215020618","is_ascension_mode":true,"campfire_choices":[{"floor":15,"key":"REST"},{"floor":28,"key":"REST"},{"floor":32,"key":"REST"}],"circlet_count":0,"master_deck":["Strike_P","Strike_P","Strike_P","Strike_P+1","Defend_P","Defend_P","Defend_P+1","Defend_P+1","Eruption","Vigilance","FlurryOfBlows","Halt+1","MentalFortress","Consecrate","TalkToTheHand","ReachHeaven","Pray+1","Halt","Finesse","Prostrate","Prostrate","CarveReality","LessonLearned","Collect+1","Meditate+1","Alpha+1","Indignation+1","Protect+1","Collect+1","FlurryOfBlows","ForeignInfluence+1","LikeWater","LikeWater","EmptyMind+1","Weave","FollowUp","Omniscience+1","ClearTheMind+1","DeceiveReality+1","Madness+1","Madness+1","MentalFortress+1","WreathOfFlame+1"],"relics":["PureWater","Thread and Needle","Bird Faced Urn","Lantern","InkBottle","Nunchaku","Boot","Toxic Egg 2","Fusion Hammer","Juzu Bracelet","Tiny Chest","Red Mask","Kunai","HandDrill","Bag of Marbles","SlaversCollar","Gambling Chip"],"acts_visited":["Exordium","TheCity","TheBeyond"],"potions_floor_usage":[12,12,31],"damage_taken":[{"damage":5,"enemies":"2 Louse","floor":1,"turns":3},{"damage":5,"enemies":"Jaw Worm","floor":4,"turns":4},{"damage":0,"enemies":"Cultist","floor":5,"turns":3},{"damage":14,"enemies":"Lagavulin","floor":7,"turns":3},{"damage":10,"enemies":"Large Slime","floor":8,"turns":7},{"damage":11,"enemies":"Red Slaver","floor":11,"turns":5},{"damage":2,"enemies":"Gremlin Nob","floor":12,"turns":3},{"damage":5,"enemies":"Blue Slaver","floor":13,"turns":4},{"damage":9,"enemies":"3 Louse","floor":14,"turns":4},{"damage":11,"enemies":"Slime Boss","floor":16,"turns":8},{"damage":12,"enemies":"3 Byrds","floor":18,"turns":5},{"damage":7,"enemies":"Spheric Guardian","floor":20,"turns":5},{"damage":28,"enemies":"Snecko","floor":21,"turns":8},{"damage":0,"enemies":"Gremlin Leader","floor":23,"turns":6},{"damage":0,"enemies":"Masked Bandits","floor":24,"turns":2},{"damage":20,"enemies":"Sentry and Sphere","floor":25,"turns":5},{"damage":19,"enemies":"Centurion and Healer","floor":29,"turns":4},{"damage":11,"enemies":"Snake Plant","floor":30,"turns":4},{"damage":10,"enemies":"3 Cultists","floor":31,"turns":5},{"damage":26,"enemies":"Collector","floor":33,"turns":10},{"damage":9,"enemies":"3 Shapes","floor":35,"turns":4},{"damage":12,"enemies":"3 Darklings","floor":36,"turns":4},{"damage":10,"enemies":"Mind Bloom Boss Battle","floor":38,"turns":5},{"damage":12,"enemies":"Maw","floor":39,"turns":8},{"damage":70,"enemies":"Reptomancer","floor":40,"turns":2}],"seed_played":"7570736893434664177","potions_obtained":[{"floor":5,"key":"Regen Potion"},{"floor":8,"key":"Energy Potion"},{"floor":11,"key":"DistilledChaos"},{"floor":13,"key":"Strength Potion"},{"floor":20,"key":"SpeedPotion"},{"floor":21,"key":"BlessingOfTheForge"},{"floor":25,"key":"PowerPotion"},{"floor":30,"key":"SteroidPotion"},{"floor":33,"key":"LiquidMemories"}],"is_trial":false,"path_per_floor":["M","?","?","M","M","$","E","M","T","T","M","E","M","M","R","B",null,"M","?","M","M","?","E","?","M","T","$","R","M","M","M","R","B",null,"M","M","?","?","M","E"],"character_chosen":"WATCHER","items_purchased":["Thread and Needle","FlurryOfBlows","Halt","MentalFortress","Consecrate","Halt","Finesse","LikeWater","HandDrill","Bag of Marbles"],"campfire_rested":3,"item_purchase_floors":[0,0,0,0,0,6,6,27,27,27],"current_hp_per_floor":[37,37,37,34,36,36,22,14,14,14,5,14,11,4,25,16,72,62,62,57,31,31,35,35,19,19,19,40,23,14,8,29,11,72,65,59,50,48,48,0,0],"gold":284,"neow_bonus":"","is_daily":false,"chose_seed":false,"campfire_upgraded":0,"win_rate":0.0,"timestamp":1613383578,"path_taken":["M","?","?","M","M","$","E","M","T","?","M","E","M","M","R","BOSS","M","?","?","M","?","E","?","M","T","$","R","M","M","M","R","BOSS","M","M","?","?","M","E"],"items_purchased_type":["Relic","Card","Card","Card","Card","Card","Card","Card","Relic","Relic"],"build_version":"2020-12-22","purchased_purges":0,"victory":false,"max_hp_per_floor":[72,72,72,72,72,72,72,72,72,72,72,72,72,72,72,72,72,72,72,72,72,72,72,72,72,72,72,72,72,72,72,72,72,72,72,72,72,72,72,72,72],"card_choices":[{"not_picked":["PathToVictory","CutThroughFate"],"picked":"TalkToTheHand","floor":1},{"not_picked":["EmptyFist","Swivel"],"picked":"ReachHeaven","floor":4},{"not_picked":["ThirdEye","FollowUp"],"picked":"Pray","floor":5},{"not_picked":["Crescendo","Wireheading"],"picked":"Prostrate","floor":7},{"not_picked":["Pray","Protect"],"picked":"Prostrate","floor":8},{"not_picked":["CutThroughFate","Wish"],"picked":"CarveReality","floor":11},{"not_picked":["Nirvana","CrushJoints"],"picked":"LessonLearned","floor":12},{"not_picked":["Pray+1","WaveOfTheHand+1"],"picked":"Collect+1","floor":13},{"not_picked":["Study","MentalFortress"],"picked":"Meditate+1","floor":14},{"not_picked":["SpiritShield+1","Scrawl+1"],"picked":"Alpha+1","floor":16},{"not_picked":["EmptyBody+1","ClearTheMind+1"],"picked":"Indignation+1","floor":18},{"not_picked":["Crescendo+1","Fasting2"],"picked":"Protect+1","floor":20},{"not_picked":["JustLucky","Conclude"],"picked":"Collect+1","floor":21},{"not_picked":["Indignation+1","SashWhip"],"picked":"FlurryOfBlows","floor":23},{"not_picked":["FlyingSleeves","ThirdEye+1"],"picked":"ForeignInfluence+1","floor":24},{"not_picked":["Evaluate+1","Study"],"picked":"LikeWater","floor":25},{"not_picked":["FlyingSleeves","Halt+1"],"picked":"EmptyMind+1","floor":29},{"not_picked":["SashWhip","Crescendo+1"],"picked":"Weave","floor":30},{"not_picked":["SandsOfTime+1","Study+1"],"picked":"FollowUp","floor":31},{"not_picked":["DeusExMachina+1","Scrawl+1"],"picked":"Omniscience+1","floor":33},{"not_picked":["FlurryOfBlows+1","Halt+1"],"picked":"ClearTheMind+1","floor":35},{"not_picked":["SashWhip+1","Weave"],"picked":"DeceiveReality+1","floor":36},{"not_picked":["EmptyBody+1","Evaluate+1"],"picked":"MentalFortress+1","floor":38},{"not_picked":["Sanctity+1","Crescendo+1"],"picked":"WreathOfFlame+1","floor":39}],"player_experience":272862,"relics_obtained":[{"floor":7,"key":"InkBottle"},{"floor":9,"key":"Nunchaku"},{"floor":10,"key":"Boot"},{"floor":12,"key":"Toxic Egg 2"},{"floor":23,"key":"Tiny Chest"},{"floor":24,"key":"Red Mask"},{"floor":26,"key":"Kunai"},{"floor":38,"key":"Gambling Chip"}],"event_choices":[{"damage_healed":0,"gold_gain":0,"player_choice":"Box","damage_taken":0,"relics_obtained":["Lantern"],"max_hp_gain":0,"max_hp_loss":0,"event_name":"Big Fish","floor":2,"gold_loss":0,"cards_obtained":["Regret"]},{"cards_removed":["Regret"],"damage_healed":0,"gold_gain":0,"player_choice":"Forget","damage_taken":0,"max_hp_gain":0,"max_hp_loss":0,"event_name":"Living Wall","floor":3,"gold_loss":0},{"damage_healed":0,"gold_gain":0,"player_choice":"Upgraded Two","damage_taken":0,"max_hp_gain":0,"max_hp_loss":0,"event_name":"Designer","floor":19,"gold_loss":40,"cards_upgraded":["Defend_P","Defend_P"]},{"damage_healed":0,"gold_gain":0,"player_choice":"Gave Potion","damage_taken":0,"relics_obtained":["Juzu Bracelet"],"max_hp_gain":0,"max_hp_loss":0,"event_name":"WeMeetAgain","floor":22,"gold_loss":0},{"damage_healed":0,"gold_gain":0,"player_choice":"Fought Bandits","damage_taken":0,"max_hp_gain":0,"max_hp_loss":0,"event_name":"Masked Bandits","floor":24,"gold_loss":0},{"damage_healed":0,"gold_gain":0,"player_choice":"Embrace Madness","damage_taken":9,"max_hp_gain":0,"max_hp_loss":0,"event_name":"Winding Halls","floor":37,"gold_loss":0,"cards_obtained":["Madness","Madness"]},{"damage_healed":0,"gold_gain":0,"player_choice":"Fight","damage_taken":0,"max_hp_gain":0,"max_hp_loss":0,"event_name":"MindBloom","floor":38,"gold_loss":0}],"is_beta":false,"boss_relics":[{"not_picked":["Ectoplasm","Snecko Eye"],"picked":"Fusion Hammer"},{"not_picked":["Empty Cage","Pandora\u0027s Box"],"picked":"SlaversCollar"}],"items_purged_floors":[],"is_endless":false,"potions_floor_spawned":[5,8,11,13,20,21,25,30,33,35,36],"killed_by":"Reptomancer","ascension_level":2}}