{"host":"3pc4gc4j20egdn3b","time":1613411244,"event":{"mods":["AchievementEnabler","BaseMod","Colored Map","DeckTracker","Minty Spire (QoL Compilation)"],"gold_per_floor":[218,231,306,306,326,354,354,373,373,373,384,411,424,435,435,532,532,517,517,517],"floor_reached":19,"language":"KOR","playtime":1664,"items_purged":[],"score":181,"play_id":"4761a2c1-ce11-4ba2-808f-f0b4d2408cd3","local_time":"20210216024724","is_ascension_mode":false,"campfire_choices":[{"floor":7,"key":"REST"},{"floor":10,"key":"REST"},{"floor":15,"key":"REST"}],"circlet_count":0,"master_deck":["Strike_P","Strike_P","Strike_P","Strike_P","Defend_P","Defend_P","Defend_P","Defend_P","Eruption+1","Vigilance","WaveOfTheHand","EmptyFist","Judgement","Prostrate","Consecrate","MasterReality"],"relics":["PureWater","Anchor","Orichalcum","Eternal Feather","VioletLotus"],"acts_visited":["Exordium","TheCity"],"potions_floor_usage":[6,16,16,19],"damage_taken":[{"damage":0,"enemies":"Jaw Worm","floor":1,"turns":3},{"damage":0,"enemies":"2 Louse","floor":2,"turns":1},{"damage":1,"enemies":"Cultist","floor":5,"turns":4},{"damage":10,"enemies":"Lagavulin","floor":6,"turns":7},{"damage":14,"enemies":"Exordium Thugs","floor":8,"turns":5},{"damage":4,"enemies":"Exordium Wildlife","floor":11,"turns":3},{"damage":26,"enemies":"3 Sentries","floor":12,"turns":9},{"damage":0,"enemies":"Large Slime","floor":13,"turns":2},{"damage":1,"enemies":"Blue Slaver","floor":14,"turns":3},{"damage":62,"enemies":"The Guardian","floor":16,"turns":13},{"damage":26,"enemies":"2 Thieves","floor":18,"turns":4},{"damage":51,"enemies":"Shell Parasite","floor":19,"turns":12}],"seed_played":"-2087311653216563899","potions_obtained":[{"floor":2,"key":"EssenceOfSteel"},{"floor":6,"key":"SteroidPotion"},{"floor":12,"key":"BottledMiracle"},{"floor":16,"key":"SpeedPotion"}],"is_trial":false,"path_per_floor":["M","M","?","?","M","E","R","M","T","R","M","E","M","M","R","B",null,"M","M"],"character_chosen":"WATCHER","items_purchased":[],"campfire_rested":3,"item_purchase_floors":[],"current_hp_per_floor":[72,72,61,61,60,50,71,57,57,72,68,42,42,41,71,9,72,46,0,0],"gold":517,"neow_bonus":"HUNDRED_GOLD","is_daily":false,"chose_seed":false,"campfire_upgraded":0,"win_rate":0.0,"timestamp":1613411244,"path_taken":["M","M","?","?","M","E","R","M","T","R","M","E","M","M","R","BOSS","M","M"],"items_purchased_type":[],"build_version":"2020-12-22","purchased_purges":0,"victory":false,"max_hp_per_floor":[72,72,72,72,72,72,72,72,72,72,72,72,72,72,72,72,72,72,72,72],"card_choices":[{"not_picked":["SashWhip","Consecrate","Crescendo"],"picked":"SKIP","floor":1},{"not_picked":["BowlingBash","EmptyFist"],"picked":"WaveOfTheHand","floor":2},{"not_picked":["SashWhip","Wireheading"],"picked":"EmptyFist","floor":5},{"not_picked":["SandsOfTime","Swivel","FollowUp"],"picked":"SKIP","floor":6},{"not_picked":["ClearTheMind","Crescendo"],"picked":"Judgement","floor":8},{"not_picked":["ThirdEye","JustLucky"],"picked":"Prostrate","floor":11},{"not_picked":["ClearTheMind","BowlingBash"],"picked":"Consecrate","floor":12},{"not_picked":["Conclude","Study","SashWhip"],"picked":"SKIP","floor":13},{"not_picked":["BattleHymn","Protect","Evaluate"],"picked":"SKIP","floor":14},{"not_picked":["Alpha","Establishment"],"picked":"MasterReality","floor":16},{"not_picked":["Study","FollowUp","SashWhip+1"],"picked":"SKIP","floor":18}],"player_experience":227556,"relics_obtained":[{"floor":6,"key":"Anchor"},{"floor":9,"key":"Orichalcum"},{"floor":12,"key":"Eternal Feather"}],"event_choices":[{"damage_healed":0,"gold_gain":75,"player_choice":"Gather Gold","damage_taken":11,"max_hp_gain":0,"max_hp_loss":0,"event_name":"World of Goop","floor":3,"gold_loss":0},{"damage_healed":0,"gold_gain":0,"player_choice":"Upgraded","damage_taken":0,"max_hp_gain":0,"max_hp_loss":0,"event_name":"Upgrade Shrine","floor":4,"gold_loss":0,"cards_upgraded":["Eruption"]}],"is_beta":false,"boss_relics":[{"not_picked":["Sozu","Fusion Hammer"],"picked":"VioletLotus"}],"items_purged_floors":[],"is_endless":false,"potions_floor_spawned":[2,6,12,16],"killed_by":"Shell Parasite","ascension_level":0}}