{"host":"ln8zowmpyx5bxamj","time":1613373049,"event":{"mods":["Act Like it!","BaseMod","CapriCore","Colored Map","Conspire","Gensokyo","GifTheSpireLib","Hallownest","Hubris","Koishi","KomeijiMod","Marisa????????","Minty Spire (QoL Compilation)","Permanent Neow","Prisma Mod","Replay The Spire","StSLib","The Immortal","Uncapped","Yuyuko"],"gold_per_floor":[11,22,122,122,122,154,166,194,218,229,260,260,277,306,306,409,409,429,447,13,13,28,55,55,90,113,124,157,157,174,222,222,317,317,332,80,80,80,94,121,121,153,177,191,225,225,237,147,147,147],"floor_reached":51,"language":"ENG","playtime":11439,"items_purged":[],"score":1038,"play_id":"1cf03d29-9fdf-4ba7-bb87-3112d387044b","local_time":"20210215011049","is_ascension_mode":true,"campfire_choices":[{"data":"Koishi:Untouchable","floor":12,"key":"SMITH"},{"floor":15,"key":"REST"},{"data":"Koishi:GrowingPain","floor":24,"key":"SMITH"},{"data":"Gensokyo:ManorOfTheDishes","floor":29,"key":"SMITH"},{"data":"Koishi:ImGoingToCallYouNow","floor":32,"key":"SMITH"},{"data":"Koishi:SpiritedAway","floor":41,"key":"SMITH"}],"circlet_count":0,"master_deck":["Koishi:BasicStrike","Koishi:BasicStrike","Koishi:BasicStrike","Koishi:BasicDefend","Koishi:BasicDefend","Koishi:BasicDefend","Koishi:Provoke","Koishi:HauntingSlash","Koishi:ApparitionsStalkTheNight","Koishi:PhantomStrike","Koishi:ApparitionsStalkTheNight","Koishi:Vanish","Koishi:SpiritedAway","Koishi:Untouchable+1","Koishi:SpiritedAway+1","Koishi:StingingMind","Koishi:ImGoingToCallYouNow+1","Gensokyo:ManorOfTheDishes+1","Koishi:Vanish","Koishi:GrowingPain+1","Koishi:FourthEye","Koishi:PhantomBarrier+1","Koishi:TerrifyingSpectre+1","Koishi:JumpScare+1","Gensokyo:MorningStar+1","Koishi:GhostParty+1","Koishi:FleetingPhantom+1","Koishi:RoseHell+1","Gensokyo:CustomPotion","Koishi:FidgetySnatcher+1"],"relics":["Koishi:ImaginaryFriend","ReplayTheSpireMod:Ring of Addiction","hubris:EmptyBottle","Chameleon Ring","ReplayFunnel","Replay:Baseball","Happy Flower","Letter Opener","Orichalcum","SlaversCollar","Sling","White Beast Statue","Golden Egg","conspire:TopHat","StoneCalendar","Dream Catcher","Frozen Egg 2","SacredBark","hubris:SphereOfDissonance","hubris:TinFlute","Blood Vial","Centennial Puzzle","Mercury Hourglass"],"acts_visited":["Exordium","Gensokyo:Gensokyo","Gensokyo:Gensokyoer"],"potions_floor_usage":[6,6,6,6,7,7,8,11,13,14,16,16,18,19,19,22,27,28,28,30,33,33,33,33,35,35,35,38,38,38,40,40,42,44,45,47,47,50,50,50,50,50,50,50],"damage_taken":[{"damage":0,"enemies":"Gensokyo:Python","floor":1,"turns":4},{"damage":5,"enemies":"Gensokyo:3_Fairies","floor":2,"turns":5},{"damage":0,"enemies":"Gensokyo:Mamizou","floor":6,"turns":9},{"damage":3,"enemies":"Gensokyo:2_Kodama","floor":7,"turns":2},{"damage":22,"enemies":"Gensokyo:Aya","floor":8,"turns":10},{"damage":5,"enemies":"Gensokyo:LivingMonolith","floor":10,"turns":4},{"damage":16,"enemies":"Gensokyo:Mamizou","floor":11,"turns":11},{"damage":0,"enemies":"Gensokyo:VengefulSpirit","floor":13,"turns":8},{"damage":0,"enemies":"Gensokyo:Aya","floor":14,"turns":5},{"damage":12,"enemies":"Gensokyo:Kokoro","floor":16,"turns":12},{"damage":0,"enemies":"Gensokyo:Chomper","floor":18,"turns":4},{"damage":0,"enemies":"Gensokyo:3_Dogs","floor":19,"turns":6},{"damage":15,"enemies":"Gensokyo:Slime_Group","floor":22,"turns":6},{"damage":0,"enemies":"Gensokyo:Tenshi","floor":23,"turns":5},{"damage":6,"enemies":"Gensokyo:Reisen","floor":25,"turns":7},{"damage":0,"enemies":"Gensokyo:Wraith","floor":27,"turns":6},{"damage":0,"enemies":"Gensokyo:Koishi","floor":28,"turns":5},{"damage":9,"enemies":"Gensokyo:3_Gloops","floor":30,"turns":7},{"damage":0,"enemies":"Gensokyo:Kaguya","floor":33,"turns":10},{"damage":3,"enemies":"Gensokyo:AncientGuardian","floor":35,"turns":12},{"damage":29,"enemies":"Gensokyo:AncientGuardian","floor":38,"turns":8},{"damage":0,"enemies":"Gensokyo:3_Boulders","floor":39,"turns":7},{"damage":9,"enemies":"Gensokyo:Marisa","floor":40,"turns":7},{"damage":0,"enemies":"Gensokyo:Kasen","floor":42,"turns":7},{"damage":0,"enemies":"Gensokyo:Dusk_and_Dawn","floor":44,"turns":7},{"damage":5,"enemies":"Gensokyo:Marisa","floor":45,"turns":6},{"damage":4,"enemies":"Gensokyo:Sharpion","floor":47,"turns":7},{"damage":0,"enemies":"Gensokyo:Scarlet_Devils","floor":50,"turns":7}],"seed_played":"-5912010881062892955","potions_obtained":[{"floor":2,"key":"CalmPotion"},{"floor":4,"key":"PowerPotion"},{"floor":4,"key":"SkillPotion"},{"floor":4,"key":"Adrenaline Potion"},{"floor":6,"key":"Block Potion"},{"floor":11,"key":"Weak Potion"},{"floor":13,"key":"Explosive Potion"},{"floor":16,"key":"Fire Potion"},{"floor":18,"key":"Adrenaline Potion"},{"floor":25,"key":"Weak Potion"},{"floor":27,"key":"LiquidMemories"},{"floor":28,"key":"Dexterity Potion"},{"floor":30,"key":"Strength Potion"},{"floor":31,"key":"Weak Potion"},{"floor":33,"key":"FearPotion"},{"floor":35,"key":"Languid Potion"},{"floor":39,"key":"AttackPotion"},{"floor":40,"key":"Swift Potion"},{"floor":42,"key":"Elixir"},{"floor":44,"key":"SpeedPotion"},{"floor":45,"key":"EssenceOfSteel"},{"floor":47,"key":"EntropicBrew"}],"is_trial":false,"path_per_floor":["M","M","?","?","?","E","M","E","T","M","E","R","M","E","R","B",null,"M","M","COS","?","M","E","R","E","T","M","E","R","M","?","R","B",null,"M","$","?","?","M","E","R","E","T","M","E","?","M","?","R_BF","B",null],"character_chosen":"KOISHI","items_purchased":["hubris:SphereOfDissonance"],"campfire_rested":1,"item_purchase_floors":[36],"current_hp_per_floor":[60,56,56,56,60,60,57,41,41,37,23,23,26,28,46,50,60,60,60,60,60,60,60,60,60,58,58,58,58,54,54,54,58,58,58,58,58,58,58,58,58,58,58,58,58,58,58,58,58,58],"gold":147,"neow_bonus":"REMOVE_TWO","is_daily":false,"chose_seed":false,"campfire_upgraded":5,"win_rate":0.0,"timestamp":1613373049,"path_taken":["M","?","?","?","?","E","M","E","T","M","E","R","M","E","R","BOSS","M","M","COS","?","M","E","R","E","T","M","E","R","M","?","R","BOSS","M","$","?","?","M","E","R","E","T","M","E","?","M","?","R_BF","BOSS"],"items_purchased_type":["Relic"],"build_version":"2020-12-22","purchased_purges":0,"victory":true,"max_hp_per_floor":[60,60,60,60,60,60,60,60,60,60,60,60,60,60,60,60,60,60,60,60,60,60,60,60,60,58,58,58,58,58,58,58,58,58,58,58,58,58,58,58,58,58,58,58,58,58,58,58,58,58],"card_choices":[{"not_picked":["Koishi:Prune","Koishi:SpiritedAway"],"picked":"Koishi:ApparitionsStalkTheNight","floor":1},{"not_picked":["Koishi:TremblingHands","Koishi:Vanish"],"picked":"Koishi:PhantomStrike","floor":2},{"not_picked":["Koishi:FidgetySnatcher","Koishi:Bloodlust"],"picked":"Koishi:ApparitionsStalkTheNight","floor":6},{"not_picked":["Koishi:Prune","Koishi:SubconsciousSweep","Koishi:ReleaseOfTheId"],"picked":"SKIP","floor":7},{"not_picked":["Koishi:HeartStoppingHorror","Koishi:BloodcurdlingScream"],"picked":"Koishi:Vanish","floor":8},{"not_picked":["Koishi:RorschachInDanmaku","Koishi:Possession"],"picked":"Koishi:SpiritedAway","floor":10},{"not_picked":["Koishi:PerfectMindControl","Koishi:MindNumbingTerror"],"picked":"Koishi:Untouchable","floor":11},{"not_picked":["Koishi:UnconsciousUrges","Koishi:SubterraneanRose"],"picked":"Koishi:SpiritedAway","floor":13},{"not_picked":["Koishi:Prune","Koishi:EmbryosDream"],"picked":"Koishi:StingingMind","floor":14},{"not_picked":["Koishi:RoseHell","Koishi:MindStellarRelief"],"picked":"Koishi:ImGoingToCallYouNow","floor":16},{"not_picked":["Koishi:Prune","Koishi:StingingMind","Koishi:ReflexRadar+1"],"picked":"SKIP","floor":18},{"not_picked":["Koishi:HeartfeltFancy","Koishi:SubterraneanRose+1","Koishi:ReflexRadar"],"picked":"SKIP","floor":19},{"not_picked":["Koishi:SubconsciousSweep","Koishi:Possession"],"picked":"Koishi:Vanish","floor":22},{"not_picked":["Koishi:VengefulSpirit","Koishi:PhantomStrike+1"],"picked":"Koishi:GrowingPain","floor":23},{"not_picked":["Koishi:ParalyzingFear","Koishi:DreadfulBlow"],"picked":"Koishi:FourthEye","floor":25},{"not_picked":["Koishi:TraumaticStroke","Koishi:MassHysteria","Koishi:FleetingPhantom"],"picked":"SKIP","floor":27},{"not_picked":["Koishi:Ego","Koishi:HeartfeltFancy","Koishi:RacingHeart"],"picked":"SKIP","floor":28},{"not_picked":["Koishi:UnconsciousUprising","Koishi:UnansweredLove+1"],"picked":"Koishi:PhantomBarrier","floor":30},{"not_picked":["Koishi:ConditionedTeleport","Koishi:MentalBreakdown"],"picked":"Koishi:TerrifyingSpectre+1","floor":33},{"not_picked":["Koishi:EmbryosDream+1","Koishi:PhantomStrike"],"picked":"Koishi:JumpScare+1","floor":35},{"not_picked":["Gensokyo:UnlikelyAid","Gensokyo:UnhurriedMind"],"picked":"Gensokyo:MorningStar","floor":38},{"not_picked":["Koishi:ReflexRadar","Koishi:StrangeCloudFist+1"],"picked":"Koishi:GhostParty+1","floor":39},{"not_picked":["Koishi:Prune+1","Koishi:ReflexRadar+1","Koishi:ReleaseOfTheId+1"],"picked":"SKIP","floor":40},{"not_picked":["Koishi:Prune+1","Koishi:GhostParty+1","Koishi:SprinkleStarAndHeart+1"],"picked":"SKIP","floor":42},{"not_picked":["Koishi:PhilosophyOfTheDespised","Koishi:HeartAttack+1","Koishi:TremblingHands"],"picked":"SKIP","floor":44},{"not_picked":["Koishi:ParalyzingFear+1","Koishi:UnansweredLove+1"],"picked":"Koishi:FleetingPhantom+1","floor":45},{"not_picked":["Koishi:HeartfeltFancy","Koishi:DreadfulBlow"],"picked":"Koishi:RoseHell","floor":47},{"not_picked":["Koishi:LastRemote","Koishi:BloodcurdlingScream"],"picked":"Koishi:FidgetySnatcher+1","floor":49}],"player_experience":737950,"relics_obtained":[{"floor":4,"key":"ReplayTheSpireMod:Ring of Addiction"},{"floor":4,"key":"hubris:EmptyBottle"},{"floor":4,"key":"Chameleon Ring"},{"floor":6,"key":"ReplayFunnel"},{"floor":8,"key":"Replay:Baseball"},{"floor":9,"key":"Happy Flower"},{"floor":11,"key":"Letter Opener"},{"floor":14,"key":"Orichalcum"},{"floor":23,"key":"White Beast Statue"},{"floor":25,"key":"Golden Egg"},{"floor":26,"key":"conspire:TopHat"},{"floor":28,"key":"Dream Catcher"},{"floor":31,"key":"Frozen Egg 2"},{"floor":40,"key":"hubris:TinFlute"},{"floor":42,"key":"Blood Vial"},{"floor":43,"key":"Centennial Puzzle"},{"floor":45,"key":"Mercury Hourglass"}],"event_choices":[],"is_beta":false,"boss_relics":[{"not_picked":["conspire:RoyalGoblet","Coffee Dripper"],"picked":"SlaversCollar"},{"not_picked":["hubris:ScarierMask","conspire:SpecialSausage"],"picked":"SacredBark"}],"items_purged_floors":[],"is_endless":false,"potions_floor_spawned":[2,6,11,13,16,18,25,27,28,30,33,35,39,40,42,44,45,47],"ascension_level":1}}