{"host":"or8fr2mp0k3eluj8","time":1613370166,"event":{"mods":["AchievementEnabler","BaseMod","Colored Map","DeckTracker","Minty Spire (QoL Compilation)","SuperFastMode"],"gold_per_floor":[112,37,37,112,131,158,158,158,209,229,248,248,278,278,278,380,380,400,400,411,411,163,194,194,194,194,194,194],"floor_reached":27,"language":"KOR","playtime":532,"items_purged":["Defend_P","Indignation+1"],"score":312,"play_id":"edac9474-4f26-4adf-a9f4-738f548c3b62","local_time":"20210215152246","is_ascension_mode":false,"campfire_choices":[{"data":"Eruption","floor":7.0,"key":"SMITH"},{"floor":12.0,"key":"REST"},{"data":"CrushJoints","floor":15,"key":"SMITH"},{"floor":24,"key":"REST"}],"circlet_count":0,"master_deck":["Defend_P+1","Defend_P","Eruption+1","Vigilance","FollowUp","CrushJoints+1","FlurryOfBlows","Nirvana+1","Establishment+1","Consecrate+1","Bite","Bite","Bite","Bite","InnerPeace"],"relics":["PureWater","NeowsBlessing","Boot","CaptainsWheel","Vajra","MealTicket","Astrolabe","Lantern","Omamori"],"acts_visited":["Exordium","TheCity"],"potions_floor_usage":[16,18],"damage_taken":[{"damage":0.0,"enemies":"Cultist","floor":1.0,"turns":1.0},{"damage":0.0,"enemies":"Jaw Worm","floor":5.0,"turns":1.0},{"damage":0.0,"enemies":"3 Sentries","floor":6.0,"turns":1.0},{"damage":5.0,"enemies":"2 Louse","floor":10.0,"turns":2.0},{"damage":8.0,"enemies":"2 Fungi Beasts","floor":11.0,"turns":2.0},{"damage":0,"enemies":"Lagavulin","floor":13,"turns":3},{"damage":4,"enemies":"Slime Boss","floor":16,"turns":6},{"damage":27,"enemies":"2 Thieves","floor":18,"turns":3},{"damage":5,"enemies":"Chosen","floor":20,"turns":3},{"damage":55,"enemies":"Book of Stabbing","floor":23,"turns":5},{"damage":35,"enemies":"Snecko","floor":27,"turns":6}],"seed_played":"-2676060191692368285","potions_obtained":[{"floor":6.0,"key":"SkillPotion"},{"floor":13,"key":"Strength Potion"},{"floor":16,"key":"PowerPotion"},{"floor":20,"key":"Energy Potion"}],"is_trial":false,"path_per_floor":["M","$","?","?","M","E","R","?","T","M","M","R","E","?","R","B",null,"M","?","M","?","$","E","R","?","T","M"],"character_chosen":"WATCHER","items_purchased":["Lantern"],"campfire_rested":2,"item_purchase_floors":[22],"current_hp_per_floor":[72,72,58,47,47,47,47,40,40,35,27,48,48,41,41,37,72,45,45,46,46,50,5,20,20,20,0,0],"gold":194,"neow_bonus":"THREE_ENEMY_KILL","is_daily":false,"chose_seed":false,"campfire_upgraded":2,"win_rate":0.0,"timestamp":1613370166,"path_taken":["M","$","?","?","M","E","R","?","T","M","M","R","E","?","R","BOSS","M","?","M","?","?","E","R","?","T","?"],"items_purchased_type":["Relic"],"build_version":"2020-12-22","purchased_purges":2,"victory":false,"max_hp_per_floor":[72,72,72,72,72,72,72,72,72,72,72,72,72,72,72,72,72,72,50,50,50,50,50,50,50,50,50,50],"card_choices":[{"not_picked":["Crescendo","Perseverance"],"picked":"FollowUp","floor":1.0},{"not_picked":["ClearTheMind","CutThroughFate","BowlingBash"],"picked":"SKIP","floor":5.0},{"not_picked":["FlyingSleeves","Collect"],"picked":"CrushJoints","floor":6.0},{"not_picked":["EmptyFist","PathToVictory"],"picked":"FlurryOfBlows","floor":10.0},{"not_picked":["DevaForm","ReachHeaven","Study"],"picked":"SKIP","floor":11.0},{"not_picked":["Wireheading","Crescendo","Sanctity"],"picked":"SKIP","floor":13},{"not_picked":["Crescendo+1","LikeWater"],"picked":"Consecrate+1","floor":18},{"not_picked":["Wallop+1","SashWhip","FlurryOfBlows"],"picked":"SKIP","floor":20},{"not_picked":["FlurryOfBlows","Evaluate","CrushJoints+1"],"picked":"SKIP","floor":23}],"player_experience":318251,"relics_obtained":[{"floor":6.0,"key":"Boot"},{"floor":9.0,"key":"Vajra"},{"floor":13,"key":"MealTicket"},{"floor":23,"key":"Omamori"}],"event_choices":[{"damage_healed":0.0,"max_hp_gain":0.0,"max_hp_loss":0.0,"gold_gain":0.0,"event_name":"Shining Light","player_choice":"Entered Light","floor":3.0,"gold_loss":0.0,"damage_taken":14.0,"cards_upgraded":["Defend_P","Strike_P"]},{"damage_healed":0.0,"max_hp_gain":0.0,"max_hp_loss":0.0,"gold_gain":75.0,"event_name":"World of Goop","player_choice":"Gather Gold","floor":4.0,"gold_loss":0.0,"damage_taken":11.0},{"damage_healed":0.0,"max_hp_gain":0.0,"max_hp_loss":0.0,"gold_gain":0.0,"event_name":"Scrap Ooze","player_choice":"Success","floor":8.0,"gold_loss":0.0,"damage_taken":7.0,"relics_obtained":["CaptainsWheel"]},{"cards_removed":["Strike_P"],"damage_healed":0,"gold_gain":0,"player_choice":"Card Removal","damage_taken":7,"max_hp_gain":0,"max_hp_loss":0,"event_name":"Golden Wing","floor":14,"gold_loss":0},{"damage_healed":0,"gold_gain":0,"player_choice":"Became a vampire","damage_taken":0,"max_hp_gain":0,"max_hp_loss":22,"event_name":"Vampires","floor":19,"gold_loss":0,"cards_obtained":["Bite","Bite","Bite","Bite","Bite"]},{"damage_healed":0,"gold_gain":0,"player_choice":"Read","damage_taken":0,"max_hp_gain":0,"max_hp_loss":0,"event_name":"The Library","floor":21,"gold_loss":0,"cards_obtained":["InnerPeace"]},{"cards_removed":["Bite"],"damage_healed":0,"gold_gain":0,"player_choice":"Elegance","damage_taken":0,"max_hp_gain":0,"max_hp_loss":0,"event_name":"Back to Basics","floor":25,"gold_loss":0}],"is_beta":false,"boss_relics":[{"not_picked":["Snecko Eye","Tiny House"],"picked":"Astrolabe"}],"items_purged_floors":[2,22],"is_endless":false,"potions_floor_spawned":[6,13,16,20],"killed_by":"Snecko","ascension_level":0}}