{"host":"g1wmg2w41xhsnw8g","time":1613368938,"event":{"mods":["2.2 Compatiblity","Act Like it!","Aspiration","Bard","BaseMod","Better Altar","Better Match","Better Note","Better Sensory Stone","Better Skull","Better Third Choice","BetterRewards","Booster Modes","CapriCore","Colored Map","Colored Powertips","Defuse TimeMaze Blight","Displayed Cursed Tome","Evolution","Fox Events","Friendly Minions","GifTheSpireLib","Good Game Mod","Googly Eyes","Hubris","Infinite Spire","Jedi Mod","Minty Spire (QoL Compilation)","Red Circlet Mod","Relic Filter Mod","Relic Sorter","Reliquary","SCP261 Mod","Shop Mod","Small Relic Pack","Smile Girya","Spicy Shops","Spikes Relics","StSLib","Strawberry Spire","The Hayseed","The Runesmith","The Sage","Trackpad","Transform Curses","Wandering Minibosses","????"],"gold_per_floor":[119,119,119,135,149,149,175,185,208,208,173,199,51,51,51],"floor_reached":14,"language":"ENG","playtime":805,"items_purged":[],"score":129,"play_id":"33980dd1-d65f-4ff9-aed4-5a9be7bd9052","local_time":"20210215010217","daily_mods":["SealedDeck","Heirloom","Elite Swarm"],"is_ascension_mode":true,"campfire_choices":[{"data":"jedi:locknload","floor":6,"key":"SMITH"},{"data":"bard:GreaterMagicWeapon","floor":10,"key":"SMITH"}],"circlet_count":0,"master_deck":["bard:TinyHut","bard:BestowCurse","bard:Doot","bard:GreaterMagicWeapon+1","bard:ViciousMockery","bard:InspiringSong","bard:PhantasmalForce+1","bard:FeastOnFear","bard:ReverseGravity","bard:Encore","bard:FalseLife","jedi:locknload+1","bard:FingerOfDeath+1","bard:Heroism","bard:Rhapsody"],"relics":["bard:PitchPipe","bard:BagPipes","EVO:Axolotl","REME:ComplimentaryCards","sagemod:Creepy_Carousel","Lantern","Du-Vu Doll","Bag of Marbles","betterThird:SlimedRelic","infinitespire:EmpoweringShard","Whetstone"],"acts_visited":["Exordium"],"potions_floor_usage":[7],"damage_taken":[{"damage":0,"enemies":"2 Louse","floor":1,"turns":1},{"damage":8,"enemies":"Jaw Worm","floor":4,"turns":4},{"damage":2,"enemies":"Small Slimes","floor":5,"turns":2},{"damage":0,"enemies":"Lagavulin","floor":7,"turns":4},{"damage":0,"enemies":"2 Fungi Beasts","floor":8,"turns":3},{"damage":16,"enemies":"3 Sentries","floor":12,"turns":5},{"damage":7,"enemies":"strawberrySpire:EnergyPylons","floor":14,"turns":2}],"seed_played":"-2710217114511747886","potions_obtained":[{"floor":5,"key":"Block Potion"},{"floor":7,"key":"Dexterity Potion"}],"is_trial":true,"path_per_floor":["M","?","?","M","M","R","E","M","T","R","?","E","R","E"],"character_chosen":"BARD","items_purchased":["Whetstone"],"campfire_rested":0,"item_purchase_floors":[13],"current_hp_per_floor":[75,42,42,34,32,32,32,32,32,32,21,5,5,0,0],"gold":51,"neow_bonus":"","is_daily":false,"chose_seed":false,"campfire_upgraded":2,"win_rate":0.0,"timestamp":1613368937,"path_taken":["M","?","?","M","M","R","E","?","T","R","?","E","R","E"],"items_purchased_type":["Relic"],"build_version":"2020-12-22","purchased_purges":0,"victory":false,"max_hp_per_floor":[75,75,75,75,75,75,75,75,75,75,75,75,75,75,75],"card_choices":[{"not_picked":["bard:FirstStrike","bard:Doot"],"picked":"bard:FalseLife","floor":1},{"not_picked":["bard:BestowCurse","bard:FeastOnFear","bard:Flourish"],"picked":"SKIP","floor":4},{"not_picked":["bard:DervishDance","bard:LocateObject","bard:ViciousMockery"],"picked":"SKIP","floor":5},{"not_picked":["bard:Shifting","bard:ReverseGravity"],"picked":"bard:FingerOfDeath","floor":7},{"not_picked":["bard:Thunderwave","bard:QuickSong"],"picked":"bard:Heroism","floor":8},{"not_picked":["bard:Improv","bard:ReverseGravity"],"picked":"bard:Rhapsody","floor":12}],"player_experience":1469884,"relics_obtained":[{"floor":7,"key":"Du-Vu Doll"},{"floor":9,"key":"Bag of Marbles"},{"floor":12,"key":"infinitespire:EmpoweringShard"}],"event_choices":[{"damage_healed":0,"gold_gain":0,"player_choice":"Relic ","damage_taken":33,"max_hp_gain":0,"max_hp_loss":0,"event_name":"betterThird:BetterScrap","floor":2,"gold_loss":0,"cards_obtained":["Shockwave"]},{"damage_healed":0,"gold_gain":0,"player_choice":"Slimed","damage_taken":11,"max_hp_gain":0,"max_hp_loss":0,"event_name":"betterThird:BetterGoop","floor":11,"gold_loss":35}],"is_beta":false,"boss_relics":[],"items_purged_floors":[],"is_endless":false,"potions_floor_spawned":[5,7],"killed_by":"strawberrySpire:EnergyPylons","ascension_level":1}}