{"host":"lehbxtjrpalkmwwj","time":1613391364,"event":{"mods":["ATMod(°¢èªMod)","Aspiration","BaseMod","Challenge The Spire","Colored Map","Colored Powertips","Conspire","Dota2Spire","Energized Spire","Hunter ÁÔÈË","Minty Spire (QoL Compilation)","Quick Restart","Relic Stats","Reliquary","Replay The Spire","Spicy Shops","StSLib","TestMod","The Cursed","The IronCluck","The Poker Player","Waifu the Spire","Wide Potions","[IsaacMod]ÒÔÈö¼âËþ","¡¾ÒÅÎï¿¨ÅÆ¡¿REMEMod","É³µñ²ÄÖÊ°ümod","óô»ðÖ¸ÄÏ"],"gold_per_floor":[111,111,36,77,89,120,137,171,171,200,200,212,240,250,177,177,177],"floor_reached":16,"language":"ZHS","playtime":612,"items_purged":[],"score":225,"play_id":"20260259-8e80-4c13-9bee-528d95d9da90","local_time":"20210215201604","is_ascension_mode":true,"campfire_choices":[{"floor":11,"key":"RECALL"}],"circlet_count":0,"master_deck":["Strike_G","Strike_G","Strike_G","Strike_G","Strike_G","Defend_G","Defend_G","Defend_G","Defend_G","Defend_G","Survivor","Neutralize","EpicFetus","testmod-FightingIntention","AT_FamilyPortrait","Infinite Blades","Footwork","ReplayTheSpireMod:Speed Training","Blade Dance","ReplayTheSpireMod:The Works","Noxious Fumes","Venomology","ReplayTheSpireMod:Scrap Shanks","ReplayTheSpireMod:Scrap Shanks"],"relics":["Ring of the Snake","HushsDoor","AT_ATBox","testmod-TestBox","REME_ComplimentaryCards","testmod-CardMagician","GuppysTail","NeowsBlessing","reliquary:Bookmark","Dota2Spire:ArmletOfMordiggian","AT_SilverBalance","testmod-CasingShield","White Beast Statue","aspiration:ChemicalBlood","conspire:TreasureMap"],"acts_visited":["Exordium"],"potions_floor_usage":[10,12,14,14,16],"damage_taken":[{"damage":0,"enemies":"Small Slimes","floor":1,"turns":1},{"damage":0,"enemies":"Jaw Worm","floor":5,"turns":1},{"damage":0,"enemies":"3 Sentries","floor":6,"turns":2},{"damage":1,"enemies":"Cultist","floor":7,"turns":5},{"damage":5,"enemies":"Lagavulin","floor":8,"turns":5},{"damage":12,"enemies":"Gremlin Nob","floor":10,"turns":5},{"damage":0,"enemies":"Blue Slaver","floor":12,"turns":2},{"damage":10,"enemies":"3 Sentries","floor":13,"turns":7},{"damage":6,"enemies":"Lots of Slimes","floor":14,"turns":5},{"damage":0,"enemies":"Fading Forest","floor":16,"turns":6}],"seed_played":"-6921218802210466530","potions_obtained":[{"floor":1,"key":"Block Potion"},{"floor":5,"key":"Block Potion"},{"floor":7,"key":"Dota2Spire:Clarity"},{"floor":8,"key":"Block Potion"},{"floor":12,"key":"EssenceOfSteel"},{"floor":13,"key":"Swift Potion"},{"floor":14,"key":"Elixir"}],"is_trial":false,"path_per_floor":["M","?","$","?","M","E","M","E","T","E","R","M","E","M","R_BF","B"],"character_chosen":"THE_SILENT","items_purchased":["reliquary:Bookmark","conspire:TreasureMap"],"campfire_rested":0,"item_purchase_floors":[3,15],"current_hp_per_floor":[63,63,63,48,48,48,47,42,42,23,23,35,25,29,29,35,35],"gold":177,"neow_bonus":"THREE_ENEMY_KILL","is_daily":false,"chose_seed":false,"campfire_upgraded":0,"win_rate":0.0,"timestamp":1613391364,"path_taken":["M","?","?","?","M","E","M","E","T","E","R","M","E","M","R_BF","BOSS"],"items_purchased_type":["Relic","Relic"],"build_version":"2020-12-22","purchased_purges":0,"victory":false,"max_hp_per_floor":[70,70,70,70,70,70,70,70,70,70,70,70,70,70,70,70,70],"relic_stats":{"counters":[10,38],"obtain_stats":[{"KeepersGift":0,"GuppysTail":0,"conspire:TreasureMap":15,"AT_ATBox":0,"testmod-TestBox":0,"NeowsBlessing":0,"Dota2Spire:ArmletOfMordiggian":6,"testmod-CardMagician":0,"AT_SilverBalance":8,"testmod-CasingShield":9,"White Beast Statue":10,"reliquary:Bookmark":3,"HushsDoor":0,"Ring of the Snake":0,"REME_ComplimentaryCards":0,"aspiration:ChemicalBlood":13},{"KeepersGift":0,"GuppysTail":0,"conspire:TreasureMap":9,"AT_ATBox":0,"testmod-TestBox":0,"NeowsBlessing":0,"Dota2Spire:ArmletOfMordiggian":3,"testmod-CardMagician":0,"AT_SilverBalance":5,"testmod-CasingShield":5,"White Beast Statue":6,"reliquary:Bookmark":1,"HushsDoor":0,"Ring of the Snake":0,"REME_ComplimentaryCards":0,"aspiration:ChemicalBlood":8},{"KeepersGift":0,"GuppysTail":0,"conspire:TreasureMap":33,"AT_ATBox":0,"testmod-TestBox":0,"NeowsBlessing":0,"Dota2Spire:ArmletOfMordiggian":4,"testmod-CardMagician":0,"AT_SilverBalance":14,"testmod-CasingShield":14,"White Beast Statue":19,"reliquary:Bookmark":1,"HushsDoor":0,"Ring of the Snake":0,"REME_ComplimentaryCards":0,"aspiration:ChemicalBlood":28}],"Ring of the Snake":[20]},"card_choices":[{"not_picked":[],"picked":"EpicFetus","floor":0},{"not_picked":["ReplayTheSpireMod:Exploit Weakness","AT_WindFlip"],"picked":"Infinite Blades","floor":1},{"not_picked":["Prepared","Concentrate"],"picked":"Footwork","floor":5},{"not_picked":["Underhanded Strike","Distraction"],"picked":"ReplayTheSpireMod:Speed Training","floor":6},{"not_picked":["AT_WindFlip","Concentrate"],"picked":"Blade Dance","floor":7},{"not_picked":["Dodge and Roll","Prepared"],"picked":"ReplayTheSpireMod:The Works","floor":8},{"not_picked":["ReplayTheSpireMod:Speed Training","Deflect"],"picked":"Noxious Fumes","floor":10},{"not_picked":["Escape Plan","ReplayTheSpireMod:Shiv Toss"],"picked":"Venomology","floor":12},{"not_picked":["Backflip","Distraction"],"picked":"ReplayTheSpireMod:Scrap Shanks","floor":13},{"not_picked":["Slice","conspire:PoisonWeapons"],"picked":"ReplayTheSpireMod:Scrap Shanks","floor":14}],"player_experience":186026,"relics_obtained":[{"floor":6,"key":"Dota2Spire:ArmletOfMordiggian"},{"floor":8,"key":"AT_SilverBalance"},{"floor":9,"key":"testmod-CasingShield"},{"floor":10,"key":"White Beast Statue"},{"floor":13,"key":"aspiration:ChemicalBlood"}],"event_choices":[{"damage_healed":0,"gold_gain":0,"player_choice":"Ignored","damage_taken":0,"max_hp_gain":0,"max_hp_loss":0,"event_name":"Golden Wing","floor":2,"gold_loss":0}],"is_beta":false,"boss_relics":[],"items_purged_floors":[],"is_endless":false,"potions_floor_spawned":[1,5,7,8,12,13,14],"killed_by":"Fading Forest","ascension_level":9}}