{"host":"7rmsgc3rayi00cdt","time":1613407258,"event":{"mods":["BaseMod","Minty Spire (QoL Compilation)"],"gold_per_floor":[112,112,112,112,133,133,174,174,198,198,238,238,90,105,105,226,226,242,97,12,282,307,307,307,307,307,326,359,359,53,73,73,192,192,215,215,231,246,262,262,262,262,262,262,325,339,362,362,362,362],"floor_reached":51,"language":"ENG","playtime":1905,"items_purged":[],"score":891,"play_id":"02f090cf-cfee-4c34-82f0-2dc4cc1f681c","local_time":"20210215164058","is_ascension_mode":true,"campfire_choices":[{"data":"Wild Strike","floor":6.0,"key":"SMITH"},{"floor":8.0,"key":"REST"},{"data":"Bash","floor":10.0,"key":"SMITH"},{"data":"Defend_R","floor":15.0,"key":"SMITH"},{"floor":23.0,"key":"REST"},{"data":"Reckless Charge","floor":25.0,"key":"SMITH"},{"floor":29.0,"key":"REST"},{"data":"1","floor":32.0,"key":"LIFT"},{"data":"2","floor":40,"key":"LIFT"},{"data":"3","floor":44,"key":"LIFT"},{"data":"Shrug It Off","floor":49,"key":"SMITH"}],"circlet_count":0,"master_deck":["Strike_R","Strike_R","Strike_R","Strike_R","Strike_R","Defend_R","Defend_R","Defend_R+1","Bash+1","Wild Strike+1","Clothesline+1","Battle Trance","Reckless Charge+1","Feed","Ghostly Armor+1","Discovery","Impatience","Heavy Blade","Shrug It Off+1","Burning Pact","Madness","Madness"],"relics":["Burning Blood","Oddly Smooth Stone","Paper Frog","Golden Idol","Lizard Tail","Centennial Puzzle","Meat on the Bone","Pen Nib","Busted Crown","Red Skull","StoneCalendar","Ornamental Fan","Pantograph","Girya","SlaversCollar","Bottled Flame","Unceasing Top"],"acts_visited":["Exordium","TheCity","TheBeyond"],"potions_floor_usage":[38,46,48,50],"damage_taken":[{"damage":0.0,"enemies":"2 Louse","floor":1.0,"turns":2.0},{"damage":2.0,"enemies":"Small Slimes","floor":5.0,"turns":4.0},{"damage":18.0,"enemies":"Lagavulin","floor":7.0,"turns":5.0},{"damage":39.0,"enemies":"3 Sentries","floor":11.0,"turns":9.0},{"damage":4.0,"enemies":"Cultist","floor":14.0,"turns":3.0},{"damage":26.0,"enemies":"The Guardian","floor":16.0,"turns":11.0},{"damage":10.0,"enemies":"Shell Parasite","floor":18.0,"turns":4.0},{"damage":16.0,"enemies":"2 Thieves","floor":22.0,"turns":3.0},{"damage":5.0,"enemies":"Centurion and Healer","floor":27.0,"turns":5.0},{"damage":43.0,"enemies":"Book of Stabbing","floor":28.0,"turns":7.0},{"damage":15.0,"enemies":"Snecko","floor":31.0,"turns":5.0},{"damage":87.0,"enemies":"Champ","floor":33.0,"turns":10.0},{"damage":1,"enemies":"Orb Walker","floor":35,"turns":3},{"damage":7,"enemies":"3 Shapes","floor":37,"turns":3},{"damage":29,"enemies":"Maw","floor":38,"turns":7},{"damage":15,"enemies":"3 Darklings","floor":39,"turns":7},{"damage":1,"enemies":"Mind Bloom Boss Battle","floor":45,"turns":7},{"damage":19,"enemies":"Jaw Worm Horde","floor":46,"turns":5},{"damage":27,"enemies":"Spire Growth","floor":47,"turns":4},{"damage":0,"enemies":"Writhing Mass","floor":48,"turns":1},{"damage":98,"enemies":"Awakened One","floor":50,"turns":16}],"seed_played":"-2797097518942628109","potions_obtained":[{"floor":7.0,"key":"SpeedPotion"},{"floor":16.0,"key":"Ancient Potion"},{"floor":18.0,"key":"BloodPotion"},{"floor":28.0,"key":"Block Potion"},{"floor":35,"key":"Energy Potion"},{"floor":37,"key":"SmokeBomb"},{"floor":45,"key":"LiquidMemories"}],"is_trial":false,"path_per_floor":["M","?","?","?","M","R","E","R","T","R","E","?","$","M","R","B",null,"M","$","?","?","M","R","?","R","T","M","E","R","$","M","R","B",null,"M","?","M","M","M","R","?","?","T","R","?","M","M","M","R","B",null],"character_chosen":"IRONCLAD","items_purchased":["Pen Nib","Red Skull","Girya"],"campfire_rested":3,"item_purchase_floors":[13,19,30],"current_hp_per_floor":[78,78,58,58,62,62,50,74,74,74,41,41,41,55,55,47,72,68,68,68,28,30,54,54,54,54,55,30,54,54,57,57,27,67,75,75,77,54,57,57,57,46,46,46,76,66,57,63,63,54],"gold":362,"neow_bonus":"RANDOM_COMMON_RELIC","is_daily":false,"chose_seed":false,"campfire_upgraded":5,"win_rate":0.0,"timestamp":1613407258,"path_taken":["M","?","?","?","?","R","E","R","T","R","E","?","$","M","R","BOSS","M","$","?","?","?","R","?","R","T","M","E","R","$","M","R","BOSS","M","?","?","M","M","R","?","?","T","R","?","M","M","M","R","BOSS"],"items_purchased_type":["Relic","Relic","Relic"],"build_version":"2020-12-22","purchased_purges":0,"victory":true,"max_hp_per_floor":[80,80,80,80,80,80,80,80,80,80,80,80,80,80,80,80,80,80,80,80,80,80,80,80,80,80,80,80,80,80,80,80,80,80,83,83,86,86,86,86,86,86,86,86,86,89,89,89,89,89],"card_choices":[{"not_picked":["True Grit","Battle Trance"],"picked":"Wild Strike","floor":1.0},{"not_picked":["Cleave","Sword Boomerang"],"picked":"Clothesline","floor":5.0},{"not_picked":["Feel No Pain","Wild Strike"],"picked":"Battle Trance","floor":7.0},{"not_picked":["Hemokinesis","Carnage","Flex"],"picked":"SKIP","floor":11.0},{"not_picked":["Twin Strike","Pommel Strike"],"picked":"Reckless Charge","floor":14.0},{"not_picked":["Juggernaut","Barricade"],"picked":"Feed","floor":16.0},{"not_picked":[],"picked":"Ghostly Armor+1","floor":18.0},{"not_picked":["Bloodletting"],"picked":"SKIP","floor":22.0},{"not_picked":["Combust+1"],"picked":"SKIP","floor":27.0},{"not_picked":["Sentinel+1"],"picked":"SKIP","floor":28.0},{"not_picked":[],"picked":"Heavy Blade","floor":31.0},{"not_picked":["Perfected Strike"],"picked":"SKIP","floor":35},{"not_picked":[],"picked":"Shrug It Off","floor":37},{"not_picked":[],"picked":"Burning Pact","floor":38},{"not_picked":["Carnage"],"picked":"SKIP","floor":39},{"not_picked":["Perfected Strike+1"],"picked":"SKIP","floor":46},{"not_picked":["Havoc"],"picked":"SKIP","floor":47}],"player_experience":813191,"relics_obtained":[{"floor":7.0,"key":"Lizard Tail"},{"floor":9.0,"key":"Centennial Puzzle"},{"floor":11.0,"key":"Meat on the Bone"},{"floor":26.0,"key":"Ornamental Fan"},{"floor":28.0,"key":"Pantograph"},{"floor":43,"key":"Bottled Flame"},{"floor":45,"key":"Unceasing Top"}],"event_choices":[{"damage_healed":0.0,"max_hp_gain":0.0,"max_hp_loss":0.0,"gold_gain":0.0,"event_name":"Big Fish","player_choice":"Box","floor":2.0,"gold_loss":0.0,"damage_taken":0.0,"relics_obtained":["Paper Frog"],"cards_obtained":["Regret"]},{"damage_healed":0.0,"max_hp_gain":0.0,"max_hp_loss":0.0,"gold_gain":0.0,"event_name":"Golden Idol","player_choice":"Take Damage","floor":3.0,"gold_loss":0.0,"damage_taken":20.0,"relics_obtained":["Golden Idol"]},{"cards_removed":["Regret"],"damage_healed":0.0,"max_hp_gain":0.0,"max_hp_loss":0.0,"gold_gain":0.0,"event_name":"Purifier","player_choice":"Purged","floor":4.0,"gold_loss":0.0,"damage_taken":0.0},{"damage_healed":0.0,"max_hp_gain":0.0,"max_hp_loss":0.0,"gold_gain":0.0,"event_name":"Living Wall","player_choice":"Grow","floor":12.0,"gold_loss":0.0,"damage_taken":0.0,"cards_upgraded":["Defend_R"]},{"damage_healed":0.0,"max_hp_gain":0.0,"max_hp_loss":0.0,"gold_gain":0.0,"event_name":"Addict","player_choice":"Obtained Relic","floor":20.0,"gold_loss":85.0,"damage_taken":0.0,"relics_obtained":["StoneCalendar"]},{"damage_healed":0.0,"max_hp_gain":0.0,"max_hp_loss":0.0,"gold_gain":270.0,"event_name":"Knowing Skull","player_choice":"GOLD CARD CARD GOLD GOLD ","floor":21.0,"potions_obtained":[],"gold_loss":0.0,"damage_taken":40.0,"cards_obtained":["Discovery","Impatience"]},{"damage_healed":0.0,"max_hp_gain":0.0,"max_hp_loss":0.0,"gold_gain":0.0,"event_name":"Cursed Tome","player_choice":"Ignored","floor":24.0,"gold_loss":0.0,"damage_taken":0.0},{"damage_healed":0,"gold_gain":0,"player_choice":"Upgraded","damage_taken":0,"max_hp_gain":0,"max_hp_loss":0,"event_name":"Upgrade Shrine","floor":36,"gold_loss":0,"cards_upgraded":["Clothesline"]},{"cards_removed":["Defend_R"],"damage_healed":0,"gold_gain":0,"player_choice":"Removed Skill","damage_taken":0,"max_hp_gain":0,"max_hp_loss":0,"event_name":"Falling","floor":41,"gold_loss":0},{"damage_healed":0,"gold_gain":0,"player_choice":"Embrace Madness","damage_taken":11,"max_hp_gain":0,"max_hp_loss":0,"event_name":"Winding Halls","floor":42,"gold_loss":0,"cards_obtained":["Madness","Madness"]},{"damage_healed":0,"gold_gain":0,"player_choice":"Fight","damage_taken":0,"max_hp_gain":0,"max_hp_loss":0,"event_name":"MindBloom","floor":45,"gold_loss":0}],"is_beta":false,"boss_relics":[{"not_picked":["Runic Cube","Tiny House"],"picked":"Busted Crown"},{"not_picked":["Pandora\u0027s Box","Fusion Hammer"],"picked":"SlaversCollar"}],"items_purged_floors":[],"is_endless":false,"potions_floor_spawned":[7,16,18,28,35,37,45,48],"ascension_level":7}}