{"host":"Sylvester","time":1613380220,"event":{"mods":["AchievementEnabler","BaseMod","Filter the Spire","Lobotomy","Minty Spire (QoL Compilation)","Replay The Spire","StSLib"],"gold_per_floor":[131,131,131,143,182,182,235,235,303,356,410,427,122,47,47,148,148,179,179,230,130,5,5,40,40,40,55,114,114,167,167,167,265,265,299,61,74,24,60,87,87,114,160,160,202,254,268,268,268,268],"floor_reached":51,"language":"ENG","playtime":5307,"items_purged":["Doubt","Pain","Amnesia"],"score":1367,"play_id":"1185e594-be4e-4ac9-aec0-000a4eebe1fd","local_time":"20210215011020","is_ascension_mode":true,"campfire_choices":[{"floor":15,"key":"REST"},{"floor":49,"key":"RECALL"}],"circlet_count":0,"master_deck":["HandOfGreed","GoldRush","OSAHOGD","VoidDream","GoldRush","Mimicry","Pot Of Greed","WhiteNight","Twilight","Pleasure+1","SomewhereSpear+1","Adoration","Regret_ego+1"],"relics":["CogitoBucket","FaceOfCleric","Akabeko","Mercury Hourglass","Calipers","HellTrain","WingedGreaves","Replay:Ancient Bell","Grinning Jar","Replay:Bottled Snecko","Gambling Chip","Enchiridion","Quantum Egg","AspirationHeart","Bag of Preparation","Spirit Poop","SacredBark","Shuriken","AdjustmentMirror","Blue Doll","Counterbalance","ReplayTheSpireMod:Lightbulb","Lizard Tail"],"acts_visited":["Exordium","TheCity","TheBeyond"],"potions_floor_usage":[24,27,27,37,50,50,50,51],"damage_taken":[{"damage":0,"enemies":"2 Louse","floor":1,"turns":2},{"damage":12,"enemies":"Jaw Worm","floor":4,"turns":3},{"damage":0,"enemies":"Cultist","floor":5,"turns":2},{"damage":21,"enemies":"Lagavulin","floor":7,"turns":6},{"damage":0,"enemies":"Large Slime","floor":10,"turns":4},{"damage":10,"enemies":"3 Sentries","floor":11,"turns":3},{"damage":19,"enemies":"Lots of Slimes","floor":12,"turns":6},{"damage":0,"enemies":"Slime Boss","floor":16,"turns":4},{"damage":1,"enemies":"2 Thieves","floor":18,"turns":2},{"damage":4,"enemies":"3 Byrds","floor":20,"turns":4},{"damage":0,"enemies":"Replay:Snechameleon","floor":24,"turns":3},{"damage":17,"enemies":"3 Cultists","floor":27,"turns":9},{"damage":2,"enemies":"Centurion and Healer","floor":28,"turns":5},{"damage":0,"enemies":"Book of Stabbing","floor":30,"turns":4},{"damage":9,"enemies":"Champ","floor":33,"turns":8},{"damage":4,"enemies":"3 Shapes","floor":35,"turns":3},{"damage":82,"enemies":"3 Darklings","floor":37,"turns":11},{"damage":0,"enemies":"Jaw Worm Horde","floor":39,"turns":4},{"damage":0,"enemies":"Giant Head","floor":40,"turns":5},{"damage":0,"enemies":"R_Hoarder","floor":42,"turns":5},{"damage":0,"enemies":"Sphere and 2 Shapes","floor":45,"turns":3},{"damage":0,"enemies":"Reptomancer","floor":46,"turns":3},{"damage":0,"enemies":"Maw","floor":47,"turns":3},{"damage":114,"enemies":"FixerMidnight","floor":50,"turns":13},{"damage":132,"enemies":"Malkuth","floor":51,"turns":10},{"damage":42,"enemies":"Netzach","floor":51,"turns":8},{"damage":0,"enemies":"Chesed","floor":51,"turns":2}],"seed_played":"-5690596673006298433","potions_obtained":[{"floor":4,"key":"Ancient Potion"},{"floor":5,"key":"Energy Potion"},{"floor":12,"key":"Swift Potion"},{"floor":16,"key":"Block Potion"},{"floor":30,"key":"Energy Potion"},{"floor":37,"key":"DistilledChaos"},{"floor":39,"key":"Reflective Coating"},{"floor":40,"key":"PowerPotion"}],"is_trial":false,"path_per_floor":["M","?","?","M","M","R","E","R","T","M","E","M","$","$","R","B",null,"M","?","M","$","$","R","E","R","T","M","M","R","E","?","R","B",null,"M","$","M","$","M","E","R","E","T","R","M","E","M","?","R","B",null],"character_chosen":"Angela","items_purchased":["WingedGreaves","Shuriken","Energy Potion"],"campfire_rested":1,"item_purchase_floors":[13,36,38],"current_hp_per_floor":[63,63,63,52,53,53,33,33,33,34,25,7,7,7,29,30,65,65,49,46,46,46,46,47,47,47,57,60,60,70,70,70,87,87,95,95,61,61,77,101,101,136,136,136,170,197,207,207,207,208],"gold":268,"neow_bonus":"RANDOM_COLORLESS_2","is_daily":false,"chose_seed":false,"campfire_upgraded":0,"win_rate":0.0,"timestamp":1613380220,"path_taken":["M","?","?","M","M","R","E","R","T","M","E","?","$","$","R","BOSS","M","?","M","$","$","R","E","R","T","M","M","R","E","?","R","BOSS","M","?","?","?","M","E","R","E","T","R","M","E","M","?","R","BOSS"],"items_purchased_type":["Relic","Relic","Potion"],"build_version":"2020-11-17","purchased_purges":3,"victory":true,"max_hp_per_floor":[70,70,70,71,72,72,73,73,73,74,75,76,76,76,76,77,77,78,78,79,79,79,79,80,80,80,91,96,96,97,97,97,98,98,99,99,100,100,101,102,204,205,205,205,206,207,208,208,208,209],"card_choices":[{"not_picked":["ReplayTheSpireMod:Brewmster","Chrysalis"],"picked":"HandOfGreed","floor":0},{"not_picked":["FourthMatchFlame"],"picked":"GoldRush","floor":1},{"not_picked":["PunishingBird","MHz"],"picked":"OSAHOGD","floor":4},{"not_picked":["Soda","RapturousDream"],"picked":"SKIP","floor":4},{"not_picked":["SpiderBud","SnowQueen"],"picked":"VoidDream","floor":5},{"not_picked":["WristCuter","Discord"],"picked":"SKIP","floor":5},{"not_picked":["FourthMatchFlame"],"picked":"GoldRush","floor":7},{"not_picked":["Lantern","Penitence"],"picked":"SKIP","floor":10},{"not_picked":["BlackSwan_ego","Harvest"],"picked":"SKIP","floor":11},{"not_picked":["FourthMatchFlame","Christmas"],"picked":"SKIP","floor":12},{"not_picked":["TheSmile"],"picked":"Mimicry","floor":16},{"not_picked":["Voices"],"picked":"Decay","floor":17},{"not_picked":["CurseOfTheBell"],"picked":"Amnesia","floor":17},{"not_picked":["Normality"],"picked":"Pain","floor":17},{"not_picked":["RapturousDream","Penitence"],"picked":"SKIP","floor":18},{"not_picked":["Hypocrisy","Harvest"],"picked":"SKIP","floor":20},{"not_picked":["Harvest"],"picked":"Hypocrisy","floor":20},{"not_picked":["CUTE+1","Logging"],"picked":"SKIP","floor":24},{"not_picked":["RedEyes+1","Lamp"],"picked":"SKIP","floor":27},{"not_picked":["Lamp"],"picked":"RedEyes+1","floor":27},{"not_picked":["Porccubus","CherryBlossoms"],"picked":"WhiteNight","floor":28},{"not_picked":["Moonlight","Galaxy"],"picked":"SKIP","floor":28},{"not_picked":["Lantern+1","Soda"],"picked":"SKIP","floor":30},{"not_picked":["CENSORED_ego"],"picked":"Twilight","floor":33},{"not_picked":["Regret_ego","GreenStem"],"picked":"SKIP","floor":35},{"not_picked":["Lamp+1","Tough+1"],"picked":"SKIP","floor":37},{"not_picked":["Spore+1"],"picked":"Pleasure+1","floor":39},{"not_picked":["Wingbeat+1","Gaze+1"],"picked":"SKIP","floor":40},{"not_picked":["Pinks","BlueScar+1"],"picked":"SKIP","floor":40},{"not_picked":["Logging","Noise+1"],"picked":"SKIP","floor":42},{"not_picked":["Pleasure","Hornet"],"picked":"SKIP","floor":42},{"not_picked":["Lantern","CherryBlossom"],"picked":"SKIP","floor":45},{"not_picked":["Logging","Pleasure"],"picked":"SKIP","floor":45},{"not_picked":["Horn"],"picked":"SomewhereSpear+1","floor":46},{"not_picked":["SwordSharpenedByTears"],"picked":"Adoration","floor":46},{"not_picked":["SomewhereSpear+1"],"picked":"Regret_ego+1","floor":47},{"not_picked":["Beak","BloodyDesire"],"picked":"SKIP","floor":47}],"player_experience":266729,"relics_obtained":[{"floor":7,"key":"Akabeko"},{"floor":9,"key":"Mercury Hourglass"},{"floor":11,"key":"Calipers"},{"floor":19,"key":"Enchiridion"},{"floor":24,"key":"Quantum Egg"},{"floor":30,"key":"Bag of Preparation"},{"floor":40,"key":"Blue Doll"},{"floor":42,"key":"Counterbalance"},{"floor":43,"key":"ReplayTheSpireMod:Lightbulb"},{"floor":46,"key":"Lizard Tail"}],"event_choices":[{"damage_healed":0,"gold_gain":0,"player_choice":"Ignored","damage_taken":0,"max_hp_gain":0,"max_hp_loss":0,"event_name":"Liars Game","floor":2,"gold_loss":0},{"damage_healed":0,"gold_gain":0,"player_choice":"Trade","damage_taken":0,"relics_obtained":["FaceOfCleric"],"max_hp_gain":0,"max_hp_loss":0,"event_name":"FaceTrader","floor":3,"gold_loss":0},{"damage_healed":0,"gold_gain":0,"player_choice":"Obtained Book","damage_taken":16,"max_hp_gain":0,"max_hp_loss":0,"event_name":"Cursed Tome","floor":19,"gold_loss":0},{"cards_removed":["Decay"],"damage_healed":0,"gold_gain":0,"player_choice":"Offered Curse","damage_taken":0,"relics_obtained":["Spirit Poop"],"max_hp_gain":0,"max_hp_loss":0,"event_name":"Bonfire Elementals","floor":31,"gold_loss":0},{"cards_removed":["SpecialBullet"],"damage_healed":0,"gold_gain":0,"player_choice":"Removed Attack","damage_taken":0,"max_hp_gain":0,"max_hp_loss":0,"event_name":"Falling","floor":48,"gold_loss":0}],"is_beta":true,"boss_relics":[{"not_picked":["Abe\u0027s Treasure","Ring of Chaos"],"picked":"Replay:Ancient Bell"},{"not_picked":["Art of War","Gremlin Food"],"picked":"Grinning Jar"},{"not_picked":["Eternal Feather","Sundial"],"picked":"Replay:Bottled Snecko"},{"not_picked":["Ice Cream","StoneCalendar"],"picked":"Gambling Chip"},{"not_picked":["Honey Jar","Replay:Drink Me"],"picked":"SacredBark"}],"items_purged_floors":[14,21,22],"is_endless":false,"potions_floor_spawned":[4,5,12,16,30,37,39,40,47],"ascension_level":7}}