{"host":"8czslf765hghnpcx","time":1613402152,"event":{"mods":["BaseMod","BetterRewards","Colored Map","Downfall","GifTheSpireLib","Minty Spire (QoL Compilation)","Quick Restart","StSLib","noobMod"],"gold_per_floor":[99,109,123,123,123,140,140,154,181,193,93,93,106,16,35,134,134,34,51,51,67,77,77,104,280,280,315,315,334,234,246,262,358,358,358,123,171,183,183,207,207,234,249,249,269,280,280,299,299,299,326,123,123,123,123],"floor_reached":56,"language":"ZHS","playtime":3497,"items_purged":["bronze:Defend","bronze:Strike","bronze:WhirlingStrike+1"],"score":1276,"play_id":"6a1b958b-82e6-43c6-8378-3930f30d2afc","local_time":"20210215231552","is_ascension_mode":false,"campfire_choices":[{"floor":1,"key":"RECALL"},{"data":"bronze:GetLatest","floor":11,"key":"SMITH"},{"data":"bronze:Virus","floor":18,"key":"SMITH"},{"data":"bronze:MaxOutput","floor":30,"key":"SMITH"},{"data":"bronze:Mutator","floor":35,"key":"SMITH"},{"data":"bronze:Goto","floor":41,"key":"SMITH"},{"data":"bronze:MaxOutput","floor":53,"key":"SMITH"}],"circlet_count":0,"master_deck":["bronze:Replicate+1","bronze:Goto+1","bronze:Turbo+1","bronze:Shield+1","bronze:Goto+1","bronze:Deprecate+1","bronze:GetLatest+1","bronze:BugBarrage+1","bronze:ChosenStrike+1","bronze:BuggyMess+1","bronze:Branch+1","bronze:FollowUp+1","bronze:Virus+1","bronze:MaxOutput+1","bronze:Branch+1","bronze:MaxOutput+1","bronze:ForceShield+1","bronze:Break+1","bronze:FineTuning+1","bronze:Fortify+1","bronze:Mutator+1","bronze:ItsAFeature+1","bronze:Iterate+1","bronze:Optimize+1","bronze:Repulsor+1","bronze:BronzeOrb+1","bronze:MaxOutput+1","bronze:Repulsor+1","bronze:Verify","bronze:ItsAFeature"],"relics":["bronze:BronzeCore","ice","Tiny Chest","Blue Candle","bronze:MakeshiftBattery","Enchiridion","Question Card","Whetstone","Lantern","Empty Cage","War Paint","Dream Catcher","downfall:TeleportStone","Bag of Marbles","Eternal Feather","Vajra","Letter Opener"],"acts_visited":["Exordium","TheCity","TheBeyond","TheEnding"],"potions_floor_usage":[9,14,15,25,25,33,42,49,55],"damage_taken":[{"damage":1,"enemies":"Cultist","floor":2,"turns":4},{"damage":2,"enemies":"Small Slimes","floor":3,"turns":4},{"damage":5,"enemies":"2 Louse","floor":6,"turns":3},{"damage":9,"enemies":"Large Slime","floor":8,"turns":11},{"damage":26,"enemies":"Lagavulin","floor":9,"turns":7},{"damage":3,"enemies":"Blue Slaver","floor":10,"turns":3},{"damage":5,"enemies":"Exordium Wildlife","floor":13,"turns":3},{"damage":0,"enemies":"downfall:FleeingMerchant","floor":14,"turns":4},{"damage":0,"enemies":"2 Fungi Beasts","floor":15,"turns":2},{"damage":14,"enemies":"IC_STATUS_ARCHETYPE","floor":16,"turns":7},{"damage":0,"enemies":"Chosen","floor":19,"turns":3},{"damage":0,"enemies":"Shell Parasite","floor":21,"turns":3},{"damage":0,"enemies":"Chosen and Byrds","floor":22,"turns":4},{"damage":0,"enemies":"downfall:FleeingMerchant","floor":25,"turns":2},{"damage":8,"enemies":"downfall:FleeingMerchant","floor":26,"turns":4},{"damage":0,"enemies":"Book of Stabbing","floor":27,"turns":3},{"damage":0,"enemies":"Cultist and Chosen","floor":29,"turns":2},{"damage":0,"enemies":"3 Cultists","floor":31,"turns":3},{"damage":0,"enemies":"Shelled Parasite and Fungi","floor":32,"turns":2},{"damage":31,"enemies":"DF_ARCHETYPE_CLAW","floor":33,"turns":6},{"damage":0,"enemies":"3 Darklings","floor":38,"turns":2},{"damage":2,"enemies":"Nemesis","floor":42,"turns":5},{"damage":1,"enemies":"3 Shapes","floor":43,"turns":1},{"damage":0,"enemies":"Spire Growth","floor":45,"turns":3},{"damage":0,"enemies":"3 Darklings","floor":46,"turns":2},{"damage":25,"enemies":"Writhing Mass","floor":48,"turns":4},{"damage":66,"enemies":"SI_POISON_ARCHETYPE","floor":49,"turns":5},{"damage":0,"enemies":"downfall:CharBossMerchant","floor":51,"turns":3},{"damage":18,"enemies":"downfall:NeowBoss","floor":54,"turns":6},{"damage":156,"enemies":"downfall:NeowBossFinal","floor":55,"turns":8}],"seed_played":"-2445280453029337451","potions_obtained":[{"floor":8,"key":"CultistPotion"},{"floor":9,"key":"DistilledChaos"},{"floor":13,"key":"Fire Potion"},{"floor":16,"key":"DistilledChaos"},{"floor":21,"key":"DistilledChaos"},{"floor":27,"key":"ColorlessPotion"},{"floor":29,"key":"AttackPotion"},{"floor":32,"key":"FearPotion"},{"floor":33,"key":"Explosive Potion"},{"floor":43,"key":"SteroidPotion"},{"floor":45,"key":"Dexterity Potion"}],"is_trial":false,"path_per_floor":["R","M","M","?","?","M","T","M","E","M","R","?","M","$","M","B",null,"R","M","?","M","M","T","T","$","?","E","?","M","R","M","M","B",null,"R","$","T","M","?","T","R","E","M","?","M","M","T","M","B",null,"E","$","R","B","B",null],"character_chosen":"THE_AUTOMATON","items_purchased":["bronze:ForceShield","bronze:ItsAFeature","bronze:Iterate","War Paint","bronze:ItsAFeature"],"campfire_rested":0,"item_purchase_floors":[25,36,36,36,52],"current_hp_per_floor":[77,76,74,49,49,44,44,35,77,74,74,74,69,69,69,55,92,102,102,86,86,86,86,86,86,78,78,78,78,78,78,78,47,127,127,127,127,127,127,127,127,125,124,123,123,123,123,98,32,133,133,133,134,116,107],"gold":123,"neow_bonus":"TEN_PERCENT_HP_BONUS","is_daily":false,"chose_seed":false,"campfire_upgraded":6,"win_rate":0.0,"timestamp":1613402152,"path_taken":["R","M","M","?","?","M","T","M","E","M","R","?","M","$","M","BOSS","R","M","?","M","M","?","T","?","?","E","?","M","R","M","M","BOSS","R","$","?","M","?","T","R","E","?","?","M","M","?","M","BOSS","E","$","R","BOSS","BOSS"],"items_purchased_type":["Card","Card","Card","Relic","Card"],"build_version":"2020-12-22","purchased_purges":3,"victory":true,"max_hp_per_floor":[77,77,77,77,77,77,77,77,77,79,79,79,82,87,87,92,92,102,104,104,107,110,110,110,110,112,115,115,117,117,118,119,127,127,127,127,127,127,127,127,127,131,133,123,124,125,125,128,133,133,134,134,134,137,150],"card_choices":[{"not_picked":["bronze:BugBarrage","bronze:OilSpill"],"picked":"bronze:Turbo","floor":2},{"not_picked":["bronze:Allocate","bronze:Overheat"],"picked":"bronze:Shield","floor":3},{"not_picked":["bronze:Shield","bronze:Invalidate"],"picked":"bronze:Deprecate","floor":6},{"not_picked":["bronze:Safeguard","bronze:WildBeam"],"picked":"bronze:GetLatest","floor":8},{"not_picked":["bronze:FindAndReplace","bronze:Philosophize"],"picked":"bronze:BugBarrage","floor":9},{"not_picked":["bronze:NullPointer","bronze:BitShift"],"picked":"bronze:ChosenStrike","floor":10},{"not_picked":["bronze:Turbo","bronze:Return"],"picked":"bronze:BuggyMess","floor":13},{"not_picked":["bronze:BuggyMess","bronze:WildBeam"],"picked":"bronze:Branch","floor":14},{"not_picked":["bronze:DarkDash","bronze:NullPointer"],"picked":"bronze:FollowUp","floor":15},{"not_picked":["bronze:Assembly","bronze:Break"],"picked":"bronze:Virus","floor":16},{"not_picked":["bronze:GetLatest","bronze:Deprecate"],"picked":"bronze:MaxOutput+1","floor":19},{"not_picked":["bronze:Deprecate","bronze:OilSpill"],"picked":"bronze:Branch","floor":21},{"not_picked":["bronze:Shell","bronze:CutThrough+1"],"picked":"bronze:MaxOutput","floor":22},{"not_picked":["bronze:Repair","bronze:Branch","bronze:Shell","bronze:OilSpill"],"picked":"SKIP","floor":25},{"not_picked":["bronze:ForLoop","bronze:Shield","bronze:DelayedGuard"],"picked":"bronze:Break","floor":27},{"not_picked":["bronze:DelayedGuard","bronze:BitShift","bronze:Overheat"],"picked":"bronze:FineTuning","floor":29},{"not_picked":["bronze:DigitalCarnage","bronze:BugBarrage","bronze:Frontload"],"picked":"bronze:WhirlingStrike","floor":31},{"not_picked":["bronze:WildBeam","bronze:Assembly","bronze:Shield+1"],"picked":"bronze:Fortify+1","floor":32},{"not_picked":["bronze:ThunderWave","bronze:BurnOut","bronze:ShipIt"],"picked":"bronze:Mutator","floor":33},{"not_picked":["bronze:ForLoop","bronze:Return","bronze:DelayedSlice"],"picked":"bronze:Optimize","floor":38},{"not_picked":["bronze:ClassDefault","bronze:CloningBeam","bronze:BitShift+1"],"picked":"bronze:Repulsor","floor":42},{"not_picked":["bronze:Philosophize","bronze:BitShift","bronze:Iterate+1"],"picked":"bronze:BronzeOrb+1","floor":43},{"not_picked":["bronze:ForceShield","bronze:Flail","bronze:Branch","bronze:Turbo+1"],"picked":"SKIP","floor":45},{"not_picked":["bronze:ChildClass+1","bronze:Turbo+1","bronze:Assembly"],"picked":"bronze:MaxOutput","floor":46},{"not_picked":["bronze:BuggyMess+1","bronze:FineTuning","bronze:CutThrough"],"picked":"bronze:Repulsor+1","floor":48},{"not_picked":["bronze:Repulsor","bronze:GetLatest","bronze:ChosenStrike"],"picked":"bronze:Verify","floor":51}],"player_experience":143447,"relics_obtained":[{"floor":9,"key":"Blue Candle"},{"floor":20,"key":"Enchiridion"},{"floor":23,"key":"Question Card"},{"floor":24,"key":"Whetstone"},{"floor":27,"key":"Lantern"},{"floor":37,"key":"Dream Catcher"},{"floor":40,"key":"Bag of Marbles"},{"floor":42,"key":"Eternal Feather"},{"floor":47,"key":"Vajra"},{"floor":51,"key":"Letter Opener"}],"event_choices":[{"damage_healed":0,"gold_gain":0,"player_choice":"Success","damage_taken":25,"relics_obtained":["Tiny Chest"],"max_hp_gain":0,"max_hp_loss":0,"event_name":"Scrap Ooze","floor":4,"gold_loss":0},{"cards_removed":["bronze:Strike"],"damage_healed":0,"gold_gain":0,"player_choice":"Card Removal","damage_taken":0,"max_hp_gain":0,"max_hp_loss":0,"event_name":"The Cleric","floor":12,"gold_loss":0},{"damage_healed":0,"gold_gain":0,"player_choice":"Ignored","damage_taken":0,"max_hp_gain":0,"max_hp_loss":0,"event_name":"Vampires","floor":28,"gold_loss":0}],"is_beta":false,"boss_relics":[{"not_picked":["SacredBark","Philosopher\u0027s Stone"],"picked":"bronze:MakeshiftBattery"},{"not_picked":["Calling Bell","Sozu"],"picked":"Empty Cage"}],"items_purged_floors":[14,25,52],"is_endless":false,"potions_floor_spawned":[8,9,13,16,21,27,29,32,33,43,45,46],"ascension_level":0}}