{"host":"x3688v8yj57o2b0e","time":1613416957,"event":{"mods":["BaseMod","Minty Spire (QoL Compilation)"],"gold_per_floor":[114,133,93,109,126,126,11,41,41,116,141,141,41,60,60,160,160,178,178,197,197,38,69,69,69,120,70,70,83,83,44,44,147,147,161,181,181,193,193,193,211,211,211,230,230,25,40,52,52,52],"floor_reached":51,"language":"ENG","playtime":4714,"items_purged":["Strike_G","Strike_G","Defend_G"],"score":773,"play_id":"687b7825-c596-4e67-9348-cccabc7735d3","local_time":"20210215142237","is_ascension_mode":true,"campfire_choices":[{"data":"Blade Dance","floor":6,"key":"SMITH"},{"data":"Leg Sweep","floor":15,"key":"SMITH"},{"data":"Footwork","floor":24,"key":"SMITH"},{"data":"Setup","floor":28,"key":"SMITH"},{"data":"Night Terror","floor":30,"key":"SMITH"},{"data":"Well Laid Plans","floor":32,"key":"SMITH"},{"data":"After Image","floor":40,"key":"SMITH"},{"data":"Blade Dance","floor":42,"key":"SMITH"},{"data":"Blade Dance","floor":45,"key":"SMITH"},{"data":"After Image","floor":49,"key":"SMITH"}],"circlet_count":0,"master_deck":["Strike_G","Strike_G","Defend_G","Defend_G","Defend_G","Survivor","Neutralize","Noxious Fumes","Endless Agony","Blade Dance+1","Quick Slash","Expertise","Backflip","Leg Sweep+1","Night Terror+1","Dagger Throw","Blade Dance+1","Footwork+1","Blade Dance+1","Setup+1","Acrobatics","PiercingWail","Well Laid Plans+1","After Image+1","Calculated Gamble","Secret Technique","Panache","Deflect","PiercingWail","Footwork+1","After Image+1","Footwork"],"relics":["Coffee Dripper","Anchor","Pear","Ice Cream","Philosopher\u0027s Stone","CultistMask","Nilry\u0027s Codex","White Beast Statue","Regal Pillow","WristBlade","Shuriken"],"acts_visited":["Exordium","TheCity","TheBeyond"],"potions_floor_usage":[11,11,16,33,33,33,36,50],"damage_taken":[{"damage":0,"enemies":"2 Louse","floor":1,"turns":3},{"damage":2,"enemies":"Cultist","floor":2,"turns":4},{"damage":8,"enemies":"Small Slimes","floor":4,"turns":4},{"damage":3,"enemies":"2 Fungi Beasts","floor":5,"turns":3},{"damage":12,"enemies":"3 Sentries","floor":8,"turns":7},{"damage":27,"enemies":"Gremlin Nob","floor":11,"turns":4},{"damage":7,"enemies":"Exordium Thugs","floor":14,"turns":5},{"damage":15,"enemies":"The Guardian","floor":16,"turns":8},{"damage":30,"enemies":"2 Thieves","floor":18,"turns":4},{"damage":19,"enemies":"Spheric Guardian","floor":20,"turns":4},{"damage":44,"enemies":"Gremlin Leader","floor":23,"turns":9},{"damage":4,"enemies":"Snake Plant","floor":29,"turns":6},{"damage":8,"enemies":"Automaton","floor":33,"turns":12},{"damage":12,"enemies":"Orb Walker","floor":35,"turns":4},{"damage":1,"enemies":"3 Shapes","floor":36,"turns":4},{"damage":15,"enemies":"Sphere and 2 Shapes","floor":38,"turns":4},{"damage":5,"enemies":"3 Darklings","floor":41,"turns":3},{"damage":0,"enemies":"Maw","floor":44,"turns":5},{"damage":9,"enemies":"Spire Growth","floor":47,"turns":3},{"damage":0,"enemies":"Jaw Worm Horde","floor":48,"turns":3},{"damage":2,"enemies":"Time Eater","floor":50,"turns":8}],"seed_played":"-2808712138601311971","potions_obtained":[{"floor":3,"key":"SpeedPotion"},{"floor":3,"key":"BlessingOfTheForge"},{"floor":3,"key":"CultistPotion"},{"floor":4,"key":"FairyPotion"},{"floor":11,"key":"CultistPotion"},{"floor":16,"key":"Ancient Potion"},{"floor":18,"key":"LiquidMemories"},{"floor":29,"key":"Dexterity Potion"},{"floor":33,"key":"AttackPotion"},{"floor":35,"key":"SkillPotion"},{"floor":36,"key":"Poison Potion"},{"floor":38,"key":"FearPotion"},{"floor":41,"key":"DuplicationPotion"},{"floor":47,"key":"LiquidMemories"}],"is_trial":false,"path_per_floor":["M","M","?","M","M","R","$","E","T","?","E","?","$","M","R","B",null,"M","?","M","?","$","E","R","?","T","$","R","M","R","$","R","B",null,"M","M","?","M","?","R","M","R","T","M","R","$","M","M","R","B",null],"character_chosen":"THE_SILENT","items_purchased":["Expertise","Footwork","PiercingWail","Well Laid Plans","After Image","SteroidPotion"],"campfire_rested":0,"item_purchase_floors":[7,22,27,31,46,46],"current_hp_per_floor":[70,68,68,60,57,57,57,45,55,44,17,90,90,83,83,68,90,60,60,41,25,25,13,13,13,13,13,13,9,9,9,9,1,90,78,77,72,57,57,57,52,52,52,52,52,52,43,43,43,41],"gold":52,"neow_bonus":"BOSS_RELIC","is_daily":false,"chose_seed":false,"campfire_upgraded":10,"win_rate":0.0,"timestamp":1613416957,"path_taken":["M","M","?","M","?","R","$","E","T","?","E","?","$","M","R","BOSS","M","?","?","?","$","E","R","?","T","$","R","M","R","$","R","BOSS","M","M","?","M","?","R","M","R","T","?","R","$","M","M","R","BOSS"],"items_purchased_type":["Card","Card","Card","Card","Card","Potion"],"build_version":"2020-12-22","purchased_purges":3,"victory":true,"max_hp_per_floor":[70,70,70,70,70,70,70,70,80,80,80,90,90,90,90,90,90,90,90,90,90,90,90,90,90,90,90,90,90,90,90,90,90,90,90,90,90,90,90,90,90,90,90,90,90,90,90,90,90,90],"card_choices":[{"not_picked":["Flying Knee","Sucker Punch"],"picked":"Noxious Fumes","floor":1},{"not_picked":["All Out Attack","Finisher"],"picked":"Endless Agony","floor":2},{"not_picked":["Sucker Punch","Deadly Poison"],"picked":"Blade Dance","floor":4},{"not_picked":["Heel Hook","Sucker Punch"],"picked":"Quick Slash","floor":5},{"not_picked":["Prepared","Bouncing Flask"],"picked":"Envenom","floor":8},{"not_picked":["Heel Hook","Dagger Spray"],"picked":"Backflip","floor":11},{"not_picked":["Deflect","Infinite Blades"],"picked":"Leg Sweep","floor":14},{"not_picked":["Glass Knife","A Thousand Cuts"],"picked":"Night Terror","floor":16},{"not_picked":["Outmaneuver","Underhanded Strike"],"picked":"Dagger Throw","floor":18},{"not_picked":["Prepared","Grand Finale"],"picked":"Blade Dance","floor":20},{"not_picked":["Cloak And Dagger","Infinite Blades"],"picked":"Blade Dance","floor":23},{"not_picked":["Prepared","Dagger Spray","Slice"],"picked":"SKIP","floor":29},{"not_picked":["Die Die Die","Grand Finale"],"picked":"After Image","floor":33},{"not_picked":["Outmaneuver","Dagger Spray","Sucker Punch+1"],"picked":"SKIP","floor":35},{"not_picked":["Deadly Poison","Outmaneuver"],"picked":"Calculated Gamble","floor":36},{"not_picked":["Mind Blast","Chrysalis"],"picked":"Secret Technique","floor":37},{"not_picked":["Trip","Jack Of All Trades"],"picked":"Panache","floor":37},{"not_picked":["Bane+1","Backflip+1"],"picked":"Deflect","floor":38},{"not_picked":["Bane","Backflip+1"],"picked":"PiercingWail","floor":41},{"not_picked":["Poisoned Stab","Finisher"],"picked":"Footwork+1","floor":44},{"not_picked":["Sucker Punch+1","Poisoned Stab+1"],"picked":"Footwork","floor":47},{"not_picked":["Unload","Bane","Endless Agony+1"],"picked":"SKIP","floor":48}],"player_experience":247881,"relics_obtained":[{"floor":8,"key":"Anchor"},{"floor":9,"key":"Pear"},{"floor":11,"key":"Ice Cream"},{"floor":21,"key":"Nilry\u0027s Codex"},{"floor":23,"key":"White Beast Statue"},{"floor":26,"key":"Regal Pillow"},{"floor":43,"key":"Shuriken"}],"event_choices":[{"damage_healed":0,"gold_gain":0,"player_choice":"Bought 3 Potions","damage_taken":0,"max_hp_gain":0,"max_hp_loss":0,"event_name":"The Woman in Blue","floor":3,"gold_loss":0},{"damage_healed":0,"gold_gain":75,"player_choice":"Gather Gold","damage_taken":11,"max_hp_gain":0,"max_hp_loss":0,"event_name":"World of Goop","floor":10,"gold_loss":0},{"cards_removed":["Envenom"],"damage_healed":63,"gold_gain":0,"player_choice":"Offered Rare","damage_taken":0,"max_hp_gain":10,"max_hp_loss":0,"event_name":"Bonfire Elementals","floor":12,"gold_loss":0},{"damage_healed":0,"gold_gain":0,"player_choice":"Trade","damage_taken":0,"relics_obtained":["CultistMask"],"max_hp_gain":0,"max_hp_loss":0,"event_name":"FaceTrader","floor":19,"gold_loss":0},{"damage_healed":0,"gold_gain":0,"player_choice":"Obtained Book","damage_taken":16,"max_hp_gain":0,"max_hp_loss":0,"event_name":"Cursed Tome","floor":21,"gold_loss":0},{"damage_healed":0,"gold_gain":0,"cards_transformed":["Strike_G","Defend_G"],"player_choice":"Became Test Subject","damage_taken":0,"max_hp_gain":0,"max_hp_loss":0,"event_name":"Drug Dealer","floor":25,"gold_loss":0,"cards_obtained":["Setup","Acrobatics"]},{"damage_healed":0,"gold_gain":0,"player_choice":"Memory 2","damage_taken":5,"max_hp_gain":0,"max_hp_loss":0,"event_name":"SensoryStone","floor":37,"gold_loss":0},{"damage_healed":0,"gold_gain":0,"player_choice":"Ignored","damage_taken":0,"max_hp_gain":0,"max_hp_loss":0,"event_name":"SecretPortal","floor":39,"gold_loss":0}],"is_beta":false,"boss_relics":[{"not_picked":["SacredBark","Calling Bell"],"picked":"Philosopher\u0027s Stone"},{"not_picked":["Tiny House","HoveringKite"],"picked":"WristBlade"}],"items_purged_floors":[7,13,22],"is_endless":false,"potions_floor_spawned":[4,8,11,16,18,29,33,35,36,38,41,44,47,48],"ascension_level":3}}