{"host":"xx5zt3jtdyh8iun7","time":1613394662,"event":{"mods":["AchievementEnabler","Act Like it!","Bard","BaseMod","Downfall","Gensokyo","Minty Spire (QoL Compilation)","StSLib","The Marked","Warlord Emblem"],"gold_per_floor":[11,26,126,142,153,153,182,195,195,227,245,245,262,262,262,367,367,385,385,385,400,121,121,1,251,278,291,318,318,328,342,342,442,442,460,460,400,411,427,427,452,452,475,475,475,526,553,571,571,571,571,571,253,278,278,278],"floor_reached":55,"language":"ENG","playtime":5643,"items_purged":["WarlordEmblem:RuneStrike","WarlordEmblem:Defend_DK"],"score":762,"play_id":"96f221f6-d1a4-48a2-8ae8-f8c6fd4f9110","local_time":"20210215141102","is_ascension_mode":true,"campfire_choices":[{"data":"WarlordEmblem:FrozenStrike","floor":6,"key":"SMITH"},{"data":"WarlordEmblem:RuneMelter","floor":12,"key":"SMITH"},{"data":"WarlordEmblem:ForceDeflexion","floor":15,"key":"SMITH"},{"data":"WarlordEmblem:EvilEager","floor":23,"key":"SMITH"},{"floor":29,"key":"RECALL"},{"data":"WarlordEmblem:WrathOfSindragosa","floor":32,"key":"SMITH"},{"data":"WarlordEmblem:CurseBlade","floor":40,"key":"SMITH"},{"data":"WarlordEmblem:RealmRider","floor":42,"key":"SMITH"},{"data":"WarlordEmblem:AntiMagicShield","floor":44,"key":"SMITH"},{"data":"WarlordEmblem:FrozenHeart","floor":49,"key":"SMITH"},{"data":"WarlordEmblem:HungeringCold","floor":52,"key":"SMITH"}],"circlet_count":0,"master_deck":["WarlordEmblem:RuneStrike","WarlordEmblem:RuneStrike","WarlordEmblem:RuneStrike","WarlordEmblem:Defend_DK","WarlordEmblem:Defend_DK","WarlordEmblem:RuneDefend","WarlordEmblem:FrozenStrike+1","WarlordEmblem:RuneMelter+1","WarlordEmblem:DeathStrike+1","WarlordEmblem:BloodSacrifice","WarlordEmblem:EvilSee","WarlordEmblem:HeartStrike","WarlordEmblem:WillOfTheNecropolis","WarlordEmblem:WinterHorn","WarlordEmblem:AntiMagicShield+1","WarlordEmblem:EvilEager+1","WarlordEmblem:WrathOfSindragosa+1","WarlordEmblem:FrozenDeath","WarlordEmblem:LichBody","WarlordEmblem:SevereWinter+1","WarlordEmblem:CurseBlade+1","WarlordEmblem:RealmRider+1","Gensokyo:CustomPotion","WarlordEmblem:UndeadWill","WarlordEmblem:VoidDefend","WarlordEmblem:HungeringCold+1","WarlordEmblem:FrozenHeart+1"],"relics":["WarlordEmblem:RuneSword","WarlordEmblem:IceRealm","WarlordEmblem:DeathArmy","Ancient Tea Set","InkBottle","Eternal Feather","Gensokyo:LunaticRedEyes","WarlordEmblem:IceDragon","Membership Card","Art of War","Gensokyo:SpiderMask","Sundial","SlaversCollar","Dead Branch","PreservedInsect","Vajra","Whetstone","Strawberry","Centennial Puzzle","ClockworkSouvenir","Blood Vial"],"acts_visited":["Gensokyo:Gensokyo","Gensokyo:Gensokyoer","Gensokyo:Gensokyoest","TheEnding"],"potions_floor_usage":[7,8,16,33,39,50,55,55,55],"damage_taken":[{"damage":0,"enemies":"Gensokyo:2_Kodama","floor":1,"turns":4},{"damage":4,"enemies":"Gensokyo:Python","floor":2,"turns":4},{"damage":0,"enemies":"Gensokyo:Gryphon","floor":4,"turns":4},{"damage":13,"enemies":"Gensokyo:LivingMonolith","floor":5,"turns":4},{"damage":4,"enemies":"Gensokyo:Aya","floor":7,"turns":6},{"damage":12,"enemies":"Gensokyo:5_Fairies","floor":8,"turns":5},{"damage":6,"enemies":"Gensokyo:Mamizou","floor":10,"turns":7},{"damage":2,"enemies":"Gensokyo:VengefulSpirit","floor":11,"turns":4},{"damage":2,"enemies":"Gensokyo:Kitsune","floor":13,"turns":4},{"damage":12,"enemies":"Gensokyo:Reimu","floor":16,"turns":9},{"damage":3,"enemies":"Gensokyo:Chomper","floor":18,"turns":5},{"damage":4,"enemies":"Gensokyo:2_Gloops","floor":21,"turns":4},{"damage":0,"enemies":"Gensokyo:Swordslinger","floor":27,"turns":4},{"damage":1,"enemies":"Gensokyo:Reisen","floor":28,"turns":5},{"damage":0,"enemies":"Gensokyo:Wraith","floor":30,"turns":4},{"damage":11,"enemies":"Gensokyo:Monolith_and_Dog","floor":31,"turns":4},{"damage":70,"enemies":"Gensokyo:Eternal_Rivals","floor":33,"turns":12},{"damage":0,"enemies":"Gensokyo:3_Bats","floor":35,"turns":4},{"damage":10,"enemies":"Gensokyo:AncientGuardian","floor":38,"turns":8},{"damage":38,"enemies":"Gensokyo:Rafflesia","floor":39,"turns":9},{"damage":8,"enemies":"Gensokyo:Doremy","floor":41,"turns":5},{"damage":7,"enemies":"Gensokyo:Kasen","floor":47,"turns":6},{"damage":1,"enemies":"Gensokyo:Dusk_and_Dawn","floor":48,"turns":4},{"damage":1,"enemies":"Gensokyo:Yuyuko","floor":50,"turns":6},{"damage":1,"enemies":"Shield and Spear","floor":54,"turns":4},{"damage":94,"enemies":"The Heart","floor":55,"turns":8}],"seed_played":"11312048649730214","potions_obtained":[{"floor":2,"key":"Strength Potion"},{"floor":7,"key":"SneckoOil"},{"floor":8,"key":"sneckomod:MuddlingPotion"},{"floor":30,"key":"EssenceOfSteel"},{"floor":31,"key":"Regen Potion"},{"floor":33,"key":"LiquidBronze"},{"floor":41,"key":"Strength Potion"},{"floor":48,"key":"Fire Potion"},{"floor":54,"key":"sneckomod:MuddlingPotion"}],"is_trial":false,"path_per_floor":["M","M","?","M","M","R","E","M","T","E","M","R","M","?","R","B",null,"M","?","?","M","$","R","?","?","T","M","E","R","M","M","R","B",null,"M","?","?","M","M","R","E","R","T","R","?","T","E","M","R","B",null,"R","$","E","B"],"character_chosen":"DeathKnight","items_purchased":["Membership Card","WarlordEmblem:LichBody","Art of War","Strawberry","Centennial Puzzle","ClockworkSouvenir","WarlordEmblem:RuneExpandPotion"],"campfire_rested":0,"item_purchase_floors":[22,22,22,53,53,53,53],"current_hp_per_floor":[80,76,76,76,63,63,59,47,47,41,39,48,46,46,58,46,80,77,77,77,73,73,80,80,76,76,76,75,76,76,65,76,15,76,76,76,76,66,34,49,47,62,62,76,76,76,72,71,76,76,76,76,83,82,0,0],"gold":278,"neow_bonus":"ONE_RARE_RELIC","is_daily":false,"chose_seed":false,"campfire_upgraded":10,"win_rate":0.0,"timestamp":1613394662,"path_taken":["M","M","?","?","M","R","E","M","T","E","M","R","M","?","R","BOSS","M","?","?","M","$","R","?","?","T","M","E","R","M","M","R","BOSS","M","?","?","M","M","R","E","R","T","R","?","?","E","M","R","BOSS","R","$","E","BOSS"],"items_purchased_type":["Relic","Card","Relic","Relic","Relic","Relic","Potion"],"build_version":"2020-12-22","purchased_purges":2,"victory":false,"max_hp_per_floor":[80,80,80,80,80,80,80,80,80,80,80,80,80,80,80,80,80,80,80,80,80,80,80,80,76,76,76,76,76,76,76,76,76,76,76,76,76,76,76,76,76,76,76,76,76,76,76,76,76,76,76,76,83,83,83,83],"card_choices":[{"not_picked":["WarlordEmblem:RuneFocus","WarlordEmblem:RuneBlade"],"picked":"WarlordEmblem:ForceDeflexion","floor":1},{"not_picked":["WarlordEmblem:VoidStrike","WarlordEmblem:BoneShield"],"picked":"WarlordEmblem:RuneMelter","floor":2},{"not_picked":["WarlordEmblem:VoidStrike","WarlordEmblem:Withstand"],"picked":"WarlordEmblem:DeathStrike","floor":4},{"not_picked":["WarlordEmblem:RuneMelter","WarlordEmblem:VoidStrike"],"picked":"WarlordEmblem:BloodSacrifice","floor":5},{"not_picked":["WarlordEmblem:EvilPower","WarlordEmblem:RunePerfusion"],"picked":"WarlordEmblem:EvilSee","floor":7},{"not_picked":["WarlordEmblem:DeathCoil","WarlordEmblem:BodyStrike"],"picked":"WarlordEmblem:HeartStrike","floor":8},{"not_picked":["WarlordEmblem:Withstand","WarlordEmblem:ForceDeflexion"],"picked":"WarlordEmblem:WillOfTheNecropolis","floor":10},{"not_picked":["WarlordEmblem:Potential","WarlordEmblem:FrozenDeath"],"picked":"WarlordEmblem:WinterHorn","floor":11},{"not_picked":["WarlordEmblem:RuneBlade","WarlordEmblem:RuneFocus"],"picked":"WarlordEmblem:AntiMagicShield","floor":13},{"not_picked":["WarlordEmblem:BloodBoiling","WarlordEmblem:RunePerfusion"],"picked":"WarlordEmblem:EvilEager","floor":16},{"not_picked":["WarlordEmblem:Withstand","WarlordEmblem:EvilPower","WarlordEmblem:WinterHorn"],"picked":"SKIP","floor":18},{"not_picked":["WarlordEmblem:DeathShake","WarlordEmblem:VoidDefend"],"picked":"WarlordEmblem:FrozenDeath","floor":21},{"not_picked":["WarlordEmblem:BlackCommand","WarlordEmblem:RuneFocus"],"picked":"WarlordEmblem:SevereWinter","floor":27},{"not_picked":["WarlordEmblem:Withstand","WarlordEmblem:BodyStrike"],"picked":"WarlordEmblem:CurseBlade","floor":28},{"not_picked":["WarlordEmblem:RuneRegen","WarlordEmblem:VoidStrike","WarlordEmblem:SevereWinter"],"picked":"SKIP","floor":30},{"not_picked":["WarlordEmblem:RuneExplode","WarlordEmblem:DeathShake","WarlordEmblem:VoidStrike"],"picked":"SKIP","floor":31},{"not_picked":["WarlordEmblem:RunePerfusion","WarlordEmblem:RuneIndex"],"picked":"WarlordEmblem:RealmRider","floor":33},{"not_picked":["WarlordEmblem:RuneInspire+1","WarlordEmblem:VoidStrike+1","WarlordEmblem:EvilSee"],"picked":"SKIP","floor":35},{"not_picked":["WarlordEmblem:Withstand+1","WarlordEmblem:EvilPower+1"],"picked":"WarlordEmblem:UndeadWill","floor":38},{"not_picked":["WarlordEmblem:RuneBlade+1","WarlordEmblem:RuneDiffer+1","WarlordEmblem:DeathStrike"],"picked":"SKIP","floor":39},{"not_picked":["WarlordEmblem:WillOfTheNecropolis+1","WarlordEmblem:ForceDeflexion"],"picked":"WarlordEmblem:VoidDefend","floor":41},{"not_picked":["WarlordEmblem:Infect+1","WarlordEmblem:RuneInspire+1","WarlordEmblem:EvilWorm"],"picked":"SKIP","floor":47},{"not_picked":["WarlordEmblem:RuneDiffer+1","WarlordEmblem:DiseaseCloud"],"picked":"WarlordEmblem:FrozenHeart","floor":48},{"not_picked":["WarlordEmblem:VoidStrike","WarlordEmblem:Annihilation","WarlordEmblem:DeathStrike"],"picked":"SKIP","floor":54}],"player_experience":905324,"relics_obtained":[{"floor":7,"key":"Ancient Tea Set"},{"floor":9,"key":"InkBottle"},{"floor":10,"key":"Eternal Feather"},{"floor":28,"key":"Sundial"},{"floor":41,"key":"Dead Branch"},{"floor":43,"key":"PreservedInsect"},{"floor":46,"key":"Vajra"},{"floor":47,"key":"Whetstone"},{"floor":54,"key":"Blood Vial"}],"event_choices":[],"is_beta":false,"boss_relics":[{"not_picked":["Snecko Eye","Empty Cage"],"picked":"WarlordEmblem:IceDragon"},{"not_picked":["Sozu","Black Star"],"picked":"SlaversCollar"}],"items_purged_floors":[22,53],"is_endless":false,"potions_floor_spawned":[2,7,8,30,31,33,41,48,54],"killed_by":"The Heart","ascension_level":1}}