{"host":"x730sfaw5rd1mxd8","time":1613363016,"event":{"mods":["BaseMod","BetterRewards","Colored Powertips","Highlight Path","Minty Spire (QoL Compilation)","Relic Sorter","Relic Stats","Replay The Spire","StSLib"],"gold_per_floor":[110,127,137,137,154,183,183,208,278,309,309,309,343,353,353,425,425,443,115,30,48,65,82,95,67,67,92,105,132,151,166,166,240,240,250,250,265,275,125,160,160,186,186,233,251,261,288,307,307,307,307,307,307,28,61,61,61],"floor_reached":56,"language":"ENG","playtime":4017,"items_purged":["Strike_G","Strike_G","Strike_G","ReplayTheSpireMod:Doomed"],"score":2631,"play_id":"0d2fa89c-a7b9-47c3-989c-6c7210dffac6","local_time":"20210214232336","is_ascension_mode":true,"campfire_choices":[{"data":"Calculated Gamble","floor":7,"key":"SMITH"},{"data":"Noxious Fumes","floor":15,"key":"SMITH"},{"data":"Bullet Time","floor":32,"key":"SMITH"},{"data":"Footwork","floor":41,"key":"SMITH"},{"floor":49,"key":"RECALL"},{"data":"Catalyst","floor":53,"key":"SMITH"}],"circlet_count":0,"master_deck":["AscendersBane","Defend_G","Defend_G","Defend_G+1","Defend_G","Defend_G","Survivor","Predator","Calculated Gamble+1","Infinite Blades","Blade Dance","Dash","Noxious Fumes+1","ReplayTheSpireMod:Scrap Shanks","Eviscerate+1","Replay:Sssssssssshield","After Image","Calculated Gamble","ReplayTheSpireMod:From All Sides","Footwork+1","Sucker Punch+1","Prepared","Well Laid Plans","Catalyst+1","Bullet Time+1","Deadly Poison+1","Acrobatics+1","Deadly Poison+1","Blade Dance+1","Backflip+1","Hidden Blade+1","Prepared+1","Cloak And Dagger+1","Dodge and Roll+1","After Image","Blur+1","Bullet Time+1","Footwork+1","Cloak And Dagger+1","Corpse Explosion+1","Blade Dance+1","ReplayTheSpireMod:Tripwire+1","Dodge and Roll+1","Accuracy+1","Deflect+1","Prepared+1"],"relics":["Ring of the Snake","Tingsha","Orrery","Bag of Preparation","Meat on the Bone","Oddly Smooth Stone","Nunchaku","PreservedInsect","ReplayTheSpireMod:CursedCoin","Ring of Hypnosis","Replay:PocketPolymizer","CaptainsWheel","Iron Hammer","Boot","Omamori","ChewingGum","Toxic Egg 2","Replay:Mystery Machine","Torii","Onion Ring","Abe\u0027s Treasure","Mummified Hand","HornCleat","Du-Vu Doll","Replay:Kaleidoscope","OrangePellets"],"acts_visited":["Exordium","TheCity","TheBeyond","TheEnding"],"potions_floor_usage":[23,46,56,56],"damage_taken":[{"damage":0,"enemies":"Jaw Worm","floor":1,"turns":2},{"damage":0,"enemies":"Small Slimes","floor":2,"turns":2},{"damage":0,"enemies":"2 Louse","floor":3,"turns":2},{"damage":0,"enemies":"Large Slime","floor":5,"turns":2},{"damage":0,"enemies":"Replay:BlueRogue","floor":6,"turns":3},{"damage":3,"enemies":"Gremlin Nob","floor":10,"turns":3},{"damage":1,"enemies":"3 Sentries","floor":13,"turns":6},{"damage":0,"enemies":"Exordium Wildlife","floor":14,"turns":2},{"damage":0,"enemies":"Slime Boss","floor":16,"turns":5},{"damage":0,"enemies":"Chosen","floor":18,"turns":4},{"damage":0,"enemies":"3 Byrds","floor":21,"turns":2},{"damage":0,"enemies":"Cultist and Chosen","floor":22,"turns":5},{"damage":0,"enemies":"Shelled Parasite and Fungi","floor":23,"turns":4},{"damage":0,"enemies":"Snake Plant","floor":24,"turns":3},{"damage":1,"enemies":"Replay:Snechameleon","floor":27,"turns":4},{"damage":0,"enemies":"3 Cultists","floor":28,"turns":4},{"damage":0,"enemies":"Gremlin Leader","floor":29,"turns":3},{"damage":0,"enemies":"Cultist and Chosen","floor":30,"turns":3},{"damage":0,"enemies":"Snecko","floor":31,"turns":2},{"damage":20,"enemies":"Automaton","floor":33,"turns":8},{"damage":0,"enemies":"3 Darklings","floor":35,"turns":3},{"damage":0,"enemies":"Orb Walker","floor":37,"turns":2},{"damage":0,"enemies":"Maw","floor":38,"turns":5},{"damage":0,"enemies":"R_Hoarder","floor":40,"turns":6},{"damage":0,"enemies":"Giant Head","floor":42,"turns":3},{"damage":0,"enemies":"2 Orb Walkers","floor":44,"turns":4},{"damage":0,"enemies":"Transient","floor":45,"turns":6},{"damage":22,"enemies":"Jaw Worm Horde","floor":46,"turns":2},{"damage":0,"enemies":"Reptomancer","floor":47,"turns":4},{"damage":0,"enemies":"Writhing Mass","floor":48,"turns":3},{"damage":0,"enemies":"Donu and Deca","floor":50,"turns":6},{"damage":0,"enemies":"Replay:Hell Engine","floor":51,"turns":6},{"damage":0,"enemies":"Shield and Spear","floor":55,"turns":6},{"damage":74,"enemies":"The Heart","floor":56,"turns":6}],"seed_played":"-5628987822452796136","potions_obtained":[{"floor":3,"key":"LifebloodPotion"},{"floor":6,"key":"BlessingOfTheForge"},{"floor":14,"key":"Regen Potion"},{"floor":27,"key":"Fire Potion"},{"floor":42,"key":"GamblersBrew"},{"floor":46,"key":"ColorlessPotion"}],"is_trial":false,"path_per_floor":["M","M","M","?","M","E","R","?","T","E","$","?","E","M","R","B",null,"M","$","?","M","M","M","M","$","T","E","M","E","M","M","R","B",null,"M","?","M","M","$","E","R","E","T","?","M","M","E","M","R","B","B",null,"R","$","E","B"],"character_chosen":"THE_SILENT","items_purchased":["Well Laid Plans","Predator","Tingsha","Orrery","ReplayTheSpireMod:Scrap Shanks","Eviscerate+1","Bag of Preparation","Meat on the Bone","Replay:Sssssssssshield","Oddly Smooth Stone","Nunchaku","After Image","Calculated Gamble","ReplayTheSpireMod:From All Sides","PreservedInsect","ReplayTheSpireMod:CursedCoin","Footwork","Sucker Punch+1","Toxic Egg 2","Deadly Poison+1","Blade Dance+1","OrangePellets","Deflect+1","PowerPotion"],"campfire_rested":0,"item_purchase_floors":[0,0,0,0,0,0,0,0,0,0,0,0,0,0,0,0,0,0,19,19,25,54,54,54],"current_hp_per_floor":[59,59,59,59,59,59,59,33,33,42,42,22,33,45,45,45,61,61,61,61,61,61,61,61,61,61,60,60,60,60,60,60,40,60,60,60,60,60,60,60,60,60,60,60,60,38,38,38,38,38,38,59,59,59,59,0,0],"gold":61,"neow_bonus":"","is_daily":false,"chose_seed":false,"campfire_upgraded":5,"win_rate":0.0,"timestamp":1613363016,"path_taken":["M","M","M","?","M","E","R","?","T","E","$","?","E","M","R","BOSS","M","$","?","M","M","M","M","$","T","E","M","E","M","M","R","BOSS","M","?","?","M","?","E","R","E","T","?","M","M","E","M","R","BOSS","BOSS","R","$","E","BOSS"],"items_purchased_type":["Card","Card","Relic","Relic","Card","Card","Relic","Relic","Card","Relic","Relic","Card","Card","Card","Relic","Relic","Card","Card","Relic","Card","Card","Relic","Card","Potion"],"build_version":"2020-12-22","purchased_purges":4,"victory":false,"max_hp_per_floor":[66,66,66,66,66,66,66,66,66,66,66,66,66,66,66,66,66,66,66,66,66,66,66,66,66,66,66,66,66,66,66,66,66,66,66,66,66,66,66,66,66,66,66,66,66,66,66,66,66,66,66,66,66,66,66,66,66],"relic_stats":{"OrangePellets":[16],"Nunchaku":[50],"Torii":49,"counters":[452,1925],"Mummified Hand":[60],"Tingsha":[603],"PreservedInsect":687,"Bag of Preparation":[68],"Boot":[309],"obtain_stats":[{"TwistedFunnel":0,"Replay:Accelerometer":26,"Golden Egg":29,"Vampiric Spirits":0,"Whetstone":55,"Bottled Tornado":54,"Boot":55,"Sling":55,"Old Coin":36,"Blood Vial":20,"Replay:Wanted Poster":34,"Replay:Ringing Soul":48,"Sundial":10,"Replay:Bronze Core":17,"MealTicket":27,"Fusion Hammer":36,"Necronomicon":22,"Replay:Bottled Flurry":30,"Kunai":26,"Replay:Wax Seal":10,"Electric Blood":17,"Replay:Bottled Steam":43,"Pear":46,"Blue Candle":30,"Counterbalance":0,"Tingsha":0,"Eternal Feather":21,"Pen Nib":48,"Replay:Ancient Bell":17,"Paper Crane":8,"Akabeko":43,"SlaversCollar":17,"Snecko Scales":34,"Bird Faced Urn":12,"Snecko Eye":34,"Mark of Pain":0,"StrikeDummy":6,"Unceasing Top":27,"Abe\u0027s Treasure":17,"Ring of the Serpent":34,"Regal Pillow":0,"Lantern":25,"Singing Bowl":10,"Torii":0,"Magic Flower":11,"Painkiller Herb":19,"StoneCalendar":30,"Blue Doll":31,"Bag of Preparation":55,"Replay:Multitool":44,"Cursed Key":34,"Smiling Mask":41,"Burning Blood":0,"Pet Ghost":23,"Replay:Rubber Ducky":55,"Matryoshka":0,"Shovel":0,"Chemical X":21,"Replay:Bottled Eggs":48,"InkBottle":0,"Ring of the Snake":0,"Potion Belt":0,"Lee\u0027s Waffle":54,"The Specimen":25,"Golden Idol":11,"Basket Of Snakes":39,"Thread and Needle":0,"The Courier":14,"PreservedInsect":22,"Omamori":23,"Frozen Egg 2":0,"MawBank":31,"Replay:Arrowhead":9,"Busted Crown":17,"Ornamental Fan":55,"Bloody Idol":19,"Orrery":0,"Turnip":46,"Art of War":40,"Durian":0,"Bottled Lightning":47,"ReplayTheSpireMod:Ring of Challenge":38,"ReplayTheSpireMod:Onyx Gauntlets":34,"ReplayTheSpireMod:Lightbulb":30,"Toy Ornithopter":26,"Ice Cream":14,"Divine Protection":45,"Calipers":32,"Gremlin Horn":9,"Nilry\u0027s Codex":23,"Vajra":28,"Sozu":17,"Centennial Puzzle":9,"HornCleat":14,"DollysMirror":30,"Strawberry":28,"Honey Jar":34,"Prayer Wheel":0,"Iron Hammer":0,"Toxic Egg 2":0,"Byrd Skull":11,"Happy Flower":55,"Ring of Hypnosis":4,"ReplayTheSpireMod:CursedCoin":0,"Replay:Grab Bag":34,"Oddly Smooth Stone":26,"Ring of Chaos":47,"Replay:Kaleidoscope":25,"Letter Opener":41,"War Paint":54,"Question Card":0,"Du-Vu Doll":0,"OrangePellets":0,"Bottled Flame":15,"Replay:Baseball":0,"Shuriken":12,"Bronze Scales":12,"Simple Rune":55,"Onion Ring":54,"Molten Egg 2":43,"ReplayTheSpireMod:TigerMarble":17,"Grinning Jar":23,"Pocketwatch":0,"Meat on the Bone":38,"Darkstone Periapt":5,"ReplayFunnel":55,"Replay:PocketPolymizer":27,"Mango":6,"Snake Skull":29,"Incense Burner":45,"Juzu Bracelet":43,"Replay:Mystery Machine":20,"ClockworkSouvenir":45,"Dream Catcher":43,"Nunchaku":24,"Replay:Bandana":10,"TheAbacus":0,"Mummified Hand":48,"Pantograph":23,"Gambling Chip":24,"Tiny Chest":29,"Red Mask":22,"Replay:Bottled Snecko":8,"Replay:Drink Me":34,"Red Skull":6,"Gremlin Food":44,"BargainBundle":7,"ReplayTheSpireMod:Ninjato":40,"Replay:Towering Pillar of Hats":10,"Quantum Egg":46,"Guide Book":0,"Replay:WaspNest":0,"Orichalcum":56,"Odd Mushroom":10,"Medical Kit":42,"White Beast Statue":53,"Mercury Hourglass":0,"Calling Bell":17,"Anchor":11,"CaptainsWheel":43,"Pondfish Scales":55,"ChewingGum":34,"Snack Pack":8,"Coffee Dripper":17,"Bag of Marbles":11,"Membership Card":0},{"TwistedFunnel":186,"Replay:Accelerometer":294,"Golden Egg":355,"Vampiric Spirits":61,"Whetstone":91,"Bottled Tornado":218,"Boot":91,"Sling":91,"Old Coin":409,"Blood Vial":26,"Replay:Wanted Poster":297,"Replay:Ringing Soul":275,"Sundial":256,"Replay:Bronze Core":349,"MealTicket":58,"Fusion Hammer":80,"Necronomicon":168,"Replay:Bottled Flurry":236,"Kunai":142,"Replay:Wax Seal":224,"Electric Blood":51,"Replay:Bottled Steam":119,"Pear":122,"Blue Candle":30,"Counterbalance":279,"Tingsha":93,"Eternal Feather":200,"Pen Nib":153,"Replay:Ancient Bell":380,"Paper Crane":66,"Akabeko":212,"SlaversCollar":24,"Snecko Scales":115,"Bird Faced Urn":22,"Snecko Eye":326,"Mark of Pain":0,"StrikeDummy":98,"Unceasing Top":143,"Abe\u0027s Treasure":229,"Ring of the Serpent":268,"Regal Pillow":93,"Lantern":294,"Singing Bowl":21,"Torii":186,"Magic Flower":49,"Painkiller Herb":72,"StoneCalendar":174,"Blue Doll":406,"Bag of Preparation":91,"Replay:Multitool":120,"Cursed Key":31,"Smiling Mask":211,"Burning Blood":0,"Pet Ghost":56,"Replay:Rubber Ducky":91,"Matryoshka":61,"Shovel":279,"Chemical X":200,"Replay:Bottled Eggs":245,"InkBottle":219,"Ring of the Snake":0,"Potion Belt":126,"Lee\u0027s Waffle":277,"The Specimen":76,"Golden Idol":5,"Basket Of Snakes":82,"Thread and Needle":309,"The Courier":7,"PreservedInsect":11,"Omamori":293,"Frozen Egg 2":14,"MawBank":79,"Replay:Arrowhead":131,"Busted Crown":8,"Ornamental Fan":91,"Bloody Idol":319,"Orrery":126,"Turnip":38,"Art of War":36,"Durian":186,"Bottled Lightning":365,"ReplayTheSpireMod:Ring of Challenge":81,"ReplayTheSpireMod:Onyx Gauntlets":268,"ReplayTheSpireMod:Lightbulb":205,"Toy Ornithopter":171,"Ice Cream":23,"Divine Protection":182,"Calipers":296,"Gremlin Horn":20,"Nilry\u0027s Codex":75,"Vajra":77,"Sozu":258,"Centennial Puzzle":5,"HornCleat":257,"DollysMirror":144,"Strawberry":13,"Honey Jar":237,"Prayer Wheel":93,"Iron Hammer":248,"Toxic Egg 2":156,"Byrd Skull":66,"Happy Flower":91,"Ring of Hypnosis":421,"ReplayTheSpireMod:CursedCoin":418,"Replay:Grab Bag":268,"Oddly Smooth Stone":57,"Ring of Chaos":122,"Replay:Kaleidoscope":204,"Letter Opener":362,"War Paint":185,"Question Card":186,"Du-Vu Doll":309,"OrangePellets":93,"Bottled Flame":70,"Replay:Baseball":93,"Shuriken":226,"Bronze Scales":6,"Simple Rune":91,"Onion Ring":247,"Molten Egg 2":304,"ReplayTheSpireMod:TigerMarble":164,"Grinning Jar":169,"Pocketwatch":41,"Meat on the Bone":117,"Darkstone Periapt":18,"ReplayFunnel":91,"Replay:PocketPolymizer":403,"Mango":19,"Snake Skull":78,"Incense Burner":87,"Juzu Bracelet":333,"Replay:Mystery Machine":428,"ClockworkSouvenir":151,"Dream Catcher":37,"Nunchaku":75,"Replay:Bandana":100,"TheAbacus":370,"Mummified Hand":183,"Pantograph":12,"Gambling Chip":27,"Tiny Chest":266,"Red Mask":140,"Replay:Bottled Snecko":161,"Replay:Drink Me":407,"Red Skull":47,"Gremlin Food":87,"BargainBundle":223,"ReplayTheSpireMod:Ninjato":149,"Replay:Towering Pillar of Hats":66,"Quantum Egg":87,"Guide Book":93,"Replay:WaspNest":61,"Orichalcum":92,"Odd Mushroom":377,"Medical Kit":119,"White Beast Statue":368,"Mercury Hourglass":61,"Calling Bell":164,"Anchor":66,"CaptainsWheel":86,"Pondfish Scales":91,"ChewingGum":176,"Snack Pack":48,"Coffee Dripper":137,"Bag of Marbles":161,"Membership Card":61},{"TwistedFunnel":766,"Replay:Accelerometer":1268,"Golden Egg":1525,"Vampiric Spirits":244,"Whetstone":364,"Bottled Tornado":916,"Boot":364,"Sling":364,"Old Coin":1735,"Blood Vial":107,"Replay:Wanted Poster":1276,"Replay:Ringing Soul":1193,"Sundial":1097,"Replay:Bronze Core":1503,"MealTicket":230,"Fusion Hammer":315,"Necronomicon":684,"Replay:Bottled Flurry":1006,"Kunai":570,"Replay:Wax Seal":943,"Electric Blood":208,"Replay:Bottled Steam":471,"Pear":484,"Blue Candle":123,"Counterbalance":1218,"Tingsha":376,"Eternal Feather":815,"Pen Nib":627,"Replay:Ancient Bell":1602,"Paper Crane":257,"Akabeko":879,"SlaversCollar":100,"Snecko Scales":459,"Bird Faced Urn":86,"Snecko Eye":1378,"Mark of Pain":0,"StrikeDummy":392,"Unceasing Top":574,"Abe\u0027s Treasure":971,"Ring of the Serpent":1158,"Regal Pillow":376,"Lantern":1268,"Singing Bowl":82,"Torii":766,"Magic Flower":200,"Painkiller Herb":279,"StoneCalendar":706,"Blue Doll":1713,"Bag of Preparation":364,"Replay:Multitool":475,"Cursed Key":130,"Smiling Mask":874,"Burning Blood":0,"Pet Ghost":224,"Replay:Rubber Ducky":364,"Matryoshka":244,"Shovel":1218,"Chemical X":815,"Replay:Bottled Eggs":1055,"InkBottle":925,"Ring of the Snake":0,"Potion Belt":505,"Lee\u0027s Waffle":1204,"The Specimen":292,"Golden Idol":17,"Basket Of Snakes":325,"Thread and Needle":1312,"The Courier":25,"PreservedInsect":40,"Omamori":1267,"Frozen Egg 2":51,"MawBank":304,"Replay:Arrowhead":520,"Busted Crown":30,"Ornamental Fan":364,"Bloody Idol":1345,"Orrery":505,"Turnip":156,"Art of War":146,"Durian":766,"Bottled Lightning":1556,"ReplayTheSpireMod:Ring of Challenge":318,"ReplayTheSpireMod:Onyx Gauntlets":1158,"ReplayTheSpireMod:Lightbulb":842,"Toy Ornithopter":696,"Ice Cream":93,"Divine Protection":740,"Calipers":1273,"Gremlin Horn":78,"Nilry\u0027s Codex":288,"Vajra":296,"Sozu":1110,"Centennial Puzzle":17,"HornCleat":1103,"DollysMirror":580,"Strawberry":48,"Honey Jar":1014,"Prayer Wheel":376,"Iron Hammer":1074,"Toxic Egg 2":649,"Byrd Skull":257,"Happy Flower":364,"Ring of Hypnosis":1800,"ReplayTheSpireMod:CursedCoin":1794,"Replay:Grab Bag":1158,"Oddly Smooth Stone":226,"Ring of Chaos":484,"Replay:Kaleidoscope":837,"Letter Opener":1550,"War Paint":758,"Question Card":766,"Du-Vu Doll":1312,"OrangePellets":376,"Bottled Flame":268,"Replay:Baseball":376,"Shuriken":952,"Bronze Scales":20,"Simple Rune":364,"Onion Ring":1066,"Molten Egg 2":1291,"ReplayTheSpireMod:TigerMarble":674,"Grinning Jar":689,"Pocketwatch":170,"Meat on the Bone":463,"Darkstone Periapt":65,"ReplayFunnel":364,"Replay:PocketPolymizer":1701,"Mango":73,"Snake Skull":300,"Incense Burner":344,"Juzu Bracelet":1411,"Replay:Mystery Machine":1825,"ClockworkSouvenir":618,"Dream Catcher":151,"Nunchaku":288,"Replay:Bandana":399,"TheAbacus":1574,"Mummified Hand":745,"Pantograph":44,"Gambling Chip":111,"Tiny Chest":1149,"Red Mask":561,"Replay:Bottled Snecko":663,"Replay:Drink Me":1724,"Red Skull":189,"Gremlin Food":344,"BargainBundle":937,"ReplayTheSpireMod:Ninjato":609,"Replay:Towering Pillar of Hats":257,"Quantum Egg":344,"Guide Book":376,"Replay:WaspNest":244,"Orichalcum":369,"Odd Mushroom":1589,"Medical Kit":471,"White Beast Statue":1566,"Mercury Hourglass":244,"Calling Bell":674,"Anchor":257,"CaptainsWheel":341,"Pondfish Scales":364,"ChewingGum":717,"Snack Pack":196,"Coffee Dripper":549,"Bag of Marbles":663,"Membership Card":244}],"Ring of the Snake":[346],"Meat on the Bone":36},"card_choices":[{"not_picked":["Night Terror","Fluid Movement"],"picked":"Calculated Gamble","floor":0},{"not_picked":["Flying Knee","ReplayTheSpireMod:Exploit Weakness"],"picked":"Infinite Blades","floor":0},{"not_picked":["Bane","ReplayTheSpireMod:Exploit Weakness"],"picked":"Blade Dance","floor":0},{"not_picked":["Slice","Dodge and Roll"],"picked":"Dash","floor":0},{"not_picked":["Quick Slash","Caltrops"],"picked":"Noxious Fumes","floor":0},{"not_picked":["Catalyst","Deadly Poison"],"picked":"Prepared","floor":1},{"not_picked":["PiercingWail","Deflect","ReplayTheSpireMod:Exploit Weakness"],"picked":"SKIP","floor":2},{"not_picked":["Acrobatics","Infinite Blades","Accuracy"],"picked":"SKIP","floor":3},{"not_picked":["Outmaneuver","Draining Mist","Acrobatics"],"picked":"SKIP","floor":5},{"not_picked":["Accuracy","Die Die Die","Bane"],"picked":"SKIP","floor":6},{"not_picked":["ReplayTheSpireMod:Exploit Weakness","Deadly Poison","Blur"],"picked":"SKIP","floor":10},{"not_picked":["Choke","Quick Slash","Distraction"],"picked":"SKIP","floor":13},{"not_picked":["Slice","Prepared","Cloak And Dagger"],"picked":"SKIP","floor":14},{"not_picked":["Slice","Prepared","Cloak And Dagger"],"picked":"SKIP","floor":14},{"not_picked":["Night Terror","Doppelganger"],"picked":"Bullet Time","floor":16},{"not_picked":["Underhanded Strike","Deflect","Dagger Spray"],"picked":"SKIP","floor":18},{"not_picked":["Concentrate+1","Replay:Poison Smokescreen+1","Dodge and Roll+1"],"picked":"SKIP","floor":21},{"not_picked":["Sucker Punch","Poisoned Stab","Flechettes"],"picked":"SKIP","floor":22},{"not_picked":["Quick Slash","Eviscerate"],"picked":"Acrobatics+1","floor":23},{"not_picked":["Expertise+1","Outmaneuver+1"],"picked":"Deadly Poison+1","floor":24},{"not_picked":["Expertise+1","Venomology+1"],"picked":"Backflip+1","floor":27},{"not_picked":["Poisoned Stab","Finisher"],"picked":"Hidden Blade+1","floor":28},{"not_picked":["ReplayTheSpireMod:Scrap Shanks","Quick Slash","Dagger Throw"],"picked":"SKIP","floor":29},{"not_picked":["Heel Hook","PiercingWail+1"],"picked":"Prepared+1","floor":30},{"not_picked":["Dagger Throw","Outmaneuver+1"],"picked":"Cloak And Dagger+1","floor":31},{"not_picked":["Poisoned Stab","Flying Knee","Sucker Punch+1"],"picked":"SKIP","floor":35},{"not_picked":["Cloak And Dagger+1","Dagger Throw"],"picked":"Blur+1","floor":37},{"not_picked":["Replay:Poison Smokescreen+1","Flying Knee"],"picked":"Bullet Time+1","floor":38},{"not_picked":["Slice","Underhanded Strike+1"],"picked":"Footwork+1","floor":40},{"not_picked":["Flying Knee","Deflect+1"],"picked":"Corpse Explosion+1","floor":42},{"not_picked":["Quick Slash","Flying Knee"],"picked":"Blade Dance+1","floor":44},{"not_picked":["Deflect+1","Underhanded Strike"],"picked":"ReplayTheSpireMod:Tripwire+1","floor":45},{"not_picked":["Quick Slash","ReplayTheSpireMod:Shiv Toss+1","Sucker Punch"],"picked":"SKIP","floor":46},{"not_picked":["ReplayTheSpireMod:Necrosis+1","All Out Attack"],"picked":"Dodge and Roll+1","floor":47},{"not_picked":["Masterful Stab+1","Deadly Poison+1"],"picked":"Accuracy+1","floor":48},{"not_picked":["Fluid Movement","Replay:Poison Smokescreen+1"],"picked":"Prepared+1","floor":55}],"player_experience":4162962,"relics_obtained":[{"floor":4,"key":"Ring of Hypnosis"},{"floor":6,"key":"Replay:PocketPolymizer"},{"floor":8,"key":"CaptainsWheel"},{"floor":9,"key":"Iron Hammer"},{"floor":10,"key":"Boot"},{"floor":13,"key":"Omamori"},{"floor":27,"key":"Torii"},{"floor":29,"key":"Onion Ring"},{"floor":40,"key":"Mummified Hand"},{"floor":43,"key":"HornCleat"},{"floor":44,"key":"Du-Vu Doll"},{"floor":47,"key":"Replay:Kaleidoscope"}],"event_choices":[{"damage_healed":0,"gold_gain":0,"player_choice":"Entered Light","damage_taken":20,"max_hp_gain":0,"max_hp_loss":0,"event_name":"Shining Light","floor":12,"gold_loss":0,"cards_upgraded":["Strike_G","Defend_G"]},{"damage_healed":0,"gold_gain":0,"player_choice":"Obtained Relic","damage_taken":0,"relics_obtained":["Replay:Mystery Machine"],"max_hp_gain":0,"max_hp_loss":0,"event_name":"Addict","floor":20,"gold_loss":85},{"damage_healed":0,"gold_gain":0,"player_choice":"Copied","damage_taken":0,"max_hp_gain":0,"max_hp_loss":0,"event_name":"Duplicator","floor":36,"gold_loss":0,"cards_obtained":["After Image"]},{"damage_healed":0,"gold_gain":0,"player_choice":"Fight","damage_taken":0,"max_hp_gain":0,"max_hp_loss":0,"event_name":"Mysterious Sphere","floor":44,"gold_loss":0}],"is_beta":false,"boss_relics":[{"not_picked":["Calling Bell","Black Star"],"picked":"ChewingGum"},{"not_picked":["Replay:Drink Me","SlaversCollar"],"picked":"Abe\u0027s Treasure"}],"items_purged_floors":[0,0,0,39],"is_endless":false,"potions_floor_spawned":[3,6,14,16,18,22,27,30,37,42,45,46,47,48],"killed_by":"The Heart","ascension_level":20}}