{"host":"cjhtzh7tp54jdfyv","time":1613415093,"event":{"mods":["AchievementEnabler","BaseMod","Colored Map","Colored Powertips","Curses Come First","DeckTracker","Filter the Spire","Minty Spire (QoL Compilation)","RNG Fix","Relic Sorter","Relic Stats","StSLib","UnlockEverythingMod","ojb\u0027s Better Paths Mod","ojb\u0027s Info Mod"],"gold_per_floor":[161,32,45,45,58,77,112,112,112,131,131,162,177,210,210,304,304,318,318,336,14,14,14,58,58,84,125,15,39,39,39],"floor_reached":30,"language":"ENG","playtime":1849,"items_purged":["Defend_P","Defend_P"],"score":726,"play_id":"7fa0ca9c-4f1e-4793-9007-8d4db824977f","local_time":"20210215135133","is_ascension_mode":true,"campfire_choices":[{"data":"CrushJoints","floor":11,"key":"SMITH"},{"data":"FlurryOfBlows","floor":15,"key":"SMITH"},{"floor":23,"key":"REST"},{"data":"Tantrum","floor":25,"key":"SMITH"}],"circlet_count":0,"master_deck":["AscendersBane","Strike_P","Strike_P","Strike_P","Strike_P","Defend_P","Eruption+1","Vigilance+1","BowlingBash","CrushJoints+1","FlurryOfBlows+1","EmptyFist","FlurryOfBlows","FearNoEvil","Omniscience+1","Indignation+1","Ragnarok","DeceiveReality+1","Halt+1","Tantrum+1","JustLucky+1"],"relics":["Tiny House","PreservedInsect","Golden Idol","Toxic Egg 2","Unceasing Top","Ice Cream","Busted Crown","Enchiridion","Lantern","Strawberry","Letter Opener"],"acts_visited":["Exordium","TheCity"],"potions_floor_usage":[7,13,16,27,30],"damage_taken":[{"damage":4.0,"enemies":"Jaw Worm","floor":1.0,"turns":3.0},{"damage":0.0,"enemies":"2 Louse","floor":3.0,"turns":2.0},{"damage":0.0,"enemies":"Cultist","floor":5.0,"turns":2.0},{"damage":4.0,"enemies":"2 Fungi Beasts","floor":6.0,"turns":2.0},{"damage":0,"enemies":"Gremlin Nob","floor":7,"turns":3},{"damage":0,"enemies":"Looter","floor":10,"turns":2},{"damage":10,"enemies":"3 Sentries","floor":12,"turns":3},{"damage":2,"enemies":"3 Louse","floor":13,"turns":2},{"damage":0,"enemies":"Lagavulin","floor":14,"turns":3},{"damage":43,"enemies":"Hexaghost","floor":16,"turns":8},{"damage":25,"enemies":"Shell Parasite","floor":18,"turns":3},{"damage":0,"enemies":"Spheric Guardian","floor":20,"turns":2},{"damage":0,"enemies":"Slavers","floor":24,"turns":2},{"damage":6,"enemies":"Gremlin Leader","floor":27,"turns":2},{"damage":0,"enemies":"Centurion and Healer","floor":29,"turns":2},{"damage":24,"enemies":"Snake Plant","floor":30,"turns":2}],"seed_played":"-2566904155424167043","potions_obtained":[{"floor":0.0,"key":"DuplicationPotion"},{"floor":1.0,"key":"BlessingOfTheForge"},{"floor":10,"key":"GamblersBrew"},{"floor":13,"key":"Ancient Potion"},{"floor":14,"key":"FearPotion"},{"floor":18,"key":"SpeedPotion"},{"floor":20,"key":"Weak Potion"},{"floor":29,"key":"Swift Potion"}],"is_trial":false,"path_per_floor":["M","$","M","?","M","M","E","?","T","M","R","E","M","E","R","B",null,"M","?","M","$","?","R","E","R","T","E","?","M","M"],"character_chosen":"WATCHER","items_purchased":["FlurryOfBlows","Lantern","Halt+1"],"campfire_rested":1,"item_purchase_floors":[2,21,21],"current_hp_per_floor":[62,62,62,62,62,58,58,58,58,58,58,48,46,46,46,3,50,25,4,4,4,4,23,30,30,30,24,24,24,0,0],"gold":39,"neow_bonus":"BOSS_RELIC","is_daily":false,"chose_seed":false,"campfire_upgraded":3,"win_rate":0.0,"timestamp":1613415093,"path_taken":["M","$","M","?","M","M","E","?","T","M","R","E","M","E","R","BOSS","M","?","?","$","?","R","E","R","T","E","?","M","M"],"items_purchased_type":["Card","Relic","Card"],"build_version":"2020-12-22","purchased_purges":2,"victory":false,"max_hp_per_floor":[73,73,73,73,73,73,73,66,66,66,66,66,66,66,66,66,66,66,66,66,66,66,66,73,73,73,73,73,73,73,73],"relic_stats":{"Busted Crown":10,"counters":[16,43],"Golden Idol":68,"PreservedInsect":150,"Letter Opener":[25],"obtain_stats":[{"Ice Cream":14,"Lantern":21,"Tiny House":0,"Busted Crown":17,"Golden Idol":8,"Strawberry":24,"Enchiridion":19,"PreservedInsect":7,"Letter Opener":27,"PureWater":0,"Toxic Egg 2":9,"Unceasing Top":12},{"Ice Cream":9,"Lantern":12,"Tiny House":0,"Busted Crown":10,"Golden Idol":5,"Strawberry":13,"Enchiridion":11,"PreservedInsect":5,"Letter Opener":14,"PureWater":0,"Toxic Egg 2":5,"Unceasing Top":7},{"Ice Cream":22,"Lantern":35,"Tiny House":0,"Busted Crown":30,"Golden Idol":12,"Strawberry":37,"Enchiridion":33,"PreservedInsect":12,"Letter Opener":39,"PureWater":0,"Toxic Egg 2":12,"Unceasing Top":17}],"Unceasing Top":[6]},"card_choices":[{"not_picked":["FollowUp","Halt"],"picked":"BowlingBash","floor":0.0},{"not_picked":["SignatureMove","WheelKick"],"picked":"CrushJoints","floor":1.0},{"not_picked":["FlyingSleeves","Collect","ThirdEye"],"picked":"SKIP","floor":3.0},{"not_picked":["Weave","SignatureMove"],"picked":"EmptyFist","floor":5.0},{"not_picked":["PathToVictory","Perseverance"],"picked":"FlurryOfBlows","floor":6.0},{"not_picked":["Worship","FlurryOfBlows"],"picked":"FearNoEvil","floor":7},{"not_picked":["Collect+1","Prostrate+1","Weave"],"picked":"SKIP","floor":10},{"not_picked":["Vengeance+1","FlurryOfBlows"],"picked":"Omniscience+1","floor":12},{"not_picked":["FollowUp","ClearTheMind+1","FlyingSleeves"],"picked":"SKIP","floor":13},{"not_picked":["Consecrate","WindmillStrike"],"picked":"Indignation+1","floor":14},{"not_picked":["Blasphemy+1","Judgement+1"],"picked":"Ragnarok","floor":16},{"not_picked":["ReachHeaven"],"picked":"SKIP","floor":18},{"not_picked":[],"picked":"DeceiveReality+1","floor":20},{"not_picked":[],"picked":"JustLucky","floor":24},{"not_picked":["Tantrum"],"picked":"SKIP","floor":27},{"not_picked":["PathToVictory+1"],"picked":"SKIP","floor":29}],"player_experience":4659120,"relics_obtained":[{"floor":7,"key":"PreservedInsect"},{"floor":9,"key":"Toxic Egg 2"},{"floor":12,"key":"Unceasing Top"},{"floor":14,"key":"Ice Cream"},{"floor":19,"key":"Enchiridion"},{"floor":24,"key":"Strawberry"},{"floor":27,"key":"Letter Opener"}],"event_choices":[{"damage_healed":0.0,"max_hp_gain":0.0,"max_hp_loss":0.0,"gold_gain":0.0,"event_name":"Living Wall","player_choice":"Grow","floor":4.0,"gold_loss":0.0,"damage_taken":0.0,"cards_upgraded":["Eruption"]},{"damage_healed":0,"gold_gain":0,"player_choice":"Lose Max HP","damage_taken":0,"relics_obtained":["Golden Idol"],"max_hp_gain":0,"max_hp_loss":7,"event_name":"Golden Idol","floor":8,"gold_loss":0},{"damage_healed":0,"gold_gain":0,"player_choice":"Obtained Book","damage_taken":21,"max_hp_gain":0,"max_hp_loss":0,"event_name":"Cursed Tome","floor":19,"gold_loss":0},{"damage_healed":0,"gold_gain":0,"player_choice":"Read","damage_taken":0,"max_hp_gain":0,"max_hp_loss":0,"event_name":"The Library","floor":22,"gold_loss":0,"cards_obtained":["Tantrum"]},{"cards_removed":["Defend_P"],"damage_healed":0,"gold_gain":0,"player_choice":"Upgrade and Remove","damage_taken":0,"max_hp_gain":0,"max_hp_loss":0,"event_name":"Designer","floor":28,"gold_loss":110,"cards_upgraded":["JustLucky"]}],"is_beta":false,"boss_relics":[{"not_picked":["Pandora\u0027s Box","Calling Bell"],"picked":"Busted Crown"}],"items_purged_floors":[2,21],"is_endless":false,"potions_floor_spawned":[1,6,10,13,14,18,20,29],"killed_by":"Snake Plant","ascension_level":20}}