{"host":"Atsushi","time":1613374550,"event":{"mods":["BaseMod","Minty Spire (QoL Compilation)","Spire with Friends"],"gold_per_floor":[217,167,193,49,63,63,90,90,90,90,121,131,166,241,204,204,309,309,329,329,329,44,62,87,87,117,142,167,167,181,197,207,133,133,233,233,251,261,261,16,16,50,50,83,162,189,206,218,237,283,221,221,221,221,221,5,37,0,0],"floor_reached":60,"language":"ENG","playtime":8407,"items_purged":["Strike_B"],"score":1513,"play_id":"043b46b1-3f22-4e83-8bf8-5254bbad27d3","local_time":"20210214233550","is_ascension_mode":true,"campfire_choices":[{"data":"Zap","floor":6,"key":"SMITH"},{"data":"Biased Cognition","floor":8,"key":"SMITH"},{"data":"Dualcast","floor":10,"key":"SMITH"},{"floor":16,"key":"REST"},{"data":"Loop","floor":25,"key":"SMITH"},{"floor":29,"key":"REST"},{"data":"Defragment","floor":34,"key":"SMITH"},{"floor":43,"key":"RECALL"},{"floor":52,"key":"REST"},{"data":"Loop","floor":55,"key":"SMITH"}],"circlet_count":0,"master_deck":["Strike_B+1","Strike_B","Defend_B","Defend_B","Defend_B","Defend_B","Zap+1","Dualcast+1","FTL","Leap","Biased Cognition+1","Defragment+1","Chill","Coolheaded+1","Fission+1","Loop+1","Loop+1","Hologram+1","Conserve Battery+1","Steam Power+1","Hologram","All For One","Panacea","Defragment","Panacea","Core Surge+1","Machine Learning","FTL+1","Aggregate+1","Core Surge","Panache+1","Turbo","Rainbow"],"relics":["FrozenCore","PreservedInsect","Kunai","Regal Pillow","Calipers","Bronze Scales","Bag of Preparation","Juzu Bracelet","Toy Ornithopter","Philosopher\u0027s Stone","Question Card","War Paint","Frozen Egg 2","White Beast Statue","Bag of Marbles"],"acts_visited":["Exordium","TheCity","TheBeyond","TheEnding"],"potions_floor_usage":[17,28,32,44,59,59],"damage_taken":[{"damage":1,"enemies":"Cultist","floor":1,"turns":4},{"damage":8,"enemies":"Jaw Worm","floor":5,"turns":3},{"damage":8,"enemies":"Lagavulin","floor":7,"turns":6},{"damage":18,"enemies":"3 Sentries","floor":11,"turns":6},{"damage":0,"enemies":"2 Louse","floor":12,"turns":2},{"damage":0,"enemies":"Gremlin Nob","floor":13,"turns":3},{"damage":0,"enemies":"Slime Boss","floor":17,"turns":10},{"damage":6,"enemies":"Chosen","floor":19,"turns":8},{"damage":2,"enemies":"Shell Parasite","floor":23,"turns":7},{"damage":0,"enemies":"Book of Stabbing","floor":24,"turns":8},{"damage":48,"enemies":"Slavers","floor":26,"turns":7},{"damage":1,"enemies":"Gremlin Leader","floor":28,"turns":7},{"damage":0,"enemies":"Chosen and Byrds","floor":30,"turns":6},{"damage":0,"enemies":"Shelled Parasite and Fungi","floor":31,"turns":7},{"damage":4,"enemies":"Centurion and Healer","floor":32,"turns":9},{"damage":3,"enemies":"Champ","floor":35,"turns":23},{"damage":0,"enemies":"3 Darklings","floor":37,"turns":11},{"damage":0,"enemies":"3 Shapes","floor":38,"turns":5},{"damage":19,"enemies":"Nemesis","floor":42,"turns":5},{"damage":0,"enemies":"Reptomancer","floor":44,"turns":5},{"damage":1,"enemies":"Giant Head","floor":46,"turns":9},{"damage":0,"enemies":"Sphere and 2 Shapes","floor":47,"turns":5},{"damage":0,"enemies":"Spire Growth","floor":48,"turns":6},{"damage":10,"enemies":"3 Darklings","floor":49,"turns":5},{"damage":4,"enemies":"Time Eater","floor":53,"turns":15},{"damage":48,"enemies":"Shield and Spear","floor":57,"turns":6},{"damage":69,"enemies":"The Heart","floor":59,"turns":11}],"seed_played":"4544402357346449052","potions_obtained":[{"floor":5,"key":"FearPotion"},{"floor":11,"key":"FocusPotion"},{"floor":24,"key":"Ancient Potion"},{"floor":28,"key":"Regen Potion"},{"floor":32,"key":"SpeedPotion"},{"floor":33,"key":"FocusPotion"},{"floor":38,"key":"Explosive Potion"},{"floor":46,"key":"Swift Potion"}],"is_trial":false,"path_per_floor":["M","?","T","$","M","R","E","R","T","R","E","M","E","?","C","R","B",null,"M","?","?","$","M","E","R","E","T","E","R","M","M","M","C","R","B",null,"M","M","?","$","?","E","R","E","T","E","M","M","M","T","C","R","B",null,"R","$","E","C","B",null],"character_chosen":"DEFECT","items_purchased":["PreservedInsect","Calipers","Panacea","Defragment","Panache+1","Turbo"],"campfire_rested":3,"item_purchase_floors":[4,22,40,40,56,56],"current_hp_per_floor":[74,74,74,74,66,66,58,58,58,58,40,40,40,29,29,66,66,112,106,106,106,106,104,104,104,56,56,49,99,101,82,85,87,89,88,117,117,111,105,111,111,92,92,99,99,72,72,66,56,56,52,100,100,111,111,111,59,59,32],"gold":0,"neow_bonus":"","is_daily":false,"chose_seed":true,"campfire_upgraded":6,"win_rate":0.0,"timestamp":1613374550,"path_taken":["M","?","?","$","M","R","E","R","T","R","E","M","E","?","C","R","BOSS","M","?","?","$","M","E","R","E","T","E","R","M","M","M","C","R","BOSS","M","M","?","$","?","E","R","E","T","E","M","M","M","?","C","R","BOSS","R","$","E","C","BOSS"],"items_purchased_type":["Relic","Relic","Card","Card","Card","Card"],"build_version":"2020-12-18","purchased_purges":1,"victory":true,"max_hp_per_floor":[75,75,75,75,75,75,75,75,75,75,75,75,75,75,75,75,75,112,117,117,117,117,117,117,117,117,117,117,117,117,117,117,117,117,117,117,117,111,105,111,111,111,111,111,111,111,111,111,111,111,111,111,111,111,111,111,111,111,111],"card_choices":[{"not_picked":["Streamline","Fusion"],"picked":"FTL","floor":1},{"not_picked":["Gash","Darkness"],"picked":"Leap","floor":5},{"not_picked":["Cold Snap","Gash"],"picked":"Biased Cognition","floor":7},{"not_picked":["Stack","Double Energy"],"picked":"Defragment","floor":11},{"not_picked":["Static Discharge","Hologram"],"picked":"Chill","floor":12},{"not_picked":["Storm","Heatsinks"],"picked":"Coolheaded","floor":13},{"not_picked":["Thunder Strike","Hyperbeam"],"picked":"Fission","floor":17},{"not_picked":["Streamline","Rebound"],"picked":"Loop","floor":19},{"not_picked":["Rebound+1","Streamline"],"picked":"Hologram","floor":23},{"not_picked":["Chaos","Go for the Eyes+1"],"picked":"Conserve Battery+1","floor":24},{"not_picked":["Rebound+1","Machine Learning"],"picked":"Steam Power+1","floor":26},{"not_picked":["Barrage+1","Rebound","Multi-Cast"],"picked":"SKIP","floor":28},{"not_picked":["Streamline","Ball Lightning"],"picked":"Hologram","floor":30},{"not_picked":["Cold Snap","Steam Power","Gash"],"picked":"SKIP","floor":31},{"not_picked":["Meteor Strike","White Noise","Steam"],"picked":"SKIP","floor":32},{"not_picked":["Meteor Strike","Buffer"],"picked":"All For One","floor":35},{"not_picked":["Steam","Hello World","Steam Power"],"picked":"SKIP","floor":37},{"not_picked":["Rip and Tear","Beam Cell","Go for the Eyes"],"picked":"SKIP","floor":38},{"not_picked":["Trip","Dark Shackles"],"picked":"Panacea","floor":41},{"not_picked":["Doom and Gloom+1","Compile Driver"],"picked":"Core Surge","floor":42},{"not_picked":["Redo","Melter+1","Rebound"],"picked":"Machine Learning","floor":44},{"not_picked":["Consume","Stack","Cold Snap+1","Gash"],"picked":"SKIP","floor":46},{"not_picked":["Cold Snap","Force Field+1","Go for the Eyes"],"picked":"FTL+1","floor":47},{"not_picked":["Force Field","Consume+1","Rebound"],"picked":"Aggregate+1","floor":48},{"not_picked":["Sweeping Beam+1","Hyperbeam","Beam Cell+1","Steam"],"picked":"SKIP","floor":49},{"not_picked":[],"picked":"Core Surge","floor":51},{"not_picked":["Sweeping Beam","Steam","Cold Snap"],"picked":"Rainbow","floor":57}],"player_experience":59756,"relics_obtained":[{"floor":7,"key":"Kunai"},{"floor":9,"key":"InkBottle"},{"floor":11,"key":"Vajra"},{"floor":13,"key":"Regal Pillow"},{"floor":24,"key":"Bronze Scales"},{"floor":26,"key":"Bag of Preparation"},{"floor":27,"key":"Juzu Bracelet"},{"floor":28,"key":"Toy Ornithopter"},{"floor":42,"key":"Question Card"},{"floor":44,"key":"War Paint"},{"floor":45,"key":"HornCleat"},{"floor":46,"key":"Frozen Egg 2"},{"floor":50,"key":"Whetstone"},{"floor":51,"key":"White Beast Statue"},{"floor":57,"key":"Bag of Marbles"}],"event_choices":[{"cards_removed":["Strike_B"],"damage_healed":0,"gold_gain":0,"player_choice":"Card Removal","damage_taken":0,"max_hp_gain":0,"max_hp_loss":0,"event_name":"The Cleric","floor":2,"gold_loss":50},{"damage_healed":0,"gold_gain":75,"player_choice":"Gather Gold","damage_taken":11,"max_hp_gain":0,"max_hp_loss":0,"event_name":"World of Goop","floor":14,"gold_loss":0},{"damage_healed":0,"gold_gain":0,"player_choice":"Read","damage_taken":0,"max_hp_gain":0,"max_hp_loss":0,"event_name":"The Library","floor":20,"gold_loss":0,"cards_obtained":["Loop"]},{"damage_healed":0,"gold_gain":0,"player_choice":"Upgraded","damage_taken":0,"max_hp_gain":0,"max_hp_loss":0,"event_name":"Upgrade Shrine","floor":21,"gold_loss":0,"cards_upgraded":["Fission"]},{"damage_healed":0,"gold_gain":0,"player_choice":"Max HP","damage_taken":0,"max_hp_gain":0,"max_hp_loss":6,"event_name":"Winding Halls","floor":39,"gold_loss":0},{"damage_healed":0,"gold_gain":0,"player_choice":"Memory 1","damage_taken":0,"max_hp_gain":0,"max_hp_loss":0,"event_name":"SensoryStone","floor":41,"gold_loss":0}],"is_beta":true,"boss_relics":[{"not_picked":["Busted Crown","Tiny House"],"picked":"FrozenCore"},{"not_picked":["Nuclear Battery","Fusion Hammer"],"picked":"Philosopher\u0027s Stone"}],"items_purged_floors":[40],"is_endless":false,"potions_floor_spawned":[5,11,24,28,30,32,38,46,49,57],"ascension_level":1}}