{"host":"oq9vgnvl0fi8z8ha","time":1613413723,"event":{"mods":["BaseMod","Block Reminder","ChefMod","Curses Come First","Evolution","Fox Events","Highlight Path","Minty Spire (QoL Compilation)","Relic Stats","Smile Girya","StSLib","The Bug Knight","The Runesmith","Treasure Hunter","Unceasing Turn Reminder"],"gold_per_floor":[268,268,268,283,296,296,307,307,307,340,340,353,363,56,56,136,136,157,157,157,157,171,171,192,192,243,246,251,242,242,248,248,310,310,325,343,330,330,330,318,318],"floor_reached":40,"language":"ENG","playtime":3939,"items_purged":[],"score":481,"play_id":"aa06ec71-43fc-41a5-b409-784acc561f30","local_time":"20210215112843","is_ascension_mode":true,"campfire_choices":[{"data":"HollowMod:PogoStrike","floor":6,"key":"SMITH"},{"floor":8,"key":"RECALL"},{"data":"Madness","floor":11,"key":"SMITH"},{"floor":15,"key":"REST"},{"floor":23,"key":"REST"},{"data":"HollowMod:DashSlash","floor":25,"key":"SMITH"},{"data":"HollowMod:SoulMaster","floor":30,"key":"SMITH"},{"floor":32,"key":"REST"}],"circlet_count":0,"master_deck":["HollowMod:SoulStrike","HollowMod:InfectedAttack","HollowMod:CycloneSlash+1","HollowMod:DashSlash+1","HollowMod:DoubleDash","HollowMod:QuickDashStart","HollowMod:QuickDashStart","HollowMod:QuickDashStart","HollowMod:FocusHealStart","HollowMod:PogoStrike+1","Madness+1","HollowMod:SoulEater","HollowMod:SoulVessel","HollowMod:Weaversong","TH:DeckOfManyThings","TH:CopperCoins","HollowMod:LifebloodCocoon","HollowMod:HeavyBlow","HollowMod:GoodIntentions","HollowMod:SoulSplash","HollowMod:FastStrike","HollowMod:CycloneSlash+1","TH:CopperCoins","HollowMod:Weaversong","HollowMod:LifebloodCocoon+1","HollowMod:HowlingWraiths","TH:DeckOfManyThings","HollowMod:DashSlash","Pain","TH:CopperCoins","HollowMod:FallenFury","HollowMod:ShapeofUnn","HollowMod:SoulMaster+1","HollowMod:DashSlash+1","TH:CopperCoins","HollowMod:Weaversong","HollowMod:HeavyBlow+1","HollowMod:CycloneSlash+1","HollowMod:CrystalDash+1"],"relics":["HollowMod:VesselMask","EVO:Axolotl","Letter Opener","TH:HealthInsurance","Cursed Key","MealTicket","Bronze Scales","Velvet Choker"],"acts_visited":["Exordium","TheCity","TheBeyond"],"potions_floor_usage":[18,22,33],"damage_taken":[{"damage":0,"enemies":"Cultist","floor":1,"turns":5},{"damage":5,"enemies":"Small Slimes","floor":4,"turns":3},{"damage":4,"enemies":"Jaw Worm","floor":5,"turns":4},{"damage":14,"enemies":"Exordium Thugs","floor":7,"turns":6},{"damage":45,"enemies":"3 Sentries","floor":10,"turns":12},{"damage":3,"enemies":"3 Louse","floor":12,"turns":2},{"damage":21,"enemies":"Large Slime","floor":13,"turns":7},{"damage":56,"enemies":"HollowMod:FalseKnight","floor":16,"turns":12},{"damage":10,"enemies":"Shell Parasite","floor":18,"turns":6},{"damage":31,"enemies":"2 Thieves","floor":22,"turns":3},{"damage":33,"enemies":"Gremlin Leader","floor":24,"turns":7},{"damage":22,"enemies":"Snake Plant","floor":27,"turns":4},{"damage":15,"enemies":"Cultist and Chosen","floor":28,"turns":5},{"damage":20,"enemies":"Sentry and Sphere","floor":29,"turns":5},{"damage":14,"enemies":"Chosen and Byrds","floor":31,"turns":5},{"damage":85,"enemies":"Champ","floor":33,"turns":14},{"damage":24,"enemies":"3 Darklings","floor":35,"turns":3},{"damage":12,"enemies":"3 Shapes","floor":36,"turns":4},{"damage":81,"enemies":"Jaw Worm Horde","floor":37,"turns":5},{"damage":53,"enemies":"Reptomancer","floor":40,"turns":2}],"seed_played":"7562208540760499301","potions_obtained":[{"floor":1,"key":"SteroidPotion"},{"floor":10,"key":"Ancient Potion"},{"floor":12,"key":"FearPotion"},{"floor":16,"key":"ColorlessPotion"},{"floor":18,"key":"SkillPotion"},{"floor":24,"key":"BlessingOfTheForge"},{"floor":31,"key":"FairyPotion"}],"is_trial":false,"path_per_floor":["M","?","?","M","M","R","M","R","T","E","R","M","M","$","R","B",null,"M","?","$","?","M","R","E","R","T","M","M","M","R","M","R","B",null,"M","M","M","?","?","E"],"character_chosen":"THE_BUGKNIGHT","items_purchased":["TH:HealthInsurance","HollowMod:SoulSplash","HollowMod:FastStrike","HollowMod:CycloneSlash"],"campfire_rested":3,"item_purchase_floors":[14,14,14,14],"current_hp_per_floor":[75,75,75,70,72,72,70,70,70,37,37,34,25,25,47,21,75,65,65,65,65,37,59,38,38,38,37,37,37,37,38,60,25,75,51,39,7,25,25,0,0],"gold":318,"neow_bonus":"RANDOM_COLORLESS","is_daily":false,"chose_seed":false,"campfire_upgraded":4,"win_rate":0.0,"timestamp":1613413723,"path_taken":["M","?","?","?","M","R","M","R","T","E","R","M","M","$","R","BOSS","M","?","?","?","?","R","E","R","T","M","M","M","R","M","R","BOSS","M","M","M","?","?","E"],"items_purchased_type":["Relic","Card","Card","Card"],"build_version":"2020-12-22","purchased_purges":0,"victory":false,"max_hp_per_floor":[75,75,75,75,75,75,75,75,75,75,75,75,75,75,75,75,75,75,75,75,75,75,75,75,75,75,75,75,75,75,75,75,75,75,75,75,75,75,75,75,75],"relic_stats":{"counters":[20,114],"Bronze Scales":[158],"MealTicket":0,"Letter Opener":[94],"Cursed Key":1,"obtain_stats":[{"Bronze Scales":26,"Velvet Choker":34,"HollowMod:VesselMask":0,"MealTicket":24,"TH:HealthInsurance":14,"EVO:Axolotl":0,"Letter Opener":10,"Cursed Key":17},{"Bronze Scales":11,"Velvet Choker":16,"HollowMod:VesselMask":0,"MealTicket":11,"TH:HealthInsurance":7,"EVO:Axolotl":0,"Letter Opener":5,"Cursed Key":8},{"Bronze Scales":67,"Velvet Choker":100,"HollowMod:VesselMask":0,"MealTicket":67,"TH:HealthInsurance":39,"EVO:Axolotl":0,"Letter Opener":30,"Cursed Key":51}]},"card_choices":[{"not_picked":["Deep Breath","Impatience"],"picked":"Madness","floor":0},{"not_picked":["HollowMod:SoulSplash","HollowMod:InfectedAttack"],"picked":"HollowMod:SoulVessel","floor":1},{"not_picked":["HollowMod:DoubleDash","HollowMod:InfectedCysts"],"picked":"HollowMod:SoulEater","floor":4},{"not_picked":["HollowMod:InfectedAttack","HollowMod:CornifersMapStart"],"picked":"HollowMod:SoulVessel","floor":5},{"not_picked":["HollowMod:SoulStrike","HollowMod:CornifersMapStart"],"picked":"HollowMod:Weaversong","floor":7},{"not_picked":["TH:CopperCoins"],"picked":"TH:DeckOfManyThings","floor":9},{"not_picked":["TH:BikiniMail"],"picked":"TH:CopperCoins","floor":10},{"not_picked":["HollowMod:SiblingsSouls","HollowMod:TaintedHusks"],"picked":"HollowMod:LifebloodCocoon","floor":10},{"not_picked":["HollowMod:AbyssShriek","HollowMod:DoubleDash"],"picked":"HollowMod:HeavyBlow","floor":12},{"not_picked":["HollowMod:DescendingDark","HollowMod:MothsMistake"],"picked":"HollowMod:GoodIntentions","floor":13},{"not_picked":["TH:TreasureMap"],"picked":"TH:CopperCoins","floor":16},{"not_picked":["HollowMod:AwokenDreamNail","HollowMod:theNailsmith"],"picked":"HollowMod:Weaversong","floor":16},{"not_picked":["HollowMod:SoulVessel","HollowMod:SharpenedShadows"],"picked":"HollowMod:LifebloodCocoon+1","floor":18},{"not_picked":["HollowMod:ShadowDash","HollowMod:TaintedHusks"],"picked":"HollowMod:HowlingWraiths","floor":22},{"not_picked":["TH:ElvenBoots"],"picked":"TH:DeckOfManyThings","floor":24},{"not_picked":["HollowMod:VengefulVoid","HollowMod:WraithStrike"],"picked":"HollowMod:DashSlash","floor":24},{"not_picked":["TH:PixieDust"],"picked":"TH:CopperCoins","floor":26},{"not_picked":["HollowMod:CrystalDash","HollowMod:Grubsong"],"picked":"HollowMod:FallenFury","floor":27},{"not_picked":["HollowMod:NewJinnsSoul+1","HollowMod:InfectionAssault+1"],"picked":"HollowMod:ShapeofUnn","floor":28},{"not_picked":["HollowMod:TaintedHusks+1","HollowMod:SoulVessel+1"],"picked":"HollowMod:SoulMaster","floor":29},{"not_picked":["HollowMod:MonomonsArchive","HollowMod:FastStrike"],"picked":"HollowMod:DashSlash+1","floor":31},{"not_picked":["TH:DeckOfManyThings"],"picked":"TH:CopperCoins","floor":33},{"not_picked":["HollowMod:SoulMaster","HollowMod:HornetsHelp"],"picked":"HollowMod:Weaversong","floor":33},{"not_picked":["HollowMod:SoulSplash","HollowMod:SiblingsShadow"],"picked":"HollowMod:HeavyBlow+1","floor":35},{"not_picked":["HollowMod:MonomonsArchive+1","HollowMod:InfectedAttack"],"picked":"HollowMod:CycloneSlash+1","floor":36},{"not_picked":["HollowMod:ChannelNail","HollowMod:InfectedAttack"],"picked":"HollowMod:CrystalDash+1","floor":37}],"player_experience":221159,"relics_obtained":[{"floor":10,"key":"Letter Opener"},{"floor":24,"key":"MealTicket"},{"floor":26,"key":"Bronze Scales"}],"event_choices":[{"damage_healed":0,"gold_gain":0,"player_choice":"Leave","damage_taken":0,"max_hp_gain":0,"max_hp_loss":0,"event_name":"The Cleric","floor":2,"gold_loss":0},{"damage_healed":0,"gold_gain":0,"player_choice":"Ignored","damage_taken":0,"max_hp_gain":0,"max_hp_loss":0,"event_name":"Purifier","floor":3,"gold_loss":0},{"damage_healed":0,"gold_gain":0,"player_choice":"Upgraded","damage_taken":0,"max_hp_gain":0,"max_hp_loss":0,"event_name":"Upgrade Shrine","floor":19,"gold_loss":0,"cards_upgraded":["HollowMod:CycloneSlash"]},{"damage_healed":0,"gold_gain":0,"player_choice":"Forge","damage_taken":0,"max_hp_gain":0,"max_hp_loss":0,"event_name":"Accursed Blacksmith","floor":21,"gold_loss":0,"cards_upgraded":["HollowMod:CycloneSlash"]},{"cards_removed":["HollowMod:SoulVessel"],"damage_healed":0,"gold_gain":0,"player_choice":"Removed Power","damage_taken":0,"max_hp_gain":0,"max_hp_loss":0,"event_name":"Falling","floor":39,"gold_loss":0}],"is_beta":false,"boss_relics":[{"not_picked":["Calling Bell","SacredBark"],"picked":"Cursed Key"},{"not_picked":["Philosopher\u0027s Stone","Coffee Dripper"],"picked":"Velvet Choker"}],"items_purged_floors":[],"is_endless":false,"potions_floor_spawned":[1,10,12,16,18,24,29,31],"killed_by":"Reptomancer","ascension_level":1}}