{"host":"nmjik3bzoelmmajy","time":1613390915,"event":{"mods":["BaseMod","Better Third Choice","Colored Map","DeckTracker","Minty Spire (QoL Compilation)","Quick Restart","Say the Spire","StSLib","SuperFastMode"],"gold_per_floor":[111,30,43,59,71,71,101,88,88,88,263,34,44,71,71,176,176,190,204,217,142,142,171,171,197,223,241,8,28,28,28,28,28,28],"floor_reached":33,"language":"KOR","playtime":1304,"items_purged":["Doubt"],"score":342,"play_id":"3af8ac66-dc78-462d-b8a1-378ff3879a53","local_time":"20210215210835","is_ascension_mode":true,"campfire_choices":[{"data":"Cloak And Dagger","floor":6,"key":"SMITH"},{"data":"Catalyst","floor":10,"key":"SMITH"},{"data":"Bouncing Flask","floor":15,"key":"SMITH"},{"floor":24,"key":"REST"},{"data":"Backflip","floor":30,"key":"SMITH"},{"floor":32,"key":"REST"}],"circlet_count":0,"master_deck":["Defend_G","Defend_G","Defend_G","Defend_G","Defend_G","Survivor","Neutralize","Flying Knee","Catalyst+1","Dagger Spray","Cloak And Dagger+1","Finisher","Footwork","Bouncing Flask+1","Reflex","Deadly Poison","Storm of Steel","Sucker Punch+1","Night Terror+1","Die Die Die+1","Accuracy","PiercingWail+1","Acrobatics","Calculated Gamble","Backflip+1"],"relics":["SacredBark","Boot","Pear","MealTicket","White Beast Statue","Astrolabe","Ancient Tea Set","The Courier","Happy Flower","Ginger","Ninja Scroll"],"acts_visited":["Exordium","TheCity"],"potions_floor_usage":[5,5,7,14,16,20,23,23,23,27,29],"damage_taken":[{"damage":0,"enemies":"Small Slimes","floor":1,"turns":4},{"damage":0,"enemies":"2 Louse","floor":3,"turns":3},{"damage":0,"enemies":"Cultist","floor":4,"turns":3},{"damage":12,"enemies":"Large Slime","floor":5,"turns":4},{"damage":10,"enemies":"3 Sentries","floor":7,"turns":8},{"damage":12,"enemies":"Exordium Thugs","floor":8,"turns":4},{"damage":4,"enemies":"Looter","floor":13,"turns":3},{"damage":13,"enemies":"Lagavulin","floor":14,"turns":4},{"damage":4,"enemies":"Hexaghost","floor":16,"turns":4},{"damage":20,"enemies":"2 Thieves","floor":18,"turns":3},{"damage":0,"enemies":"Spheric Guardian","floor":19,"turns":3},{"damage":21,"enemies":"Snecko","floor":20,"turns":5},{"damage":32,"enemies":"Gremlin Leader","floor":23,"turns":7},{"damage":56,"enemies":"Book of Stabbing","floor":25,"turns":7},{"damage":13,"enemies":"Cultist and Chosen","floor":27,"turns":7},{"damage":9,"enemies":"Centurion and Healer","floor":29,"turns":7},{"damage":41,"enemies":"Collector","floor":33,"turns":6}],"seed_played":"1587601692344862653","potions_obtained":[{"floor":1,"key":"Ancient Potion"},{"floor":3,"key":"SteroidPotion"},{"floor":5,"key":"Fire Potion"},{"floor":7,"key":"LiquidBronze"},{"floor":8,"key":"CunningPotion"},{"floor":16,"key":"SpeedPotion"},{"floor":18,"key":"Weak Potion"},{"floor":19,"key":"DuplicationPotion"},{"floor":20,"key":"PowerPotion"},{"floor":23,"key":"FairyPotion"},{"floor":25,"key":"SpeedPotion"},{"floor":27,"key":"Swift Potion"},{"floor":29,"key":"Fire Potion"}],"is_trial":false,"path_per_floor":["M","$","M","M","M","R","E","M","T","R","?","$","M","E","R","B",null,"M","M","M","?","?","E","R","E","T","M","$","M","R","?","R","B"],"character_chosen":"THE_SILENT","items_purchased":["Catalyst","MealTicket","Ginger"],"campfire_rested":2,"item_purchase_floors":[2,12,28],"current_hp_per_floor":[70,70,70,70,58,58,48,36,46,46,46,46,42,29,29,25,80,60,60,39,39,39,7,31,24,24,11,26,17,17,17,41,0,0],"gold":28,"neow_bonus":"BOSS_RELIC","is_daily":false,"chose_seed":false,"campfire_upgraded":4,"win_rate":0.0,"timestamp":1613390915,"path_taken":["M","$","M","M","M","R","E","M","T","R","?","$","M","E","R","BOSS","M","M","M","?","?","E","R","E","T","?","$","M","R","?","R","BOSS"],"items_purchased_type":["Card","Relic","Relic"],"build_version":"2020-12-22","purchased_purges":1,"victory":false,"max_hp_per_floor":[70,70,70,70,70,70,70,70,80,80,80,80,80,80,80,80,80,80,80,80,80,80,80,80,80,80,80,80,80,80,80,80,80,80],"card_choices":[{"not_picked":["Finisher","Quick Slash"],"picked":"Flying Knee","floor":1},{"not_picked":["Dagger Throw","Eviscerate"],"picked":"Dagger Spray","floor":3},{"not_picked":["Outmaneuver","Accuracy"],"picked":"Cloak And Dagger","floor":4},{"not_picked":["Flying Knee","A Thousand Cuts"],"picked":"Finisher","floor":5},{"not_picked":["Blade Dance","Tools of the Trade"],"picked":"Footwork","floor":7},{"not_picked":["Poisoned Stab","Prepared"],"picked":"Bouncing Flask","floor":8},{"not_picked":["Quick Slash","Slice"],"picked":"Reflex","floor":13},{"not_picked":["Slice","Flying Knee"],"picked":"Deadly Poison","floor":14},{"not_picked":["Bullet Time","After Image"],"picked":"Storm of Steel","floor":16},{"not_picked":["Eviscerate","Quick Slash","Underhanded Strike+1"],"picked":"SKIP","floor":18},{"not_picked":["Skewer","Distraction","Finisher"],"picked":"SKIP","floor":19},{"not_picked":["Finisher","All Out Attack"],"picked":"Accuracy","floor":20},{"not_picked":["Expertise","Dodge and Roll"],"picked":"PiercingWail+1","floor":23},{"not_picked":["Dagger Throw","Eviscerate+1"],"picked":"Acrobatics","floor":25},{"not_picked":["Escape Plan","Finisher"],"picked":"Calculated Gamble","floor":27},{"not_picked":["Concentrate+1","Deflect"],"picked":"Backflip","floor":29}],"player_experience":505501,"relics_obtained":[{"floor":7,"key":"Boot"},{"floor":9,"key":"Pear"},{"floor":14,"key":"White Beast Statue"},{"floor":23,"key":"Ancient Tea Set"},{"floor":25,"key":"The Courier"},{"floor":26,"key":"Happy Flower"}],"event_choices":[{"damage_healed":0,"gold_gain":175,"player_choice":"AGREE","damage_taken":88,"max_hp_gain":0,"max_hp_loss":0,"event_name":"betterThird:BetterSerpent","floor":11,"gold_loss":0},{"cards_removed":["Strike_G"],"damage_healed":0,"gold_gain":0,"player_choice":"Gave Gold","damage_taken":0,"max_hp_gain":0,"max_hp_loss":0,"event_name":"Beggar","floor":21,"gold_loss":75},{"cards_removed":["Strike_G"],"damage_healed":0,"gold_gain":0,"player_choice":"Offered Basic","damage_taken":0,"max_hp_gain":0,"max_hp_loss":0,"event_name":"Bonfire Elementals","floor":22,"gold_loss":0},{"damage_healed":0,"gold_gain":0,"player_choice":"Gave Potion","damage_taken":0,"relics_obtained":["Ninja Scroll"],"max_hp_gain":0,"max_hp_loss":0,"event_name":"WeMeetAgain","floor":31,"gold_loss":0}],"is_beta":false,"boss_relics":[{"not_picked":["Runic Pyramid","Runic Dome"],"picked":"Astrolabe"}],"items_purged_floors":[12],"is_endless":false,"potions_floor_spawned":[1,3,5,7,8,16,18,19,20,23,25,27,29],"killed_by":"Collector","ascension_level":3}}