{"host":"hka8b3f4pkvnp4ei","time":1613389651,"event":{"mods":["BaseMod","Minty Spire (QoL Compilation)","Quick Restart","Replay The Spire","StSLib"],"gold_per_floor":[118,118,98,108,34,62,79,79,150,185,235,254,254,179,179,283,283,321,364,364,264,289,343,353,353,399,425,436,75,75,75],"floor_reached":30,"language":"ZHS","playtime":985,"items_purged":["Defend_P","Strike_P","Strike_P"],"score":677,"play_id":"600888ed-c204-4315-b167-089d36dfb60e","local_time":"20210215194731","is_ascension_mode":true,"campfire_choices":[{"data":"Eruption","floor":8.0,"key":"SMITH"},{"data":"Tantrum","floor":13.0,"key":"SMITH"},{"data":"InnerPeace","floor":25.0,"key":"SMITH"}],"circlet_count":0,"master_deck":["AscendersBane","Defend_P","Defend_P","Eruption+1","Vigilance","ForeignInfluence","Steam","InnerPeace+1","FearNoEvil","Tantrum+1","Wish","DevaForm","FlurryOfBlows","WheelKick"],"relics":["PureWater","NeowsBlessing","Toy Ornithopter","Singing Bowl","Tiny Chest","VioletLotus","Blue Doll","Oddly Smooth Stone","Juzu Bracelet","ClockworkSouvenir"],"acts_visited":["Exordium","TheCity"],"potions_floor_usage":[],"damage_taken":[{"damage":0.0,"enemies":"2 Louse","floor":1.0,"turns":1.0},{"damage":0.0,"enemies":"Small Slimes","floor":4.0,"turns":2.0},{"damage":0.0,"enemies":"3 Sentries","floor":6.0,"turns":1.0},{"damage":0.0,"enemies":"Cultist","floor":7.0,"turns":2.0},{"damage":0.0,"enemies":"Gremlin Nob","floor":10.0,"turns":3.0},{"damage":6.0,"enemies":"3 Louse","floor":12.0,"turns":2.0},{"damage":36.0,"enemies":"The Guardian","floor":16.0,"turns":10.0},{"damage":1.0,"enemies":"3 Byrds","floor":18.0,"turns":7.0},{"damage":0.0,"enemies":"2 Thieves","floor":19.0,"turns":4.0},{"damage":13.0,"enemies":"Slavers","floor":23.0,"turns":4.0},{"damage":11.0,"enemies":"Snake Plant","floor":24.0,"turns":3.0},{"damage":29.0,"enemies":"Replay:Snechameleon","floor":27.0,"turns":4.0},{"damage":12,"enemies":"Chosen and Byrds","floor":28,"turns":4}],"seed_played":"-1872491495209569908","potions_obtained":[{"floor":1.0,"key":"LiquidMemories"},{"floor":3.0,"key":"Flashbang"},{"floor":10.0,"key":"Block Potion"},{"floor":23.0,"key":"Flashbang"},{"floor":28,"key":"BlessingOfTheForge"}],"is_trial":false,"path_per_floor":["M","?","?","M","$","E","M","R","T","E","?","M","R","$","R","B",null,"M","M","?","$","T","E","M","R","T","E","M","$","?"],"character_chosen":"WATCHER","items_purchased":["InnerPeace","ClockworkSouvenir","WheelKick"],"campfire_rested":0,"item_purchase_floors":[5,29,29],"current_hp_per_floor":[61,61,61,61,61,61,61,61,61,68,68,64,64,64,64,28,61,62,69,69,69,69,63,59,59,59,32,22,22,0,0],"gold":75,"neow_bonus":"THREE_ENEMY_KILL","is_daily":false,"chose_seed":false,"campfire_upgraded":3,"win_rate":0.0,"timestamp":1613389651,"path_taken":["M","?","?","?","$","E","M","R","T","E","?","M","R","?","R","BOSS","M","M","?","$","?","E","M","R","T","E","M","$","?"],"items_purchased_type":["Card","Relic","Card"],"build_version":"2020-12-22","purchased_purges":3,"victory":false,"max_hp_per_floor":[68,68,68,68,68,68,68,68,68,70,70,72,72,72,72,72,72,74,76,76,76,76,78,80,80,80,82,84,84,89,89],"card_choices":[{"not_picked":["LikeWater","Evaluate","FlyingSleeves"],"picked":"SKIP","floor":1.0},{"not_picked":["Replay:BluntJabs","ClearTheMind","Consecrate"],"picked":"SKIP","floor":4.0},{"not_picked":["Collect","Wallop"],"picked":"FearNoEvil","floor":6.0},{"not_picked":["CrushJoints","Replay:Anticipation"],"picked":"Tantrum","floor":7.0},{"not_picked":["Conclude","Replay:Anticipation","Crescendo"],"picked":"Singing Bowl","floor":10.0},{"not_picked":["WreathOfFlame","Evaluate","Replay:Cycle"],"picked":"Singing Bowl","floor":12.0},{"not_picked":["ConjureBlade","Establishment"],"picked":"DevaForm","floor":16.0},{"not_picked":["CarveReality","Prostrate+1","Crescendo"],"picked":"Singing Bowl","floor":18.0},{"not_picked":["Consecrate","Replay:AtTheReady","Evaluate"],"picked":"Singing Bowl","floor":19.0},{"not_picked":["WaveOfTheHand","ForeignInfluence","FlyingSleeves"],"picked":"Singing Bowl","floor":23.0},{"not_picked":["Evaluate","Replay:Hum","PathToVictory"],"picked":"Singing Bowl","floor":24.0},{"not_picked":["EmptyFist+1","FollowUp","JustLucky"],"picked":"Singing Bowl","floor":27.0},{"not_picked":["CrushJoints","Indignation","PathToVictory"],"picked":"Singing Bowl","floor":28}],"player_experience":483335,"relics_obtained":[{"floor":6.0,"key":"Toy Ornithopter"},{"floor":9.0,"key":"Singing Bowl"},{"floor":10.0,"key":"Tiny Chest"},{"floor":22.0,"key":"Blue Doll"},{"floor":23.0,"key":"Oddly Smooth Stone"},{"floor":27.0,"key":"Juzu Bracelet"}],"event_choices":[{"damage_healed":0.0,"max_hp_gain":0.0,"max_hp_loss":0.0,"gold_gain":0.0,"event_name":"The Woman in Blue","player_choice":"Bought 1 Potion","floor":3.0,"gold_loss":0.0,"damage_taken":0.0},{"damage_healed":0.0,"max_hp_gain":0.0,"max_hp_loss":0.0,"gold_gain":50.0,"event_name":"Golden Shrine","player_choice":"Pray","floor":11.0,"gold_loss":0.0,"damage_taken":0.0},{"damage_healed":0.0,"max_hp_gain":0.0,"max_hp_loss":0.0,"gold_gain":0.0,"event_name":"Match and Keep!","player_choice":"1 cards matched","floor":20.0,"gold_loss":0.0,"damage_taken":0.0,"cards_obtained":["FlurryOfBlows"]}],"is_beta":false,"boss_relics":[{"not_picked":["Replay:Drink Me","Kintsugi"],"picked":"VioletLotus"}],"items_purged_floors":[14,21,29],"is_endless":false,"potions_floor_spawned":[1,6,10,18,23,28],"ascension_level":20}}