{"host":"vbswmqvkphw5sjbx","time":1613414183,"event":{"mods":["BaseMod","BetterRewards","CatGirl Mod","Downfall","Hubris","Infinite Spire","Jorbs\u0027s Wanderer Trilogy","Koishi","Minty Spire (QoL Compilation)","Replay The Spire","SacredBarkPlus","Shade Mod","Spicy Shops","StSLib","The Clintock","The Jungle","The Marked","The Mystic","TheSwordswoman","everything is the same but u backflip on backflip"],"gold_per_floor":[113,130,140,159,159,186,206,206,206,237,267,282,56,82,82,187,187,199,31,31,41,41,41,59,59,59,59,76,105,117,132,132,227,227,239,250,152,152,44,71,71,83,110,137,148,148,148,148,148,148],"floor_reached":51,"language":"ENG","playtime":4077,"items_purged":[],"score":822,"play_id":"a0945921-8204-4f69-8224-53d58656218e","local_time":"20210215103623","is_ascension_mode":false,"campfire_choices":[{"floor":8,"key":"REST"},{"data":"Shade:AuraOfUnlife","floor":15,"key":"SMITH"},{"data":"Shade:Carnophage","floor":23,"key":"SMITH"},{"data":"Shade:Bonestorm","floor":27,"key":"SMITH"},{"data":"Shade:OpenGraves","floor":32,"key":"SMITH"},{"floor":41,"key":"REST"},{"floor":46,"key":"REST"},{"floor":49,"key":"REST"}],"circlet_count":0,"master_deck":["Shade:Strike_Shade+1","Shade:Strike_Shade","Shade:Strike_Shade","Shade:Strike_Shade","Shade:Defend_Shade","Shade:Defend_Shade","Shade:Defend_Shade","Shade:Defend_Shade","Shade:AnimateDead+1","Shade:CarefulCut","Shade:CommandSoldier","Shade:PressTheAttack+1","Shade:Bonestorm+1","Shade:Excise","Shade:PressTheAttack","Shade:CommandSoldier","Shade:AuraOfUnlife+1","Shade:GraveStillness","Shade:ScuttlingHand+1","Shade:Carnophage+1","Shade:Frenzy","Shade:FleshToFlesh","Shade:FleshToFlesh","Shade:StitchTogether","Shame","Shade:FuneraryArmor","Shade:OpenGraves+1","Shade:Bonestorm+1","Shade:GreaterAnimation+1","Shade:ExtraLimbs","Shade:Bonestorm","Pain","Shade:AuraOfUnlife","Shade:ClawBack","Shade:ClawBack","Shade:PotionOfRestlessness","Overencumbered"],"relics":["Shade:YorickPolishedSkull","Potion Belt","Replay:Towering Pillar of Hats","Whetstone","infinitespire:BottledMercury","PreservedInsect","hubris:Metronome","Replay:Fungal Core","Ninja Scroll","theJungle:SneckoAutograph","CaptainsWheel","Replay:Baseball","Replay:Grab Bag","Busted Crown","Fusion Hammer","hubris:PeanutButter","hubris:Icosahedron","hubris:Reverence","Omamori","Pen Nib","Du-Vu Doll"],"acts_visited":["Exordium","theJungle:Jungle","TheBeyond"],"potions_floor_usage":[6,18,20,20,33,33,33,40,44,50,50,50],"damage_taken":[{"damage":0,"enemies":"Cultist","floor":1,"turns":3},{"damage":0,"enemies":"Small Slimes","floor":2,"turns":4},{"damage":0,"enemies":"Jaw Worm","floor":3,"turns":3},{"damage":0,"enemies":"3 Louse","floor":4,"turns":4},{"damage":18,"enemies":"3 Sentries","floor":6,"turns":7},{"damage":0,"enemies":"Large Slime","floor":7,"turns":4},{"damage":5,"enemies":"Replay:BlueRogue","floor":10,"turns":4},{"damage":2,"enemies":"Exordium Wildlife","floor":12,"turns":4},{"damage":0,"enemies":"Lagavulin","floor":14,"turns":3},{"damage":23,"enemies":"The Guardian","floor":16,"turns":9},{"damage":0,"enemies":"theJungle:MUSHROOMGANG","floor":18,"turns":4},{"damage":15,"enemies":"JungleHuntersEvent","floor":20,"turns":7},{"damage":0,"enemies":"theJungle:Flameango_and_Byrd","floor":21,"turns":4},{"damage":4,"enemies":"Snake Plant","floor":24,"turns":5},{"damage":0,"enemies":"theJungle:JungleHuntersEncounter","floor":28,"turns":5},{"damage":3,"enemies":"theJungle:MamaSnecko","floor":29,"turns":5},{"damage":0,"enemies":"theJungle:2_Flameangoes","floor":30,"turns":6},{"damage":0,"enemies":"theJungle:Lyon","floor":31,"turns":2},{"damage":17,"enemies":"theJungle:TotemBoss","floor":33,"turns":4},{"damage":0,"enemies":"Orb Walker","floor":35,"turns":2},{"damage":8,"enemies":"3 Darklings","floor":36,"turns":5},{"damage":0,"enemies":"Nightmare","floor":40,"turns":4},{"damage":7,"enemies":"Transient","floor":42,"turns":5},{"damage":0,"enemies":"Nemesis","floor":44,"turns":2},{"damage":3,"enemies":"Spire Growth","floor":45,"turns":3},{"damage":13,"enemies":"hubris:GrandSnecko","floor":50,"turns":6}],"seed_played":"4439956351901616313","potions_obtained":[{"floor":1,"key":"AttackPotion"},{"floor":3,"key":"Doom Potion"},{"floor":12,"key":"Reflective Coating"},{"floor":14,"key":"FearPotion"},{"floor":16,"key":"EssenceOfSteel"},{"floor":24,"key":"Languid Potion"},{"floor":28,"key":"PowerPotion"},{"floor":30,"key":"PowerPotion"},{"floor":33,"key":"champ:CounterPotion"},{"floor":36,"key":"ColorlessPotion"},{"floor":42,"key":"sneckomod:MuddlingPotion"},{"floor":44,"key":"sneckomod:MuddlingPotion"}],"is_trial":false,"path_per_floor":["M","M","M","M","?","E","M","R","T","E","?","M","$","E","R","B",null,"M","$","?","M","?","R","M","?","T","R","M","E","M","M","R","B",null,"M","M","$","?","$","NM","R","M","T","E","M","R","?","?","R","B",null],"character_chosen":"SHADE","items_purchased":["Shade:AuraOfUnlife","PreservedInsect","Shade:Carnophage","Shade:Frenzy","Shade:FleshToFlesh","hubris:PeanutButter","Shade:AuraOfUnlife","Shade:ClawBack"],"campfire_rested":4,"item_purchase_floors":[13,13,19,19,19,37,39,39],"current_hp_per_floor":[59,59,59,59,59,41,41,64,64,59,59,57,57,57,57,34,77,77,77,62,62,62,62,65,67,67,67,74,74,77,77,77,60,77,77,76,76,76,76,76,77,70,70,70,74,77,82,82,82,69],"gold":148,"neow_bonus":"TWENTY_PERCENT_HP_BONUS","is_daily":false,"chose_seed":false,"campfire_upgraded":4,"win_rate":0.0,"timestamp":1613414183,"path_taken":["M","M","?","M","?","E","M","R","T","E","?","M","$","E","R","BOSS","M","$","?","M","?","R","M","?","T","R","M","E","M","M","R","BOSS","M","M","$","?","$","NM","R","M","T","E","M","R","?","?","R","BOSS"],"items_purchased_type":["Card","Relic","Card","Card","Card","Relic","Card","Card"],"build_version":"2020-12-22","purchased_purges":0,"victory":true,"max_hp_per_floor":[77,77,77,77,77,77,77,77,77,77,77,77,77,77,77,77,77,77,77,77,77,77,77,77,77,77,77,77,77,77,77,77,77,77,77,77,77,77,77,77,77,77,77,77,77,77,82,82,82,82],"card_choices":[{"not_picked":["Shade:SkeletonHug","Shade:FeralStrike"],"picked":"Shade:CommandSoldier","floor":1},{"not_picked":["Shade:ClawBack","Shade:SpontaneousRitual"],"picked":"Shade:PressTheAttack","floor":2},{"not_picked":["Shade:CommandSoldier","Shade:Brains"],"picked":"Shade:Bonestorm","floor":3},{"not_picked":["Shade:FeralStrike","Shade:Trample","Shade:BoneShards"],"picked":"SKIP","floor":4},{"not_picked":["Shade:CloudOfShrapnel","Shade:FleshOffering","Shade:DangerousRitual"],"picked":"SKIP","floor":6},{"not_picked":["Shade:WallOfFlesh","Shade:AncientSpear"],"picked":"Shade:Excise","floor":7},{"not_picked":["Shade:LyeBath","Shade:OneIsEnough"],"picked":"Shade:PressTheAttack","floor":10},{"not_picked":["Shade:Asphyxiate","Shade:Patience"],"picked":"Shade:CommandSoldier","floor":12},{"not_picked":["Shade:StitchTogether","Shade:ScuttlingHand"],"picked":"Shade:GraveStillness","floor":14},{"not_picked":["Shade:GreyBargain+1","Shade:Brains"],"picked":"Shade:ScuttlingHand+1","floor":18},{"not_picked":["Shade:BoneShards","Shade:CoffinDance+1"],"picked":"Shade:FleshToFlesh","floor":20},{"not_picked":["Shade:SkeletonHug+1","Shade:FingerOfDeath"],"picked":"Shade:StitchTogether","floor":21},{"not_picked":["Shade:CoffinDance","Shade:TouchOfTheGrave","Shade:GreyBargain+1"],"picked":"SKIP","floor":24},{"not_picked":["Shade:FingerOfDeath+1","Shade:Haruspicy+1","Shade:ExtraLimbs"],"picked":"SKIP","floor":28},{"not_picked":["Shade:DangerousRitual+1","Shade:AncientSpear"],"picked":"Shade:FuneraryArmor","floor":29},{"not_picked":["Shade:CallWraith+1","Shade:TouchOfTheGrave"],"picked":"Shade:OpenGraves","floor":30},{"not_picked":["Shade:Frenzy+1","Shade:FleshToFlesh+1"],"picked":"Shade:Bonestorm+1","floor":31},{"not_picked":["Shade:SoulPierce","Shade:DarkOfNight"],"picked":"Shade:GreaterAnimation","floor":33},{"not_picked":[],"picked":"Shade:ExtraLimbs","floor":35},{"not_picked":[],"picked":"Shade:Bonestorm","floor":36},{"not_picked":["Shade:Frenzy"],"picked":"SKIP","floor":40},{"not_picked":["Shade:TouchOfTheGrave"],"picked":"SKIP","floor":42},{"not_picked":["Shade:Doomsay"],"picked":"SKIP","floor":44},{"not_picked":[],"picked":"Shade:PotionOfRestlessness","floor":45}],"player_experience":192969,"relics_obtained":[{"floor":6,"key":"Potion Belt"},{"floor":9,"key":"Replay:Towering Pillar of Hats"},{"floor":10,"key":"Whetstone"},{"floor":14,"key":"hubris:Metronome"},{"floor":20,"key":"Ninja Scroll"},{"floor":26,"key":"CaptainsWheel"},{"floor":29,"key":"Replay:Baseball"},{"floor":40,"key":"hubris:Reverence"},{"floor":43,"key":"Omamori"},{"floor":44,"key":"Pen Nib"}],"event_choices":[{"damage_healed":0,"gold_gain":0,"player_choice":"Grow","damage_taken":0,"max_hp_gain":0,"max_hp_loss":0,"event_name":"Living Wall","floor":5,"gold_loss":0,"cards_upgraded":["Shade:AnimateDead"]},{"damage_healed":0,"gold_gain":30,"player_choice":"Searched \u00273\u0027 times","damage_taken":0,"relics_obtained":["infinitespire:BottledMercury"],"max_hp_gain":0,"max_hp_loss":0,"event_name":"Dead Adventurer","floor":11,"gold_loss":0}],"is_beta":false,"boss_relics":[{"not_picked":["ReplayTheSpireMod:SealedPack","Replay:Bronze Core"],"picked":"Replay:Fungal Core"},{"not_picked":["hubris:Stopwatch","Replay:Wanted Poster"],"picked":"Replay:Grab Bag"},{"not_picked":["infinitespire:Cupcake","Philosopher\u0027s Stone"],"picked":"Busted Crown"},{"not_picked":["Velvet Choker","ReplayTheSpireMod:DimensionalGlitch"],"picked":"Fusion Hammer"},{"not_picked":["hubris:ScarierMask","Empty Cage"],"picked":"Shade:YorickPolishedSkull"}],"items_purged_floors":[],"is_endless":false,"potions_floor_spawned":[1,3,12,14,16,24,28,30,33,36,42,44],"ascension_level":0}}