{"host":"n605f8gctjc87d7h","time":1613351552,"event":{"mods":["Aspiration","Bard","BaseMod","Better Match","Better Note","Better Skull","Better Third Choice","Conspire","Downfall","Halation","Hermit","Infinite Spire","Minty Spire (QoL Compilation)","Reliquary","Replay The Spire","Retaliation","Shade Mod","Spicy Shops","StSLib","The IronCluck","The Jungle","The Runesmith"],"gold_per_floor":[114,131,131,149,164,164,183,218,293,306,306,306,306,337,337,411,411,429,462,387,312,312,312,155,188,188,188,188,188,201,218,218,292,292,310,329,329,339,359,393,407,407,431,449,449,449,449,54,54,54],"floor_reached":51,"language":"ENG","playtime":3755,"items_purged":["Strike_B","Defend_B","Replay:Hysterical Blindness"],"score":1193,"play_id":"6ad5d6c6-3883-49fe-83a5-1c402c181538","local_time":"20210214171232","is_ascension_mode":true,"campfire_choices":[{"data":"Streamline","floor":6,"key":"SMITH"},{"floor":11,"key":"REST"},{"data":"ReplayTheSpireMod:Dual Polarity","floor":13,"key":"SMITH"},{"data":"Fission","floor":15,"key":"SMITH"},{"floor":23,"key":"REST"},{"data":"Chill","floor":32,"key":"SMITH"},{"data":"infinitespire:NeuralNetwork","floor":32,"key":"SMITH"},{"data":"White Noise","floor":42,"key":"SMITH"},{"data":"infinitespire:Starlight","floor":42,"key":"SMITH"},{"data":"ReplayTheSpireMod:System Scan","floor":45,"key":"SMITH"},{"data":"Zap","floor":45,"key":"SMITH"},{"data":"Doom and Gloom","floor":47,"key":"SMITH"},{"data":"ReplayTheSpireMod:Omega Cannon","floor":47,"key":"SMITH"},{"data":"J.A.X.","floor":49,"key":"SMITH"},{"data":"Defend_B+1","floor":49,"key":"SMITH"}],"circlet_count":0,"master_deck":["AscendersBane","Strike_B","Strike_B+1","Strike_B","Defend_B+2","Defend_B","Defend_B","Zap+1","Dualcast","Fission+1","Doom and Gloom+1","Chill+1","infinitespire:Starlight+1","Streamline+1","Self Repair","ReplayTheSpireMod:Dual Polarity+1","White Noise+1","ReplayTheSpireMod:Omega Cannon+1","ReplayTheSpireMod:System Scan+1","J.A.X.+1","Time Bomb+1","infinitespire:NeuralNetwork+1","Time Bomb+1","BasicCrystalCard+1"],"relics":["Cracked Core","Ancient Tea Set","reliquary:PurpleTingedLeaf","WarpedTongs","halation:Toothbrush","reliquary:Craggleroot","Red Mask","reliquary:Bookmark","halation:Trompette","StrikeDummy","aspiration:BursterCore","Thread and Needle","halation:PenCase","Sozu","Runesmith:AutoHammer","Nuclear Battery","Simple Rune","CeramicFish","ReplayTheSpireMod:Ninjato","conspire:GlowingRock"],"acts_visited":["Exordium","TheCity","TheBeyond"],"potions_floor_usage":[5,8,8,18,31,50],"damage_taken":[{"damage":2,"enemies":"2 Louse","floor":1,"turns":3},{"damage":7,"enemies":"Small Slimes","floor":2,"turns":2},{"damage":0,"enemies":"Cultist","floor":4,"turns":3},{"damage":6,"enemies":"Large Slime","floor":5,"turns":5},{"damage":30,"enemies":"Exordium Thugs","floor":7,"turns":4},{"damage":15,"enemies":"conspire:MimicChest","floor":8,"turns":4},{"damage":19,"enemies":"Looter","floor":10,"turns":4},{"damage":23,"enemies":"3 Sentries","floor":14,"turns":7},{"damage":47,"enemies":"Fading Forest","floor":16,"turns":11},{"damage":26,"enemies":"Shell Parasite","floor":18,"turns":6},{"damage":12,"enemies":"Masked Bandits","floor":19,"turns":2},{"damage":7,"enemies":"conspire:Head Lice","floor":25,"turns":5},{"damage":6,"enemies":"conspire:FuzzyDice","floor":30,"turns":4},{"damage":6,"enemies":"Centurion and Healer","floor":31,"turns":3},{"damage":59,"enemies":"conspire:MysteriousRune","floor":33,"turns":9},{"damage":15,"enemies":"3 Shapes","floor":35,"turns":6},{"damage":8,"enemies":"3 Darklings","floor":36,"turns":4},{"damage":8,"enemies":"4 Shapes","floor":38,"turns":5},{"damage":3,"enemies":"Sphere and 2 Shapes","floor":39,"turns":5},{"damage":57,"enemies":"Giant Head","floor":40,"turns":7},{"damage":3,"enemies":"Jaw Worm Horde","floor":41,"turns":3},{"damage":10,"enemies":"Maw","floor":44,"turns":6},{"damage":20,"enemies":"Donu and Deca","floor":50,"turns":3}],"seed_played":"-6027335422423722400","potions_obtained":[{"floor":2,"key":"Dexterity Potion"},{"floor":5,"key":"Strength Potion"},{"floor":7,"key":"AttackPotion"},{"floor":8,"key":"hexamod:SoulburnPotion"},{"floor":19,"key":"DDmod:CleansePotion"},{"floor":25,"key":"Block Potion"},{"floor":30,"key":"PotionOfCapacity"}],"is_trial":false,"path_per_floor":["M","M","?","M","M","R","M","?","T","M","R","?","R","E","R","B",null,"M","?","?","$","?","R","$","E","T","AVR","?","?","M","M","R","B",null,"M","M","AVR","M","M","E","M","R","T","M","R","?","R","$","R","B",null],"character_chosen":"DEFECT","items_purchased":["reliquary:Bookmark","ReplayTheSpireMod:Ninjato","conspire:GlowingRock"],"campfire_rested":2,"item_purchase_floors":[24,48,48],"current_hp_per_floor":[62,55,39,49,53,53,33,35,35,34,55,55,55,54,54,37,63,55,44,47,50,50,73,73,77,77,80,80,80,74,80,80,47,72,80,80,83,83,83,38,56,56,56,71,71,71,71,71,71,73],"gold":54,"neow_bonus":"ONE_RANDOM_RARE_CARD","is_daily":false,"chose_seed":false,"campfire_upgraded":13,"win_rate":0.0,"timestamp":1613351552,"path_taken":["M","M","?","M","M","R","M","?","T","?","R","?","R","E","R","BOSS","M","?","?","$","?","R","?","E","T","AVR","?","?","M","?","R","BOSS","M","M","AVR","M","M","E","M","R","T","M","R","?","R","$","R","BOSS"],"items_purchased_type":["Relic","Relic","Relic"],"build_version":"2020-12-22","purchased_purges":3,"victory":true,"max_hp_per_floor":[71,71,71,71,71,71,71,71,71,71,71,71,71,71,71,71,71,71,71,74,77,77,77,77,77,77,80,80,80,80,80,80,80,80,80,80,83,83,83,83,83,83,83,83,83,83,83,83,83,83],"card_choices":[{"not_picked":["Streamline","BasicCrystalCard"],"picked":"Doom and Gloom","floor":1},{"not_picked":["ReplayTheSpireMod:Dual Polarity","Capacitor"],"picked":"Chill","floor":2},{"not_picked":["infinitespire:DeathsTouch","infinitespire:FinalStrike"],"picked":"infinitespire:Starlight","floor":3},{"not_picked":["Rebound","Compile Driver","Barrage"],"picked":"SKIP","floor":4},{"not_picked":["Hyperbeam","Rebound"],"picked":"Streamline","floor":5},{"not_picked":["Rebound","Panic Button"],"picked":"Self Repair","floor":7},{"not_picked":["Rebound","Beam Cell"],"picked":"ReplayTheSpireMod:Dual Polarity","floor":8},{"not_picked":["Skim","Sunder"],"picked":"White Noise","floor":10},{"not_picked":["Turbo","ReplayRNGCard","Sunder"],"picked":"SKIP","floor":14},{"not_picked":["Fission","Hyperbeam"],"picked":"ReplayTheSpireMod:Omega Cannon","floor":16},{"not_picked":["Static Discharge","Aggregate"],"picked":"ReplayTheSpireMod:System Scan","floor":18},{"not_picked":["Biased Cognition","Go for the Eyes+1"],"picked":"Time Bomb+1","floor":25},{"not_picked":["Streamline","Beam Cell","ReplayTheSpireMod:Repulse"],"picked":"SKIP","floor":30},{"not_picked":["Sunder","Stack"],"picked":"Time Bomb+1","floor":31},{"not_picked":["Rebound+1","Heatsinks","Blizzard"],"picked":"SKIP","floor":35},{"not_picked":["FTL","Storm","Redo"],"picked":"SKIP","floor":36},{"not_picked":["Streamline","Hologram","Recycle"],"picked":"SKIP","floor":38},{"not_picked":["Streamline","Beam Cell","Panic Button+1"],"picked":"SKIP","floor":39},{"not_picked":["Multi-Cast","Cold Snap","Double Energy"],"picked":"SKIP","floor":40},{"not_picked":["Hologram","Ball Lightning"],"picked":"BasicCrystalCard+1","floor":41},{"not_picked":["Glacier","ReplayTheSpireMod:System Scan","Heatsinks"],"picked":"SKIP","floor":44}],"player_experience":870670,"relics_obtained":[{"floor":8,"key":"Ancient Tea Set"},{"floor":9,"key":"reliquary:PurpleTingedLeaf"},{"floor":14,"key":"halation:Toothbrush"},{"floor":19,"key":"Red Mask"},{"floor":25,"key":"halation:Trompette"},{"floor":26,"key":"StrikeDummy"},{"floor":40,"key":"Simple Rune"},{"floor":43,"key":"CeramicFish"}],"event_choices":[{"damage_healed":0,"gold_gain":0,"player_choice":"Rummage","damage_taken":0,"relics_obtained":["WarpedTongs"],"max_hp_gain":0,"max_hp_loss":0,"event_name":"Accursed Blacksmith","floor":12,"gold_loss":0,"cards_obtained":["Pain"]},{"damage_healed":0,"gold_gain":0,"player_choice":"Fought Bandits","damage_taken":0,"max_hp_gain":0,"max_hp_loss":0,"event_name":"Masked Bandits","floor":19,"gold_loss":0},{"cards_removed":["Pain"],"damage_healed":0,"gold_gain":0,"player_choice":"Gave Gold","damage_taken":0,"max_hp_gain":0,"max_hp_loss":0,"event_name":"Beggar","floor":20,"gold_loss":75},{"damage_healed":0,"gold_gain":0,"player_choice":"Obtain J.A.X.","damage_taken":0,"max_hp_gain":0,"max_hp_loss":0,"event_name":"Drug Dealer","floor":22,"gold_loss":0,"cards_obtained":["J.A.X."]},{"damage_healed":0,"gold_gain":0,"player_choice":"Ignored","damage_taken":0,"max_hp_gain":0,"max_hp_loss":0,"event_name":"Vampires","floor":28,"gold_loss":0}],"is_beta":false,"boss_relics":[{"not_picked":["halation:Prosthetics","Coffee Dripper"],"picked":"reliquary:Craggleroot"},{"not_picked":["SacredBark","Replay:Fungal Core"],"picked":"Sozu"}],"items_purged_floors":[21,27,37],"is_endless":false,"potions_floor_spawned":[2,5,7,8,19,25,30,35,36,39],"ascension_level":17}}