{"host":"swn8ychr123rw3gf","time":1613386312,"event":{"mods":["BaseMod","Minty Spire (QoL Compilation)","StSLib"],"gold_per_floor":[217,217,233,247,259,259,288,288,312,322,322,335,350,376,376,449,449,462,387,587,603,621,621,621],"floor_reached":23,"language":"ZHS","playtime":1050,"items_purged":["Defend_R"],"score":349,"play_id":"7103c9b3-2b0f-4409-855b-41e69dfec8a1","local_time":"20210215185152","is_ascension_mode":true,"campfire_choices":[{"data":"Immolate","floor":6.0,"key":"SMITH"},{"data":"Searing Blow+1","floor":8.0,"key":"SMITH"},{"data":"Body Slam","floor":15.0,"key":"SMITH"}],"circlet_count":0,"master_deck":["AscendersBane","Strike_R","Strike_R","Defend_R","Bash+1","Searing Blow+2","Immolate+1","Evolve","Power Through+1","Power Through+1","Dark Embrace","Body Slam+1","Limit Break","Demon Form","Clash+1","Burning Pact+1","Pommel Strike+1","Second Wind","Sword Boomerang"],"relics":["Burning Blood","Whetstone","War Paint","Strawberry","Astrolabe"],"acts_visited":["TheCity"],"potions_floor_usage":[23],"damage_taken":[{"damage":4.0,"enemies":"2 Louse","floor":1.0,"turns":4.0},{"damage":1.0,"enemies":"Cultist","floor":3.0,"turns":3.0},{"damage":0.0,"enemies":"Small Slimes","floor":4.0,"turns":2.0},{"damage":11.0,"enemies":"3 Louse","floor":5.0,"turns":3.0},{"damage":10.0,"enemies":"3 Sentries","floor":7.0,"turns":6.0},{"damage":6.0,"enemies":"Exordium Thugs","floor":10.0,"turns":4.0},{"damage":0.0,"enemies":"Exordium Wildlife","floor":12.0,"turns":2.0},{"damage":8.0,"enemies":"Lots of Slimes","floor":13.0,"turns":2.0},{"damage":15.0,"enemies":"Gremlin Nob","floor":14.0,"turns":4.0},{"damage":20.0,"enemies":"The Guardian","floor":16.0,"turns":11.0},{"damage":10.0,"enemies":"Chosen","floor":18.0,"turns":6.0},{"damage":14.0,"enemies":"Shell Parasite","floor":21.0,"turns":7.0},{"damage":18.0,"enemies":"Snecko","floor":22.0,"turns":4.0},{"damage":32,"enemies":"Gremlin Leader","floor":23,"turns":6}],"seed_played":"1332753546199226302","potions_obtained":[{"floor":1.0,"key":"SkillPotion"},{"floor":4.0,"key":"Explosive Potion"},{"floor":7.0,"key":"AttackPotion"},{"floor":18.0,"key":"AttackPotion"}],"is_trial":false,"path_per_floor":["M","?","M","M","M","R","E","R","T","M","?","M","M","E","R","B",null,"M","$","?","M","M","E"],"character_chosen":"IRONCLAD","items_purchased":[],"campfire_rested":0,"item_purchase_floors":[],"current_hp_per_floor":[70,70,75,75,70,70,66,66,66,66,59,65,63,61,61,47,73,69,69,69,61,49,17,17],"gold":621,"neow_bonus":"HUNDRED_GOLD","is_daily":false,"chose_seed":false,"campfire_upgraded":3,"win_rate":0.0,"timestamp":1613386312,"path_taken":["M","?","M","M","?","R","E","R","T","M","?","M","M","E","R","BOSS","M","$","?","M","M","E"],"items_purchased_type":[],"build_version":"2020-12-22","purchased_purges":1,"victory":false,"max_hp_per_floor":[75,75,75,75,75,75,75,75,75,75,75,75,75,82,82,82,82,82,82,82,82,82,82,82],"card_choices":[{"not_picked":["Armaments","Twin Strike"],"picked":"Searing Blow","floor":1.0},{"not_picked":["Blood for Blood","Twin Strike","Perfected Strike"],"picked":"SKIP","floor":3.0},{"not_picked":["Spot Weakness","Iron Wave"],"picked":"Evolve","floor":4.0},{"not_picked":["Twin Strike","Sentinel"],"picked":"Power Through","floor":5.0},{"not_picked":["Clash","Twin Strike"],"picked":"Power Through","floor":7.0},{"not_picked":["Thunderclap","Cleave"],"picked":"Dark Embrace","floor":10.0},{"not_picked":["Corruption","Thunderclap"],"picked":"Body Slam","floor":12.0},{"not_picked":["Clash","Iron Wave","Shrug It Off"],"picked":"SKIP","floor":13.0},{"not_picked":["Evolve","Armaments"],"picked":"Limit Break","floor":14.0},{"not_picked":["Berserk","Bludgeon"],"picked":"Demon Form","floor":16.0},{"not_picked":["Metallicize","Intimidate"],"picked":"Second Wind","floor":18.0},{"not_picked":["Ghostly Armor","Flame Barrier"],"picked":"Sword Boomerang","floor":21.0},{"not_picked":["Second Wind","Ghostly Armor","Cleave"],"picked":"SKIP","floor":22.0}],"player_experience":467998,"relics_obtained":[{"floor":7.0,"key":"Whetstone"},{"floor":9.0,"key":"War Paint"},{"floor":14.0,"key":"Strawberry"}],"event_choices":[{"damage_healed":0.0,"max_hp_gain":0.0,"max_hp_loss":0.0,"gold_gain":0.0,"cards_transformed":["Strike_R"],"event_name":"Transmorgrifier","player_choice":"Transformed","floor":2.0,"gold_loss":0.0,"damage_taken":0.0,"cards_obtained":["Immolate"]},{"cards_removed":["Defend_R"],"damage_healed":0.0,"max_hp_gain":0.0,"max_hp_loss":0.0,"gold_gain":0.0,"event_name":"Golden Wing","player_choice":"Card Removal","floor":11.0,"gold_loss":0.0,"damage_taken":7.0},{"damage_healed":0.0,"max_hp_gain":0.0,"max_hp_loss":0.0,"gold_gain":200.0,"event_name":"Wheel of Change","player_choice":"Gold","floor":20.0,"gold_loss":0.0,"damage_taken":0.0}],"is_beta":false,"boss_relics":[{"not_picked":["Velvet Choker","Snecko Eye"],"picked":"Astrolabe"}],"items_purged_floors":[19],"is_endless":false,"potions_floor_spawned":[1,4,7,10,13,18],"killed_by":"Gremlin Leader","ascension_level":14}}