{"host":"qgrlfjrqk9z96gfi","time":1613428400,"event":{"mods":["BaseMod","Block Reminder","Colored Map","Custom Start","DeckTracker","Minty Spire (QoL Compilation)"],"gold_per_floor":[118,118,132,148,223,223,238,267,291,322,362,362,388,388,388,459,459,476,490,440,166,185,185,185],"floor_reached":23,"language":"ENG","playtime":815,"items_purged":["Strike_G"],"score":422,"play_id":"907ef1bb-f166-44e9-99d0-48d31b8cc94b","local_time":"20210215123320","is_ascension_mode":true,"campfire_choices":[{"data":"Quick Slash","floor":6.0,"key":"SMITH"},{"floor":12.0,"key":"REST"},{"data":"Blade Dance","floor":15,"key":"SMITH"}],"circlet_count":0,"master_deck":["AscendersBane","Strike_G","Strike_G","Strike_G","Strike_G","Defend_G","Defend_G","Defend_G","Defend_G","Defend_G","Survivor","Neutralize","Quick Slash+1","Slice","Terror","Flying Knee","Blade Dance+1","Infinite Blades","Footwork","After Image","Phantasmal Killer","Accuracy","Masterful Stab+1","Cloak And Dagger","Dagger Spray+1","Cloak And Dagger","Deflect","Dodge and Roll","Well Laid Plans"],"relics":["Ring of the Snake","Regal Pillow","Happy Flower","Strawberry","Smiling Mask","Bag of Marbles","Fusion Hammer","Orrery"],"acts_visited":["Exordium","TheCity"],"potions_floor_usage":[13,16,19,23],"damage_taken":[{"damage":0.0,"enemies":"2 Louse","floor":1.0,"turns":3.0},{"damage":2.0,"enemies":"Jaw Worm","floor":3.0,"turns":5.0},{"damage":5.0,"enemies":"Small Slimes","floor":4.0,"turns":4.0},{"damage":1.0,"enemies":"Blue Slaver","floor":7.0,"turns":2.0},{"damage":8.0,"enemies":"Gremlin Nob","floor":8.0,"turns":3.0},{"damage":15.0,"enemies":"Lagavulin","floor":10.0,"turns":5.0},{"damage":1.0,"enemies":"Exordium Thugs","floor":11.0,"turns":4.0},{"damage":11,"enemies":"Gremlin Nob","floor":13,"turns":3},{"damage":29,"enemies":"Slime Boss","floor":16,"turns":13},{"damage":10,"enemies":"Shell Parasite","floor":18,"turns":5},{"damage":0,"enemies":"3 Byrds","floor":19,"turns":4},{"damage":27,"enemies":"Snecko","floor":22,"turns":5},{"damage":28,"enemies":"Book of Stabbing","floor":23,"turns":4}],"seed_played":"-6389236959393254132","potions_obtained":[{"floor":3.0,"key":"Energy Potion"},{"floor":7.0,"key":"SpeedPotion"},{"floor":10.0,"key":"ColorlessPotion"},{"floor":11.0,"key":"Fire Potion"},{"floor":16,"key":"Dexterity Potion"},{"floor":18,"key":"LiquidBronze"}],"is_trial":false,"path_per_floor":["M","?","M","M","?","R","M","E","T","E","M","R","E","?","R","B",null,"M","M","?","$","M","E"],"character_chosen":"THE_SILENT","items_purchased":["Cloak And Dagger","Orrery"],"campfire_rested":1,"item_purchase_floors":[21,21],"current_hp_per_floor":[59,64,62,57,46,46,45,37,44,29,28,66,55,55,55,26,65,55,55,55,55,28,0,0],"gold":185,"neow_bonus":"RANDOM_COMMON_RELIC","is_daily":false,"chose_seed":false,"campfire_upgraded":2,"win_rate":0.0,"timestamp":1613428400,"path_taken":["M","?","M","M","?","R","M","E","T","E","M","R","E","?","R","BOSS","M","M","?","?","M","E"],"items_purchased_type":["Card","Relic"],"build_version":"2020-12-22","purchased_purges":1,"victory":false,"max_hp_per_floor":[66,71,71,71,71,71,71,71,78,78,78,78,78,78,78,78,78,78,78,78,78,78,78,78],"card_choices":[{"not_picked":["Deadly Poison","Cloak And Dagger"],"picked":"Quick Slash","floor":1.0},{"not_picked":["Deflect","Setup"],"picked":"Slice","floor":3.0},{"not_picked":["Expertise","PiercingWail"],"picked":"Terror","floor":4.0},{"not_picked":["Catalyst","Acrobatics"],"picked":"Flying Knee","floor":7.0},{"not_picked":["Prepared","Caltrops"],"picked":"Blade Dance","floor":8.0},{"not_picked":["Dodge and Roll","Reflex"],"picked":"Infinite Blades","floor":10.0},{"not_picked":["Choke","Caltrops"],"picked":"Footwork","floor":11.0},{"not_picked":["Accuracy","Flying Knee"],"picked":"After Image","floor":13},{"not_picked":["Corpse Explosion","Venomology"],"picked":"Phantasmal Killer","floor":16},{"not_picked":["Backstab","Deadly Poison"],"picked":"Accuracy","floor":18},{"not_picked":["Underhanded Strike","Flechettes"],"picked":"Masterful Stab+1","floor":19},{"not_picked":["Calculated Gamble","Die Die Die"],"picked":"Dagger Spray+1","floor":21},{"not_picked":["Sucker Punch","Expertise"],"picked":"Cloak And Dagger","floor":21},{"not_picked":["Acrobatics","Poisoned Stab"],"picked":"Deflect","floor":21},{"not_picked":["Outmaneuver","Infinite Blades"],"picked":"Dodge and Roll","floor":21},{"not_picked":["Sucker Punch","Flechettes"],"picked":"Well Laid Plans","floor":22}],"player_experience":1148535,"relics_obtained":[{"floor":8.0,"key":"Happy Flower"},{"floor":9.0,"key":"Strawberry"},{"floor":10.0,"key":"Smiling Mask"},{"floor":13,"key":"Bag of Marbles"}],"event_choices":[{"damage_healed":0.0,"max_hp_gain":5.0,"max_hp_loss":0.0,"gold_gain":0.0,"event_name":"Big Fish","player_choice":"Donut","floor":2.0,"gold_loss":0.0,"damage_taken":0.0},{"damage_healed":0.0,"max_hp_gain":0.0,"max_hp_loss":0.0,"gold_gain":75.0,"event_name":"World of Goop","player_choice":"Gather Gold","floor":5.0,"gold_loss":0.0,"damage_taken":11.0},{"damage_healed":0,"gold_gain":0,"player_choice":"Ignored","damage_taken":0,"max_hp_gain":0,"max_hp_loss":0,"event_name":"Liars Game","floor":14,"gold_loss":0},{"damage_healed":0,"gold_gain":0,"player_choice":"Bet on Owner","damage_taken":0,"max_hp_gain":0,"max_hp_loss":0,"event_name":"The Joust","floor":20,"gold_loss":50}],"is_beta":false,"boss_relics":[{"not_picked":["SlaversCollar","Ring of the Serpent"],"picked":"Fusion Hammer"}],"items_purged_floors":[21],"is_endless":false,"potions_floor_spawned":[3,7,10,11,16,18],"killed_by":"Book of Stabbing","ascension_level":20}}