{"host":"AZZAM","time":1613355585,"event":{"mods":["BaseMod","Colored Map","Highlight Path","Minty Spire (QoL Compilation)","Relic Stats","Unceasing Turn Reminder"],"gold_per_floor":[118,118,136,149,224,224,254,264,288,288,316,326,361,361,361,457,457,475,39,57,57,57,57,57,88,388,388,136,153,173,206,206,306,306,318,359,359,48,85,85,117,117,117,158,158,158,158,174,174,174,174],"floor_reached":50,"language":"ENG","playtime":1635,"items_purged":["Strike_P","Defend_P"],"score":779,"play_id":"5d49443f-5f83-4ac8-b33d-8dc810391d93","local_time":"20210215051945","is_ascension_mode":true,"campfire_choices":[{"data":"Eruption","floor":6,"key":"SMITH"},{"data":"FlyingSleeves","floor":10,"key":"SMITH"},{"data":"Vigilance","floor":15,"key":"SMITH"},{"data":"LessonLearned","floor":23,"key":"SMITH"},{"data":"FollowUp","floor":27,"key":"SMITH"},{"data":"Devotion","floor":32,"key":"SMITH"},{"floor":40,"key":"REST"},{"floor":45,"key":"DIG"},{"floor":47,"key":"RECALL"},{"floor":49,"key":"DIG"}],"circlet_count":0,"master_deck":["Strike_P","Strike_P","Defend_P","Eruption+1","Vigilance+1","BowlingBash+1","Wallop+1","Tantrum","Indignation","FlyingSleeves+1","FollowUp+1","SashWhip","FearNoEvil+1","SpiritShield+1","FlurryOfBlows","LessonLearned+1","CutThroughFate+1","Tantrum","Necronomicurse","Adaptation+1","EmptyBody","Halt","Wireheading","Devotion+1","Prostrate","Wish","Sanctity","JustLucky","Protect","Swivel","CutThroughFate","Secret Weapon","EmptyFist+1"],"relics":["Philosopher\u0027s Stone","Nunchaku","Bag of Preparation","Bag of Marbles","Ornamental Fan","Bottled Lightning","SlaversCollar","Toolbox","Necronomicon","Damaru","Old Coin","Lizard Tail","Snecko Eye","Shovel","Vajra","Question Card","MealTicket","Ice Cream"],"acts_visited":["Exordium","TheCity","TheBeyond"],"potions_floor_usage":[16,39,39,44,50],"damage_taken":[{"damage":2,"enemies":"Jaw Worm","floor":1,"turns":4},{"damage":2,"enemies":"2 Louse","floor":3,"turns":2},{"damage":0,"enemies":"Cultist","floor":4,"turns":2},{"damage":7,"enemies":"Lagavulin","floor":7,"turns":6},{"damage":2,"enemies":"Exordium Thugs","floor":8,"turns":2},{"damage":0,"enemies":"Gremlin Nob","floor":11,"turns":2},{"damage":0,"enemies":"3 Louse","floor":12,"turns":1},{"damage":0,"enemies":"Lagavulin","floor":13,"turns":2},{"damage":33,"enemies":"The Guardian","floor":16,"turns":8},{"damage":0,"enemies":"3 Byrds","floor":18,"turns":4},{"damage":0,"enemies":"Chosen","floor":20,"turns":2},{"damage":0,"enemies":"Gremlin Leader","floor":25,"turns":1},{"damage":4,"enemies":"Sentry and Sphere","floor":29,"turns":3},{"damage":7,"enemies":"Snecko","floor":30,"turns":3},{"damage":14,"enemies":"Book of Stabbing","floor":31,"turns":5},{"damage":27,"enemies":"Collector","floor":33,"turns":4},{"damage":0,"enemies":"Orb Walker","floor":35,"turns":2},{"damage":5,"enemies":"3 Darklings","floor":36,"turns":5},{"damage":66,"enemies":"Writhing Mass","floor":39,"turns":5},{"damage":0,"enemies":"Reptomancer","floor":41,"turns":4},{"damage":71,"enemies":"Transient","floor":44,"turns":5},{"damage":0,"enemies":"Spire Growth","floor":48,"turns":2},{"damage":45,"enemies":"Donu and Deca","floor":50,"turns":5}],"seed_played":"-7067124637110531055","potions_obtained":[{"floor":1,"key":"DistilledChaos"},{"floor":3,"key":"GamblersBrew"},{"floor":12,"key":"FairyPotion"},{"floor":20,"key":"LiquidMemories"},{"floor":33,"key":"Block Potion"},{"floor":41,"key":"Regen Potion"},{"floor":44,"key":"Block Potion"}],"is_trial":false,"path_per_floor":["M","?","M","M","?","R","E","M","T","R","E","M","E","T","R","B",null,"M","$","M","?","?","R","?","E","T","R","$","M","M","E","R","B",null,"M","M","?","$","M","R","E","T","T","M","R","?","R","M","R","B"],"character_chosen":"WATCHER","items_purchased":["Toolbox","LessonLearned","Dexterity Potion","EmptyBody","Halt","Wireheading","Shovel","JustLucky"],"campfire_rested":1,"item_purchase_floors":[19,19,19,28,28,28,38,38],"current_hp_per_floor":[70,63,61,61,54,54,47,45,45,45,45,45,45,45,45,12,72,72,72,72,72,56,56,72,72,72,72,72,68,61,47,47,20,72,72,67,67,67,1,21,21,21,21,34,34,34,34,34,34,0,0],"gold":174,"neow_bonus":"BOSS_RELIC","is_daily":false,"chose_seed":false,"campfire_upgraded":6,"win_rate":0.0,"timestamp":1613355585,"path_taken":["M","?","M","M","?","R","E","?","T","R","E","M","E","?","R","BOSS","M","$","M","?","?","R","?","E","T","R","$","M","M","E","R","BOSS","M","M","?","$","M","R","E","?","T","M","R","?","R","M","R","BOSS"],"items_purchased_type":["Relic","Card","Potion","Card","Card","Card","Relic","Card"],"build_version":"2020-12-18","purchased_purges":2,"victory":false,"max_hp_per_floor":[72,72,72,72,72,72,72,72,72,72,72,72,72,72,72,72,72,72,72,72,72,72,72,72,72,72,72,72,72,72,72,72,72,72,72,72,68,68,68,68,68,68,68,68,68,68,68,68,68,68,68],"relic_stats":{"Nunchaku":[20],"Lizard Tail":34,"Shovel":2,"counters":[23,79],"Ornamental Fan":[168],"Snecko Eye":[48,54,61,61],"MealTicket":0,"Bag of Preparation":[36],"Necronomicon":[27],"Question Card":3,"obtain_stats":[{"Ice Cream":49,"Damaru":25,"Vajra":41,"Bag of Preparation":9,"Question Card":43,"Old Coin":26,"SlaversCollar":17,"Nunchaku":7,"Lizard Tail":31,"Shovel":38,"Ornamental Fan":13,"Toolbox":19,"Snecko Eye":34,"Philosopher\u0027s Stone":0,"MealTicket":45,"Bag of Marbles":11,"Necronomicon":22,"Bottled Lightning":14,"PureWater":0},{"Ice Cream":22,"Damaru":12,"Vajra":20,"Bag of Preparation":5,"Question Card":20,"Old Coin":12,"SlaversCollar":9,"Nunchaku":4,"Lizard Tail":15,"Shovel":18,"Ornamental Fan":8,"Toolbox":10,"Snecko Eye":16,"Philosopher\u0027s Stone":0,"MealTicket":21,"Bag of Marbles":6,"Necronomicon":11,"Bottled Lightning":8,"PureWater":0},{"Ice Cream":74,"Damaru":36,"Vajra":67,"Bag of Preparation":16,"Question Card":67,"Old Coin":36,"SlaversCollar":29,"Nunchaku":14,"Lizard Tail":47,"Shovel":58,"Ornamental Fan":21,"Toolbox":33,"Snecko Eye":51,"Philosopher\u0027s Stone":0,"MealTicket":72,"Bag of Marbles":18,"Necronomicon":35,"Bottled Lightning":21,"PureWater":0}]},"card_choices":[{"not_picked":["SashWhip","Collect"],"picked":"BowlingBash","floor":1},{"not_picked":["EmptyBody","Evaluate"],"picked":"Wallop","floor":3},{"not_picked":["FollowUp","Consecrate"],"picked":"Tantrum","floor":4},{"not_picked":["CrushJoints","BowlingBash"],"picked":"Indignation","floor":7},{"not_picked":["Halt","JustLucky"],"picked":"FlyingSleeves","floor":8},{"not_picked":["Crescendo","EmptyMind"],"picked":"FollowUp","floor":11},{"not_picked":["FlurryOfBlows","EmptyBody"],"picked":"SashWhip","floor":12},{"not_picked":["Brilliance","CutThroughFate"],"picked":"FearNoEvil","floor":13},{"not_picked":["Brilliance","Devotion"],"picked":"SpiritShield","floor":16},{"not_picked":["Prostrate","Crescendo"],"picked":"FlurryOfBlows","floor":18},{"not_picked":["InnerPeace+1","ClearTheMind"],"picked":"CutThroughFate+1","floor":20},{"not_picked":["EmptyMind","FlyingSleeves"],"picked":"Adaptation+1","floor":25},{"not_picked":["Meditate+1","FlurryOfBlows+1"],"picked":"Devotion","floor":29},{"not_picked":["Halt","FlyingSleeves","FollowUp"],"picked":"SKIP","floor":30},{"not_picked":["ReachHeaven","EmptyFist"],"picked":"Prostrate","floor":31},{"not_picked":["Alpha","SpiritShield"],"picked":"Wish","floor":33},{"not_picked":["JustLucky","CrushJoints"],"picked":"Sanctity","floor":35},{"not_picked":["PathToVictory+1","FollowUp","Prostrate"],"picked":"SKIP","floor":36},{"not_picked":["EmptyFist","JustLucky+1"],"picked":"Protect","floor":39},{"not_picked":["DeceiveReality+1","Meditate"],"picked":"Swivel","floor":41},{"not_picked":["FollowUp","ForeignInfluence","Halt+1"],"picked":"CutThroughFate","floor":44},{"not_picked":["Good Instincts","Thinking Ahead","Blind"],"picked":"Secret Weapon","floor":46},{"not_picked":["Weave+1","Crescendo","CutThroughFate"],"picked":"EmptyFist+1","floor":48}],"player_experience":94726,"relics_obtained":[{"floor":7,"key":"Nunchaku"},{"floor":9,"key":"Bag of Preparation"},{"floor":11,"key":"Bag of Marbles"},{"floor":13,"key":"Ornamental Fan"},{"floor":14,"key":"Bottled Lightning"},{"floor":22,"key":"Necronomicon"},{"floor":25,"key":"Damaru"},{"floor":26,"key":"Old Coin"},{"floor":31,"key":"Lizard Tail"},{"floor":41,"key":"Vajra"},{"floor":43,"key":"Question Card"},{"floor":45,"key":"MealTicket"},{"floor":49,"key":"Ice Cream"}],"event_choices":[{"cards_removed":["Defend_P"],"damage_healed":0,"gold_gain":0,"player_choice":"Card Removal","damage_taken":7,"max_hp_gain":0,"max_hp_loss":0,"event_name":"Golden Wing","floor":2,"gold_loss":0},{"damage_healed":0,"gold_gain":75,"player_choice":"Touch","damage_taken":7,"max_hp_gain":0,"max_hp_loss":0,"event_name":"FaceTrader","floor":5,"gold_loss":0},{"damage_healed":0,"gold_gain":0,"cards_transformed":["Strike_P","Defend_P"],"player_choice":"Became Test Subject","damage_taken":0,"max_hp_gain":0,"max_hp_loss":0,"event_name":"Drug Dealer","floor":21,"gold_loss":0,"cards_obtained":["SandsOfTime","Tantrum"]},{"damage_healed":0,"gold_gain":0,"player_choice":"Obtained Book","damage_taken":16,"max_hp_gain":0,"max_hp_loss":0,"event_name":"Cursed Tome","floor":22,"gold_loss":0},{"cards_removed":["SandsOfTime"],"damage_healed":16,"gold_gain":0,"player_choice":"Offered Uncommon","damage_taken":0,"max_hp_gain":0,"max_hp_loss":0,"event_name":"Bonfire Elementals","floor":24,"gold_loss":0},{"damage_healed":0,"gold_gain":0,"player_choice":"Max HP","damage_taken":0,"max_hp_gain":0,"max_hp_loss":4,"event_name":"Winding Halls","floor":37,"gold_loss":0},{"damage_healed":0,"gold_gain":0,"player_choice":"Memory 1","damage_taken":0,"max_hp_gain":0,"max_hp_loss":0,"event_name":"SensoryStone","floor":46,"gold_loss":0}],"is_beta":true,"boss_relics":[{"not_picked":["SacredBark","Fusion Hammer"],"picked":"SlaversCollar"},{"not_picked":["Runic Dome","Calling Bell"],"picked":"Snecko Eye"}],"items_purged_floors":[19,28],"is_endless":false,"potions_floor_spawned":[1,3,12,13,20,33,35,41,44],"killed_by":"Donu and Deca","ascension_level":4}}