{"host":"fogez99mhgto9ydu","time":1613350766,"event":{"mods":["AchievementEnabler","BaseMod","Colored Map","Colored Powertips","Minty Spire (QoL Compilation)","SuperFastMode"],"gold_per_floor":[115,40,40,56,56,56,89,109,109,109,109,122,122,122,122,226,226,241,241,241,260,103,103,103],"floor_reached":23,"language":"ENG","playtime":621,"items_purged":["Strike_P"],"score":212,"play_id":"4ea7afc9-d15a-4289-96e3-522310e28263","local_time":"20210215015926","is_ascension_mode":false,"campfire_choices":[{"floor":6,"key":"RECALL"},{"data":"PathToVictory","floor":11,"key":"SMITH"},{"data":"Evaluate","floor":13,"key":"SMITH"},{"floor":15,"key":"REST"}],"circlet_count":0,"master_deck":["Defend_P","Defend_P","Defend_P+1","Defend_P","Vigilance","Evaluate+1","PathToVictory+1","SignatureMove+1","Vault","DevaForm+1","Pray+1","Study","Worship","ThirdEye+1","Evaluate"],"relics":["PureWater","NeowsBlessing","Molten Egg 2","Potion Belt","Astrolabe","Orrery"],"acts_visited":["Exordium","TheCity"],"potions_floor_usage":[16,16,18,23],"damage_taken":[{"damage":0,"enemies":"Small Slimes","floor":1,"turns":1},{"damage":0,"enemies":"2 Louse","floor":4,"turns":1},{"damage":0,"enemies":"3 Sentries","floor":7,"turns":2},{"damage":1,"enemies":"Cultist","floor":8,"turns":5},{"damage":8,"enemies":"Red Slaver","floor":12,"turns":3},{"damage":46,"enemies":"Slime Boss","floor":16,"turns":12},{"damage":14,"enemies":"Shell Parasite","floor":18,"turns":4},{"damage":17,"enemies":"Spheric Guardian","floor":21,"turns":5},{"damage":46,"enemies":"Book of Stabbing","floor":23,"turns":9}],"seed_played":"5346130298003728371","potions_obtained":[{"floor":4,"key":"Fire Potion"},{"floor":7,"key":"Dexterity Potion"},{"floor":8,"key":"BottledMiracle"},{"floor":21,"key":"SpeedPotion"}],"is_trial":false,"path_per_floor":["M","$","?","M","?","R","E","M","T","?","R","M","R","?","R","B",null,"M","?","?","M","$","E"],"character_chosen":"WATCHER","items_purchased":["Orrery"],"campfire_rested":1,"item_purchase_floors":[22],"current_hp_per_floor":[72,72,60,60,53,53,53,52,52,38,38,30,30,35,58,12,77,63,63,63,46,46,0,0],"gold":103,"neow_bonus":"THREE_ENEMY_KILL","is_daily":false,"chose_seed":false,"campfire_upgraded":2,"win_rate":0.0,"timestamp":1613350766,"path_taken":["M","$","?","M","?","R","E","M","T","?","R","M","R","?","R","BOSS","M","?","?","M","$","E"],"items_purchased_type":["Relic"],"build_version":"2020-12-22","purchased_purges":1,"victory":false,"max_hp_per_floor":[72,72,72,72,72,72,72,72,72,72,72,72,72,77,77,77,77,77,77,77,77,77,77,77],"card_choices":[{"not_picked":["Halt","TalkToTheHand"],"picked":"Evaluate","floor":1},{"not_picked":["Tantrum+1","Crescendo","Halt"],"picked":"SKIP","floor":4},{"not_picked":["FollowUp+1","FlurryOfBlows+1"],"picked":"PathToVictory","floor":7},{"not_picked":["Conclude+1","Halt"],"picked":"SignatureMove+1","floor":8},{"not_picked":["SandsOfTime+1","ClearTheMind","FlyingSleeves+1"],"picked":"SKIP","floor":12},{"not_picked":["Establishment","Brilliance+1"],"picked":"Vault","floor":16},{"not_picked":["Crescendo+1","FlurryOfBlows+1","CrushJoints+1"],"picked":"SKIP","floor":18},{"not_picked":["ThirdEye","Vault"],"picked":"Study","floor":21},{"not_picked":["FollowUp+1","SandsOfTime+1"],"picked":"Worship","floor":22},{"not_picked":["Evaluate","TalkToTheHand+1"],"picked":"ThirdEye+1","floor":22},{"not_picked":["FearNoEvil+1","ThirdEye"],"picked":"Evaluate","floor":22}],"player_experience":431154,"relics_obtained":[{"floor":7,"key":"Potion Belt"}],"event_choices":[{"damage_healed":0,"gold_gain":0,"player_choice":"Success","damage_taken":12,"relics_obtained":["Molten Egg 2"],"max_hp_gain":0,"max_hp_loss":0,"event_name":"Scrap Ooze","floor":3,"gold_loss":0},{"cards_removed":["Strike_P"],"damage_healed":0,"gold_gain":0,"player_choice":"Card Removal","damage_taken":7,"max_hp_gain":0,"max_hp_loss":0,"event_name":"Golden Wing","floor":5,"gold_loss":0},{"damage_healed":0,"gold_gain":0,"player_choice":"Entered Light","damage_taken":14,"max_hp_gain":0,"max_hp_loss":0,"event_name":"Shining Light","floor":10,"gold_loss":0,"cards_upgraded":["Defend_P","Eruption"]},{"damage_healed":0,"gold_gain":0,"player_choice":"Donut","damage_taken":0,"max_hp_gain":5,"max_hp_loss":0,"event_name":"Big Fish","floor":14,"gold_loss":0},{"cards_removed":["SignatureMove"],"damage_healed":0,"gold_gain":0,"player_choice":"Elegance","damage_taken":0,"max_hp_gain":0,"max_hp_loss":0,"event_name":"Back to Basics","floor":19,"gold_loss":0},{"damage_healed":0,"gold_gain":0,"player_choice":"Ignored","damage_taken":0,"max_hp_gain":0,"max_hp_loss":0,"event_name":"Ghosts","floor":20,"gold_loss":0}],"is_beta":false,"boss_relics":[{"not_picked":["Coffee Dripper","Runic Dome"],"picked":"Astrolabe"}],"items_purged_floors":[2],"is_endless":false,"potions_floor_spawned":[4,7,8,21],"killed_by":"Book of Stabbing","ascension_level":0}}