{"host":"np9ouipdmi0bkas5","time":1613420052,"event":{"mods":["AchievementEnabler","Aspiration","BaseMod","Better Altar","Better Match","Better Skull","Better Third Choice","Colored Map","Downfall","Highlight Path","Hubris","Infinite Spire","Minty Spire (QoL Compilation)","Replay The Spire","StSLib"],"gold_per_floor":[112,122,122,132,132,132,151,162,162,187,151,170,170,170,170,170,170],"floor_reached":16,"language":"ENG","playtime":424,"items_purged":[],"score":112,"play_id":"d750a901-f3e2-40e7-95aa-5d57440cc62e","local_time":"20210215121412","is_ascension_mode":true,"campfire_choices":[{"data":"ReplayTheSpireMod:Strike From Hell","floor":6,"key":"SMITH"},{"floor":13,"key":"REST"},{"floor":15,"key":"RECALL"}],"circlet_count":0,"master_deck":["Strike_R","Strike_R","Strike_R","Strike_R","Strike_R","Defend_R","Defend_R","Defend_R","Bash","ReplayTheSpireMod:Strike From Hell+1","Perfected Strike","Searing Blow","True Grit+1","hubris:CleavingFinish"],"relics":["Burning Blood","NeowsBlessing","infinitespire:CheckeredPen","Eternal Feather"],"acts_visited":["Exordium"],"potions_floor_usage":[8,10,10,10],"damage_taken":[{"damage":0,"enemies":"Cultist","floor":1,"turns":1},{"damage":0,"enemies":"2 Louse","floor":2,"turns":1},{"damage":0,"enemies":"Jaw Worm","floor":4,"turns":1},{"damage":5,"enemies":"2 Fungi Beasts","floor":7,"turns":3},{"damage":14,"enemies":"Exordium Wildlife","floor":8,"turns":3},{"damage":13,"enemies":"Lagavulin","floor":10,"turns":3},{"damage":26,"enemies":"Large Slime","floor":12,"turns":4},{"damage":78,"enemies":"Slime Boss","floor":16,"turns":9}],"seed_played":"-3483313358655799313","potions_obtained":[{"floor":1,"key":"LiquidMemories"},{"floor":4,"key":"SneckoOil"},{"floor":7,"key":"ColorlessPotion"},{"floor":8,"key":"Guardian:BlockOnCardUsePotion"}],"is_trial":false,"path_per_floor":["M","M","?","M","?","R","M","M","T","E","$","M","R","T","R","B"],"character_chosen":"IRONCLAD","items_purchased":["True Grit+1"],"campfire_rested":1,"item_purchase_floors":[11],"current_hp_per_floor":[80,80,80,80,80,80,80,72,72,65,65,45,69,69,75,0,0],"gold":170,"neow_bonus":"THREE_ENEMY_KILL","is_daily":false,"chose_seed":false,"campfire_upgraded":1,"win_rate":0.0,"timestamp":1613420052,"path_taken":["M","M","?","?","?","R","M","M","T","E","$","M","R","?","R","BOSS"],"items_purchased_type":["Card"],"build_version":"2020-12-22","purchased_purges":0,"victory":false,"max_hp_per_floor":[80,80,80,80,80,80,80,80,80,80,80,80,80,80,80,80,80],"card_choices":[{"not_picked":["Clothesline","hubris:ReadiedAction","Massacre"],"picked":"SKIP","floor":1},{"not_picked":["Armaments","Dropkick"],"picked":"ReplayTheSpireMod:Strike From Hell","floor":2},{"not_picked":["Abandon","Heavy Blade"],"picked":"Perfected Strike","floor":4},{"not_picked":["hubris:SharpeningStone","Bloodletting","Shrug It Off"],"picked":"SKIP","floor":7},{"not_picked":["Wild Strike","Offering"],"picked":"Searing Blow","floor":8},{"not_picked":["Run Through","Heavy Blade","Clothesline"],"picked":"SKIP","floor":10},{"not_picked":["Wild Strike","Entrench"],"picked":"hubris:CleavingFinish","floor":12}],"player_experience":128938,"relics_obtained":[{"floor":10,"key":"infinitespire:CheckeredPen"},{"floor":14,"key":"Eternal Feather"}],"event_choices":[{"cards_removed":["Defend_R"],"damage_healed":0,"gold_gain":0,"player_choice":"Purged","damage_taken":0,"max_hp_gain":0,"max_hp_loss":0,"event_name":"Purifier","floor":3,"gold_loss":0}],"is_beta":false,"boss_relics":[],"items_purged_floors":[],"is_endless":false,"potions_floor_spawned":[1,4,7,8],"killed_by":"Slime Boss","ascension_level":2}}