{"host":"43wsnxh97mgjl5zw","time":1613418816,"event":{"mods":["Aspiration","BaseMod","Colored Map","Colored Powertips","Downfall","Hubris","Minty Spire (QoL Compilation)","Quick Restart","Rare Cards Sparkle","Relic Sorter","Replay The Spire","StSLib"],"gold_per_floor":[119,119,16,16,34,51,76,91,91,91,101,131,150,160,160,160,160],"floor_reached":16,"language":"ENG","playtime":661,"items_purged":["Strike_R"],"score":228,"play_id":"e6abc8c7-ea45-40b7-b903-55e19c110b12","local_time":"20210215215336","is_ascension_mode":true,"campfire_choices":[{"data":"Armaments","floor":10.0,"key":"SMITH"},{"data":"hubris:StunningStrike","floor":15.0,"key":"SMITH"}],"circlet_count":0,"master_deck":["AscendersBane","Strike_R","Strike_R","Strike_R","Strike_R","Defend_R","Defend_R","Defend_R","Defend_R","Bash+1","Pommel Strike","Armaments+1","Dropkick","Cleave","Pummel","hubris:StunningStrike+1","Clothesline","ReplayTheSpireMod:Stacked"],"relics":["Burning Blood","Replay:Towering Pillar of Hats","Replay:Baseball","Ornamental Fan","Pen Nib"],"acts_visited":["Exordium"],"potions_floor_usage":[16,16],"damage_taken":[{"damage":6.0,"enemies":"2 Louse","floor":1.0,"turns":4.0},{"damage":7.0,"enemies":"Jaw Worm","floor":5.0,"turns":4.0},{"damage":1.0,"enemies":"Cultist","floor":6.0,"turns":3.0},{"damage":18.0,"enemies":"Lagavulin","floor":7.0,"turns":5.0},{"damage":4.0,"enemies":"Large Slime","floor":8.0,"turns":5.0},{"damage":16.0,"enemies":"3 Louse","floor":11.0,"turns":2.0},{"damage":20.0,"enemies":"Replay:BlueRogue","floor":12.0,"turns":5.0},{"damage":6.0,"enemies":"Exordium Thugs","floor":13.0,"turns":3.0},{"damage":9.0,"enemies":"Exordium Wildlife","floor":14.0,"turns":4.0},{"damage":50,"enemies":"Fading Forest","floor":16,"turns":8}],"seed_played":"-6913141892318185398","potions_obtained":[{"floor":1.0,"key":"DuplicationPotion"},{"floor":6.0,"key":"BlessingOfTheForge"},{"floor":11.0,"key":"ElixirPotion"},{"floor":14.0,"key":"Energy Potion"}],"is_trial":false,"path_per_floor":["M","?","$","?","M","M","E","M","T","R","M","E","M","M","R","B"],"character_chosen":"IRONCLAD","items_purchased":["Armaments"],"campfire_rested":0,"item_purchase_floors":[3],"current_hp_per_floor":[68,57,57,75,74,75,63,65,65,65,55,41,41,38,38,0,0],"gold":160,"neow_bonus":"UPGRADE_CARD","is_daily":false,"chose_seed":false,"campfire_upgraded":2,"win_rate":0.0,"timestamp":1613418816,"path_taken":["M","?","$","?","M","M","E","?","T","R","M","E","M","M","R","BOSS"],"items_purchased_type":["Card"],"build_version":"2020-12-22","purchased_purges":1,"victory":false,"max_hp_per_floor":[75,75,75,75,75,75,75,75,75,75,75,75,75,75,75,75,75],"card_choices":[{"not_picked":["Rupture","Armaments"],"picked":"Pommel Strike","floor":1.0},{"not_picked":["Shrug It Off","Whirlwind"],"picked":"Dropkick","floor":5.0},{"not_picked":["Sword Boomerang","Havoc"],"picked":"Cleave","floor":6.0},{"not_picked":["Pommel Strike","Twin Strike"],"picked":"Pummel","floor":7.0},{"not_picked":["Replay:Undeath\u0027s Touch","Iron Wave","True Grit"],"picked":"SKIP","floor":8.0},{"not_picked":["Twin Strike","hubris:CleavingFinish"],"picked":"hubris:StunningStrike","floor":11.0},{"not_picked":["Clash","ReplayTheSpireMod:Strike From Hell","Run Through"],"picked":"SKIP","floor":12.0},{"not_picked":["Armaments","Pummel"],"picked":"Clothesline","floor":13.0},{"not_picked":["Dual Wield","Power Through"],"picked":"ReplayTheSpireMod:Stacked","floor":14.0}],"player_experience":1248300,"relics_obtained":[{"floor":7.0,"key":"Replay:Baseball"},{"floor":9.0,"key":"Ornamental Fan"},{"floor":12.0,"key":"Pen Nib"}],"event_choices":[{"damage_healed":0.0,"max_hp_gain":0.0,"max_hp_loss":0.0,"gold_gain":0.0,"event_name":"Scrap Ooze","player_choice":"Success","floor":2.0,"gold_loss":0.0,"damage_taken":11.0,"relics_obtained":["Replay:Towering Pillar of Hats"]},{"damage_healed":18.0,"max_hp_gain":0.0,"max_hp_loss":0.0,"gold_gain":0.0,"event_name":"Wheel of Change","player_choice":"Full Heal","floor":4.0,"gold_loss":0.0,"damage_taken":0.0}],"is_beta":false,"boss_relics":[],"items_purged_floors":[3],"is_endless":false,"potions_floor_spawned":[1,6,11,14],"killed_by":"Fading Forest","ascension_level":20}}