{"host":"7tqog9fnhs0gxmti","time":1613392482,"event":{"mods":["AchievementEnabler","Act Like it!","AlwaysNeverKeys","Astrologer","BaseMod","Beaked The Cultist","CapriCore","Colored Map","Colored Powertips","Downfall","Hermit","Highlight Path","Koishi","Marisa????????","Minty Spire (QoL Compilation)","Quick Restart","Random Character Button","Rare Cards Sparkle","Robot Space Explorer","Smile Girya","StSLib","The Bug Knight","The Construct","The Cursed","The Disciple","The Gatherer","The Hayseed","The Marked","everything is the same but u backflip on backflip"],"gold_per_floor":[119,136,86,86,86,111,111,111,161,161,7,7,22,39,39,141,141,158,170,170,187,187,214,214,214,214,214,101,114,127,127,127,127,127],"floor_reached":33,"language":"ENG","playtime":847,"items_purged":["Regret"],"score":288,"play_id":"c1410d4d-08ef-43c7-bf4f-ddbcc690af9c","local_time":"20210215203442","is_ascension_mode":false,"campfire_choices":[{"data":"Eruption","floor":10.0,"key":"SMITH"},{"data":"ForeignInfluence","floor":12.0,"key":"SMITH"},{"data":"ForeignInfluence","floor":15.0,"key":"SMITH"},{"floor":25,"key":"REST"},{"data":"MasterReality","floor":32,"key":"SMITH"}],"circlet_count":0,"master_deck":["Strike_P+1","Strike_P+1","Strike_P+1","Strike_P+1","Defend_P+1","Defend_P+1","Eruption+1","Vigilance","ForeignInfluence+1","Halt","MasterReality+1","Protect","ForeignInfluence+1","Wallop+1","Consecrate","TalkToTheHand+1","Wallop+1","CarveReality","FlyingSleeves"],"relics":["PureWater","NeowsBlessing","Juzu Bracelet","TeardropLocket","TheSimpletonMod:WoodChipper","Nunchaku","Membership Card","beaked:MawFillet","Damaru","Bottled Tornado","Nloth\u0027s Gift"],"acts_visited":["Exordium","TheCity"],"potions_floor_usage":[19,33],"damage_taken":[{"damage":0.0,"enemies":"Small Slimes","floor":1.0,"turns":1.0},{"damage":0.0,"enemies":"Jaw Worm","floor":2.0,"turns":1.0},{"damage":0.0,"enemies":"3 Sentries","floor":6.0,"turns":1.0},{"damage":0.0,"enemies":"Cultist","floor":13.0,"turns":2.0},{"damage":4.0,"enemies":"Large Slime","floor":14.0,"turns":4.0},{"damage":19.0,"enemies":"Hexaghost","floor":16.0,"turns":6.0},{"damage":15,"enemies":"Spheric Guardian","floor":18,"turns":4},{"damage":6,"enemies":"Shell Parasite","floor":19,"turns":3},{"damage":22,"enemies":"Cultist and Chosen","floor":21,"turns":6},{"damage":10,"enemies":"HollowMod:Nosk","floor":23,"turns":6},{"damage":0,"enemies":"Centurion and Healer","floor":29,"turns":3},{"damage":0,"enemies":"Snecko","floor":30,"turns":2},{"damage":111,"enemies":"Automaton","floor":33,"turns":6}],"seed_played":"8721215202135437340","potions_obtained":[{"floor":6.0,"key":"PowerPotion"},{"floor":13.0,"key":"Energy Potion"},{"floor":18,"key":"Weak Potion"},{"floor":23,"key":"Ancient Potion"}],"is_trial":false,"path_per_floor":["M","M","?","T","$","E","?","?","T","R","$","R","M","M","R","B",null,"M","M","?","M","?","E","?","R","T","?","$","M","M","?","R","B"],"character_chosen":"WATCHER","items_purchased":["Membership Card","DollysMirror"],"campfire_rested":1,"item_purchase_floors":[11,28],"current_hp_per_floor":[72,72,72,72,72,72,72,72,72,72,72,72,72,70,70,51,72,57,51,51,29,29,19,19,40,40,40,40,40,40,40,40,0,0],"gold":127,"neow_bonus":"THREE_ENEMY_KILL","is_daily":false,"chose_seed":false,"campfire_upgraded":4,"win_rate":0.0,"timestamp":1613392482,"path_taken":["M","M","?","?","$","E","?","?","T","R","$","R","M","M","R","BOSS","M","M","?","M","?","E","?","R","T","?","?","M","M","?","R","BOSS"],"items_purchased_type":["Relic","Relic"],"build_version":"2020-12-22","purchased_purges":1,"victory":false,"max_hp_per_floor":[72,72,72,72,72,72,72,72,72,72,72,72,72,72,72,72,72,72,72,72,72,72,72,72,72,72,72,72,72,72,72,72,72,72],"card_choices":[{"not_picked":["Crescendo","Weave"],"picked":"ForeignInfluence","floor":1.0},{"not_picked":["ThirdEye","CutThroughFate"],"picked":"Halt","floor":2.0},{"not_picked":["Crescendo","Prostrate"],"picked":"MasterReality","floor":6.0},{"not_picked":["JustLucky","ThirdEye"],"picked":"Protect","floor":13.0},{"not_picked":["Weave","EmptyBody"],"picked":"ForeignInfluence","floor":14.0},{"not_picked":["DeceiveReality","Crescendo"],"picked":"Wallop","floor":18},{"not_picked":["Vengeance","EmptyFist+1","ThirdEye"],"picked":"SKIP","floor":19},{"not_picked":["FlurryOfBlows","Pray","Crescendo"],"picked":"SKIP","floor":21},{"not_picked":["Conclude+1","ReachHeaven"],"picked":"TalkToTheHand+1","floor":23},{"not_picked":["Consecrate","FearNoEvil"],"picked":"CarveReality","floor":29},{"not_picked":["Wallop","WindmillStrike"],"picked":"FlyingSleeves","floor":30}],"player_experience":934319,"relics_obtained":[{"floor":4.0,"key":"Juzu Bracelet"},{"floor":6.0,"key":"TeardropLocket"},{"floor":9.0,"key":"Nunchaku"},{"floor":23,"key":"Damaru"},{"floor":26,"key":"Bottled Tornado"}],"event_choices":[{"cards_removed":["Defend_P"],"damage_healed":0.0,"max_hp_gain":0.0,"max_hp_loss":0.0,"gold_gain":0.0,"event_name":"The Cleric","player_choice":"Card Removal","floor":3.0,"gold_loss":50.0,"damage_taken":0.0},{"cards_removed":["Defend_P"],"damage_healed":0.0,"max_hp_gain":0.0,"max_hp_loss":0.0,"gold_gain":0.0,"event_name":"Bonfire Elementals","player_choice":"Offered Basic","floor":7.0,"gold_loss":0.0,"damage_taken":0.0},{"damage_healed":0.0,"max_hp_gain":0.0,"max_hp_loss":0.0,"gold_gain":0.0,"event_name":"Big Fish","player_choice":"Box","floor":8.0,"gold_loss":0.0,"damage_taken":0.0,"relics_obtained":["TheSimpletonMod:WoodChipper"],"cards_obtained":["Regret"]},{"damage_healed":0,"gold_gain":0,"player_choice":"Read","damage_taken":0,"max_hp_gain":0,"max_hp_loss":0,"event_name":"The Library","floor":20,"gold_loss":0,"cards_obtained":["Consecrate"]},{"damage_healed":0,"gold_gain":0,"player_choice":"Upgraded","damage_taken":0,"max_hp_gain":0,"max_hp_loss":0,"event_name":"Upgrade Shrine","floor":22,"gold_loss":0,"cards_upgraded":["Wallop"]},{"damage_healed":0,"gold_gain":0,"player_choice":"Simplicity","damage_taken":0,"max_hp_gain":0,"max_hp_loss":0,"event_name":"Back to Basics","floor":24,"gold_loss":0,"cards_upgraded":["Strike_P","Strike_P","Strike_P","Strike_P","Defend_P","Defend_P"]},{"damage_healed":0,"gold_gain":0,"player_choice":"Ignored","damage_taken":0,"max_hp_gain":0,"max_hp_loss":0,"event_name":"Vampires","floor":27,"gold_loss":0},{"damage_healed":0,"gold_gain":0,"player_choice":"Traded Relic","damage_taken":0,"relics_obtained":["Nloth\u0027s Gift"],"max_hp_gain":0,"max_hp_loss":0,"event_name":"N\u0027loth","floor":31,"relics_lost":["DollysMirror"],"gold_loss":0}],"is_beta":false,"boss_relics":[{"not_picked":["Astrolabe","Empty Cage"],"picked":"beaked:MawFillet"}],"items_purged_floors":[28],"is_endless":false,"potions_floor_spawned":[6,13,18,23],"killed_by":"Automaton","ascension_level":0}}