{"host":"zlryddw6xv0ljf8b","time":1613351404,"event":{"mods":["AchievementEnabler","BaseMod","Colored Map","Colored Powertips","Highlight Path","Minty Spire (QoL Compilation)","Permanent Neow","Quick Restart","StSLib"],"gold_per_floor":[211,227,227,27,37,37,66,66,93,111,111,111,11,46,46,146,146,160,179,279,293,304,304,315,328,375,400,410,430,1,1,1,103,103,121,138,138,188,188,188,203,217,217,217,217,217,232,82,82,82,82,82,82,110,110,110],"floor_reached":55,"language":"ENG","playtime":3706,"items_purged":["Strike_P","Strike_P","Strike_P","Strike_P"],"score":729,"play_id":"0e5f424a-58b7-4131-9c5c-f24090ba49a7","local_time":"20210214191004","is_ascension_mode":false,"campfire_choices":[{"data":"ClearTheMind","floor":6.0,"key":"SMITH"},{"floor":8.0,"key":"REST"},{"data":"Vault","floor":12.0,"key":"SMITH"},{"data":"BattleHymn","floor":15.0,"key":"SMITH"},{"data":"Establishment","floor":23.0,"key":"SMITH"},{"data":"Study","floor":32.0,"key":"SMITH"},{"data":"Blasphemy","floor":40.0,"key":"SMITH"},{"floor":46,"key":"RECALL"},{"data":"LikeWater","floor":49,"key":"SMITH"},{"data":"Eruption","floor":52,"key":"SMITH"}],"circlet_count":0,"master_deck":["Defend_P","Defend_P","Defend_P","Defend_P","Eruption+1","Vigilance","Crescendo+1","FlurryOfBlows","Tantrum","ClearTheMind+1","FlurryOfBlows","BattleHymn+1","Vault+1","FollowUp","Establishment+1","CurseOfTheBell","Study+1","Evaluate+1","ReachHeaven+1","Blasphemy+1","DeusExMachina","Wallop","LikeWater+1","Evaluate+1"],"relics":["PureWater","Bronze Scales","Lizard Tail","Vajra","Singing Bowl","Calling Bell","Orichalcum","Yang","FossilizedHelix","Bag of Marbles","Juzu Bracelet","Thread and Needle","Sozu","Bird Faced Urn","Ginger"],"acts_visited":["Exordium","TheCity","TheBeyond","TheEnding"],"potions_floor_usage":[45,50],"damage_taken":[{"damage":0.0,"enemies":"Small Slimes","floor":1.0,"turns":3.0},{"damage":8.0,"enemies":"2 Louse","floor":2.0,"turns":4.0},{"damage":0.0,"enemies":"Cultist","floor":5.0,"turns":1.0},{"damage":16.0,"enemies":"Gremlin Nob","floor":7.0,"turns":3.0},{"damage":11.0,"enemies":"Exordium Wildlife","floor":10.0,"turns":2.0},{"damage":0.0,"enemies":"Lagavulin","floor":14.0,"turns":4.0},{"damage":3.0,"enemies":"The Guardian","floor":16.0,"turns":10.0},{"damage":0.0,"enemies":"Chosen","floor":18.0,"turns":3.0},{"damage":10.0,"enemies":"2 Thieves","floor":19.0,"turns":4.0},{"damage":0.0,"enemies":"Snake Plant","floor":21.0,"turns":3.0},{"damage":0.0,"enemies":"Snecko","floor":22.0,"turns":5.0},{"damage":12.0,"enemies":"3 Cultists","floor":24.0,"turns":4.0},{"damage":14.0,"enemies":"Snake Plant","floor":25.0,"turns":4.0},{"damage":0.0,"enemies":"Book of Stabbing","floor":27.0,"turns":4.0},{"damage":0.0,"enemies":"Centurion and Healer","floor":28.0,"turns":4.0},{"damage":0.0,"enemies":"Sentry and Sphere","floor":29.0,"turns":3.0},{"damage":5.0,"enemies":"Champ","floor":33.0,"turns":7.0},{"damage":0.0,"enemies":"Orb Walker","floor":35.0,"turns":3.0},{"damage":16.0,"enemies":"3 Darklings","floor":36.0,"turns":4.0},{"damage":0.0,"enemies":"Mind Bloom Boss Battle","floor":38.0,"turns":4.0},{"damage":15.0,"enemies":"Writhing Mass","floor":41.0,"turns":6.0},{"damage":14.0,"enemies":"Jaw Worm Horde","floor":42.0,"turns":3.0},{"damage":0,"enemies":"Reptomancer","floor":45,"turns":2},{"damage":0,"enemies":"4 Shapes","floor":47,"turns":4},{"damage":100068,"enemies":"Awakened One","floor":50,"turns":12},{"damage":61,"enemies":"Shield and Spear","floor":54,"turns":6},{"damage":123,"enemies":"The Heart","floor":55,"turns":3}],"seed_played":"-6842340379539289490","potions_obtained":[{"floor":5.0,"key":"Ancient Potion"},{"floor":10.0,"key":"PowerPotion"},{"floor":16.0,"key":"DistilledChaos"},{"floor":22.0,"key":"EssenceOfSteel"},{"floor":27.0,"key":"BottledMiracle"},{"floor":28.0,"key":"SmokeBomb"},{"floor":29.0,"key":"BlessingOfTheForge"}],"is_trial":false,"path_per_floor":["M","M","?","$","M","R","E","R","T","M","?","R","$","E","R","B",null,"M","M","?","M","M","R","M","M","T","E","M","M","$","?","R","B",null,"M","M","$","?","?","R","M","M","T","?","E","R","M","$","R","B",null,"R","$","E","B"],"character_chosen":"WATCHER","items_purchased":["Tantrum","ClearTheMind","Thread and Needle"],"campfire_rested":1,"item_purchase_floors":[4,4,30],"current_hp_per_floor":[72,64,61,61,61,61,45,66,66,55,55,55,55,55,55,52,72,74,64,64,66,66,66,56,44,44,44,44,46,46,73,73,68,82,84,68,68,70,70,70,61,53,53,53,57,57,63,63,63,42,84,84,84,29,0,0],"gold":110,"neow_bonus":"HUNDRED_GOLD","is_daily":false,"chose_seed":false,"campfire_upgraded":8,"win_rate":0.0,"timestamp":1613351404,"path_taken":["M","M","?","$","M","R","E","R","T","M","?","R","$","E","R","BOSS","M","M","?","?","M","R","M","M","T","E","M","M","$","?","R","BOSS","M","M","$","?","?","R","M","M","T","?","E","R","M","$","R","BOSS","R","$","E","BOSS"],"items_purchased_type":["Card","Card","Relic"],"build_version":"2020-12-22","purchased_purges":4,"victory":false,"max_hp_per_floor":[72,72,72,72,72,72,72,72,72,72,72,72,72,72,72,72,72,74,74,74,76,76,76,78,80,80,80,80,82,82,82,82,82,82,84,84,84,86,82,82,82,82,82,82,82,82,84,84,84,84,84,84,84,86,86,86],"card_choices":[{"not_picked":["FlyingSleeves","MentalFortress"],"picked":"Crescendo","floor":1.0},{"not_picked":["CrushJoints","CarveReality"],"picked":"FlurryOfBlows","floor":2.0},{"not_picked":["SashWhip","Protect"],"picked":"FlurryOfBlows","floor":5.0},{"not_picked":["ThirdEye","Prostrate"],"picked":"BattleHymn","floor":7.0},{"not_picked":["ReachHeaven","CutThroughFate"],"picked":"Vault","floor":10.0},{"not_picked":["Pray","JustLucky"],"picked":"FollowUp","floor":14.0},{"not_picked":["Ragnarok","Vault"],"picked":"Establishment","floor":16.0},{"not_picked":["Vengeance","Prostrate+1","Worship"],"picked":"Singing Bowl","floor":18.0},{"not_picked":["FlyingSleeves","Prostrate"],"picked":"Study","floor":19.0},{"not_picked":["Protect","JustLucky+1","ForeignInfluence"],"picked":"Singing Bowl","floor":21.0},{"not_picked":["FollowUp","BowlingBash"],"picked":"Evaluate+1","floor":22.0},{"not_picked":["BowlingBash","JustLucky","CutThroughFate"],"picked":"Singing Bowl","floor":24.0},{"not_picked":["EmptyMind","Vengeance","Collect"],"picked":"Singing Bowl","floor":25.0},{"not_picked":["Halt","SashWhip+1"],"picked":"ReachHeaven+1","floor":27.0},{"not_picked":["Prostrate","FlyingSleeves"],"picked":"Blasphemy","floor":28.0},{"not_picked":["ThirdEye","FollowUp","Consecrate"],"picked":"Singing Bowl","floor":29.0},{"not_picked":["Establishment","Scrawl"],"picked":"DeusExMachina","floor":33.0},{"not_picked":["Meditate+1","EmptyBody+1","ForeignInfluence"],"picked":"Singing Bowl","floor":35.0},{"not_picked":["Prostrate","SashWhip"],"picked":"Wallop","floor":36.0},{"not_picked":["ThirdEye","EmptyFist","Prostrate"],"picked":"Singing Bowl","floor":38.0},{"not_picked":["PathToVictory+1","EmptyBody"],"picked":"LikeWater","floor":41.0},{"not_picked":["PathToVictory","Ragnarok"],"picked":"Evaluate+1","floor":42.0},{"not_picked":["JustLucky+1","Conclude+1","EmptyMind+1"],"picked":"Singing Bowl","floor":47},{"not_picked":["Halt","SashWhip+1","WaveOfTheHand+1"],"picked":"Singing Bowl","floor":54}],"player_experience":92731,"relics_obtained":[{"floor":7.0,"key":"Lizard Tail"},{"floor":9.0,"key":"Vajra"},{"floor":14.0,"key":"Singing Bowl"},{"floor":17.0,"key":"Orichalcum"},{"floor":17.0,"key":"Yang"},{"floor":17.0,"key":"FossilizedHelix"},{"floor":26.0,"key":"Bag of Marbles"},{"floor":27.0,"key":"Juzu Bracelet"},{"floor":38.0,"key":"Bird Faced Urn"},{"floor":54,"key":"Ginger"}],"event_choices":[{"damage_healed":0.0,"max_hp_gain":0.0,"max_hp_loss":0.0,"gold_gain":0.0,"event_name":"Scrap Ooze","player_choice":"Success","floor":3.0,"gold_loss":0.0,"damage_taken":3.0,"relics_obtained":["Bronze Scales"]},{"damage_healed":0.0,"max_hp_gain":0.0,"max_hp_loss":0.0,"gold_gain":0.0,"event_name":"Living Wall","player_choice":"Grow","floor":11.0,"gold_loss":0.0,"damage_taken":0.0,"cards_upgraded":["Crescendo"]},{"damage_healed":0.0,"max_hp_gain":0.0,"max_hp_loss":0.0,"gold_gain":100.0,"event_name":"Golden Shrine","player_choice":"Pray","floor":20.0,"gold_loss":0.0,"damage_taken":0.0},{"damage_healed":27.0,"max_hp_gain":0.0,"max_hp_loss":0.0,"gold_gain":0.0,"event_name":"The Library","player_choice":"Heal","floor":31.0,"gold_loss":0.0,"damage_taken":0.0},{"damage_healed":0.0,"max_hp_gain":0.0,"max_hp_loss":0.0,"gold_gain":0.0,"event_name":"MindBloom","player_choice":"Fight","floor":38.0,"gold_loss":0.0,"damage_taken":0.0},{"damage_healed":0.0,"max_hp_gain":0.0,"max_hp_loss":4.0,"gold_gain":0.0,"event_name":"Winding Halls","player_choice":"Max HP","floor":39.0,"gold_loss":0.0,"damage_taken":0.0},{"damage_healed":0,"gold_gain":0,"player_choice":"Ignored","damage_taken":0,"max_hp_gain":0,"max_hp_loss":0,"event_name":"NoteForYourself","floor":44,"gold_loss":0}],"is_beta":false,"boss_relics":[{"not_picked":["Runic Dome","VioletLotus"],"picked":"Calling Bell"},{"not_picked":["Pandora\u0027s Box","Black Star"],"picked":"Sozu"}],"items_purged_floors":[4,13,30,48],"is_endless":false,"potions_floor_spawned":[5,10,16,22,27,28,29,38,45,47],"killed_by":"The Heart","ascension_level":0}}