{"host":"981nlwu0905dw1bz","time":1613416277,"event":{"mods":["AchievementEnabler","BaseMod","DeckTracker","Minty Spire (QoL Compilation)","Rare Cards Sparkle","SuperFastMode"],"gold_per_floor":[113,113,113,126,126,126,155,155,229,24,52,72,90,120,120,219,219,234,264,264,276,292,292,323,94,169,195,195,195,195,195],"floor_reached":30,"language":"KOR","playtime":899,"items_purged":["Strike_G"],"score":494,"play_id":"6a5f0550-b559-4eee-9c4f-50731635093d","local_time":"20210216041117","is_ascension_mode":true,"campfire_choices":[{"data":"Backflip","floor":6.0,"key":"SMITH"},{"data":"Backstab","floor":8.0,"key":"SMITH"},{"floor":15,"key":"REST"},{"floor":23,"key":"REST"}],"circlet_count":0,"master_deck":["AscendersBane","Strike_G","Strike_G","Strike_G+1","Strike_G+1","Defend_G","Defend_G","Defend_G","Defend_G","Defend_G","Survivor","Neutralize","Deadly Poison+1","Backflip+1","Backstab+1","Blade Dance","Infinite Blades","All Out Attack","Poisoned Stab","Finisher","CurseOfTheBell","Cloak And Dagger","Envenom","Accuracy","Decay"],"relics":["Ring of the Snake","NeowsBlessing","Matryoshka","Pen Nib","Letter Opener","Blood Vial","Whetstone","Meat on the Bone","Calling Bell","Turnip","Gremlin Horn","Regal Pillow","Red Mask","FaceOfCleric","The Specimen","Potion Belt","White Beast Statue","Smiling Mask"],"acts_visited":["Exordium","TheCity"],"potions_floor_usage":[19,24,24,27,27,28,28,30],"damage_taken":[{"damage":0.0,"enemies":"Cultist","floor":1.0,"turns":1.0},{"damage":0.0,"enemies":"Small Slimes","floor":4.0,"turns":1.0},{"damage":0.0,"enemies":"Lagavulin","floor":7.0,"turns":1.0},{"damage":4.0,"enemies":"3 Sentries","floor":11.0,"turns":7.0},{"damage":0,"enemies":"Jaw Worm","floor":12,"turns":1},{"damage":0,"enemies":"Large Slime","floor":13,"turns":3},{"damage":27,"enemies":"Lagavulin","floor":14,"turns":5},{"damage":41,"enemies":"The Guardian","floor":16,"turns":9},{"damage":17,"enemies":"Spheric Guardian","floor":18,"turns":4},{"damage":0,"enemies":"Masked Bandits","floor":19,"turns":2},{"damage":19,"enemies":"Shell Parasite","floor":21,"turns":4},{"damage":15,"enemies":"Snecko","floor":22,"turns":5},{"damage":54,"enemies":"Book of Stabbing","floor":24,"turns":5},{"damage":23,"enemies":"Slavers","floor":27,"turns":5},{"damage":26,"enemies":"Colosseum Slavers","floor":28,"turns":4},{"damage":0,"enemies":"Sentry and Sphere","floor":30,"turns":1}],"seed_played":"7242200977806982390","potions_obtained":[{"floor":1.0,"key":"DistilledChaos"},{"floor":4.0,"key":"SteroidPotion"},{"floor":12,"key":"FearPotion"},{"floor":21,"key":"Explosive Potion"},{"floor":24,"key":"Regen Potion"},{"floor":27,"key":"EntropicBrew"}],"is_trial":false,"path_per_floor":["M","?","?","M","?","R","E","R","T","$","E","M","M","E","R","B",null,"M","?","?","M","M","R","E","$","T","E","?","?","M"],"character_chosen":"THE_SILENT","items_purchased":["Blood Vial","Blade Dance","Accuracy","CunningPotion"],"campfire_rested":2,"item_purchase_floors":[10,10,25,25],"current_hp_per_floor":[63,68,68,68,68,68,68,68,68,68,66,68,70,45,67,40,66,51,53,53,49,49,77,36,36,36,42,31,31,33,33],"gold":195,"neow_bonus":"THREE_ENEMY_KILL","is_daily":false,"chose_seed":false,"campfire_upgraded":2,"win_rate":0.0,"timestamp":1613416277,"path_taken":["M","?","?","M","?","R","E","R","T","$","E","M","?","E","R","BOSS","M","?","?","M","?","R","E","$","T","E","?","?","M"],"items_purchased_type":["Relic","Card","Card","Potion"],"build_version":"2020-12-22","purchased_purges":1,"victory":false,"max_hp_per_floor":[70,75,75,75,75,75,75,75,75,75,75,75,75,75,75,75,75,75,75,75,76,77,77,78,78,78,79,80,80,80,80],"card_choices":[{"not_picked":["Tactician","All Out Attack"],"picked":"Deadly Poison","floor":1.0},{"not_picked":["Caltrops","Quick Slash"],"picked":"Backflip","floor":4.0},{"not_picked":["Sucker Punch","Flying Knee"],"picked":"Backstab","floor":7.0},{"not_picked":["Venomology","All Out Attack"],"picked":"Infinite Blades","floor":11.0},{"not_picked":["Underhanded Strike","Calculated Gamble"],"picked":"All Out Attack","floor":12},{"not_picked":["Reflex","Prepared"],"picked":"Poisoned Stab","floor":13},{"not_picked":["Flying Knee","Acrobatics"],"picked":"Finisher","floor":14},{"not_picked":["Blur+1","Underhanded Strike"],"picked":"Cloak And Dagger","floor":18},{"not_picked":["Deadly Poison+1","Dagger Spray","Terror"],"picked":"SKIP","floor":21},{"not_picked":["Bane","Acrobatics","Slice"],"picked":"SKIP","floor":22},{"not_picked":["Flying Knee","Masterful Stab"],"picked":"Envenom","floor":24},{"not_picked":["Storm of Steel","Blur","Masterful Stab"],"picked":"SKIP","floor":27}],"player_experience":566365,"relics_obtained":[{"floor":7.0,"key":"Matryoshka"},{"floor":9.0,"key":"Pen Nib"},{"floor":9.0,"key":"Letter Opener"},{"floor":11.0,"key":"Whetstone"},{"floor":14,"key":"Meat on the Bone"},{"floor":17,"key":"Turnip"},{"floor":17,"key":"Gremlin Horn"},{"floor":17,"key":"Regal Pillow"},{"floor":19,"key":"Red Mask"},{"floor":24,"key":"The Specimen"},{"floor":26,"key":"Potion Belt"},{"floor":26,"key":"White Beast Statue"},{"floor":27,"key":"Smiling Mask"}],"event_choices":[{"damage_healed":0.0,"max_hp_gain":5.0,"max_hp_loss":0.0,"gold_gain":0.0,"event_name":"Big Fish","player_choice":"Donut","floor":2.0,"gold_loss":0.0,"damage_taken":0.0},{"damage_healed":0.0,"max_hp_gain":0.0,"max_hp_loss":0.0,"gold_gain":0.0,"event_name":"Golden Wing","player_choice":"Ignored","floor":3.0,"gold_loss":0.0,"damage_taken":0.0},{"damage_healed":0.0,"max_hp_gain":0.0,"max_hp_loss":0.0,"gold_gain":0.0,"event_name":"Living Wall","player_choice":"Grow","floor":5.0,"gold_loss":0.0,"damage_taken":0.0,"cards_upgraded":["Deadly Poison"]},{"damage_healed":0,"gold_gain":0,"player_choice":"Fought Bandits","damage_taken":0,"max_hp_gain":0,"max_hp_loss":0,"event_name":"Masked Bandits","floor":19,"gold_loss":0},{"damage_healed":0,"gold_gain":0,"player_choice":"Trade","damage_taken":0,"relics_obtained":["FaceOfCleric"],"max_hp_gain":0,"max_hp_loss":0,"event_name":"FaceTrader","floor":20,"gold_loss":0},{"damage_healed":0,"gold_gain":0,"player_choice":"Fight","damage_taken":0,"max_hp_gain":0,"max_hp_loss":0,"event_name":"Colosseum","floor":28,"gold_loss":0},{"damage_healed":0,"gold_gain":0,"player_choice":"Fled From Nobs","damage_taken":0,"max_hp_gain":0,"max_hp_loss":0,"event_name":"Colosseum","floor":28,"gold_loss":0},{"damage_healed":0,"gold_gain":0,"player_choice":"Smashed Altar","damage_taken":0,"max_hp_gain":0,"max_hp_loss":0,"event_name":"Forgotten Altar","floor":29,"gold_loss":0,"cards_obtained":["Decay"]}],"is_beta":false,"boss_relics":[{"not_picked":["Runic Pyramid","Sozu"],"picked":"Calling Bell"}],"items_purged_floors":[25],"is_endless":false,"potions_floor_spawned":[1,4,12,21,24,27,28],"killed_by":"Sentry and Sphere","ascension_level":12}}