{"host":"qgrlfjrqk9z96gfi","time":1613353803,"event":{"mods":["BaseMod","Block Reminder","Colored Map","Custom Start","DeckTracker","Minty Spire (QoL Compilation)"],"gold_per_floor":[111,111,111,111,127,154,154,179,179,225,251,261,271,304,304,383,383,394,406,416,9,36,61,61,71,71,91,108,108,135,150,150,229,229,247,247,147,162,175,185,214,214,214,214,214,225,225,279,279,279,279,279],"floor_reached":51,"language":"ENG","playtime":1928,"items_purged":["Strike_G","Strike_G"],"score":1544,"play_id":"99392488-d683-48d1-85cf-a6dbf54a2280","local_time":"20210214155003","is_ascension_mode":true,"campfire_choices":[{"data":"Blade Dance","floor":7.0,"key":"SMITH"},{"data":"After Image","floor":15.0,"key":"SMITH"},{"floor":29,"key":"REST"},{"floor":32,"key":"REST"},{"floor":44,"key":"REST"},{"floor":47,"key":"RECALL"},{"floor":49,"key":"REST"}],"circlet_count":0,"master_deck":["AscendersBane","Strike_G+1","Defend_G","Defend_G","Defend_G","Defend_G","Defend_G","Survivor","Neutralize","Dash+1","Terror","Blade Dance+1","After Image+1","Dagger Spray+1","Accuracy","Backflip","A Thousand Cuts","Endless Agony+1","PiercingWail","After Image+1","Tools of the Trade","Deflect+1","Sucker Punch+1","Riddle With Holes+1","Crippling Poison+1","Acrobatics","Envenom","Accuracy","Backflip+1","Well Laid Plans+1","Infinite Blades+1","Dodge and Roll+1"],"relics":["Ring of the Serpent","NeowsBlessing","StoneCalendar","Shuriken","Ninja Scroll","Omamori","Dream Catcher","Pen Nib","Cursed Key","DollysMirror","PreservedInsect","Red Mask","Whetstone","Orichalcum","Snake Skull","Bag of Preparation","Lizard Tail"],"acts_visited":["Exordium","TheCity","TheBeyond"],"potions_floor_usage":[23,30,33,33,50,50],"damage_taken":[{"damage":0.0,"enemies":"Jaw Worm","floor":1.0,"turns":1.0},{"damage":0.0,"enemies":"Small Slimes","floor":5.0,"turns":1.0},{"damage":0.0,"enemies":"Lagavulin","floor":6.0,"turns":1.0},{"damage":23.0,"enemies":"Gremlin Nob","floor":8.0,"turns":4.0},{"damage":10.0,"enemies":"Lagavulin","floor":11.0,"turns":4.0},{"damage":0.0,"enemies":"Cultist","floor":12.0,"turns":2.0},{"damage":0.0,"enemies":"Exordium Thugs","floor":13.0,"turns":2.0},{"damage":0.0,"enemies":"Gremlin Nob","floor":14.0,"turns":2.0},{"damage":3.0,"enemies":"Hexaghost","floor":16.0,"turns":7.0},{"damage":12.0,"enemies":"3 Byrds","floor":18.0,"turns":5.0},{"damage":0.0,"enemies":"Spheric Guardian","floor":19.0,"turns":1.0},{"damage":1.0,"enemies":"Snake Plant","floor":20.0,"turns":3.0},{"damage":13.0,"enemies":"Masked Bandits","floor":22.0,"turns":4.0},{"damage":0,"enemies":"Gremlin Leader","floor":23,"turns":4},{"damage":0,"enemies":"Centurion and Healer","floor":25,"turns":5},{"damage":4,"enemies":"3 Cultists","floor":27,"turns":4},{"damage":2,"enemies":"Snake Plant","floor":28,"turns":4},{"damage":4,"enemies":"Slavers","floor":30,"turns":4},{"damage":0,"enemies":"Centurion and Healer","floor":31,"turns":4},{"damage":6,"enemies":"Collector","floor":33,"turns":5},{"damage":1,"enemies":"3 Shapes","floor":35,"turns":7},{"damage":2,"enemies":"Orb Walker","floor":38,"turns":3},{"damage":11,"enemies":"3 Darklings","floor":39,"turns":3},{"damage":0,"enemies":"Maw","floor":40,"turns":6},{"damage":19,"enemies":"Nemesis","floor":41,"turns":5},{"damage":0,"enemies":"4 Shapes","floor":46,"turns":7},{"damage":14,"enemies":"2 Orb Walkers","floor":48,"turns":3},{"damage":39,"enemies":"Time Eater","floor":50,"turns":9},{"damage":54,"enemies":"Awakened One","floor":51,"turns":4}],"seed_played":"-5946544785347286914","potions_obtained":[{"floor":8.0,"key":"Regen Potion"},{"floor":12.0,"key":"SteroidPotion"},{"floor":13.0,"key":"AttackPotion"},{"floor":18.0,"key":"EssenceOfSteel"},{"floor":20.0,"key":"Swift Potion"},{"floor":22.0,"key":"DuplicationPotion"},{"floor":27,"key":"Block Potion"},{"floor":31,"key":"SkillPotion"},{"floor":38,"key":"Weak Potion"},{"floor":40,"key":"GamblersBrew"},{"floor":48,"key":"DistilledChaos"}],"is_trial":false,"path_per_floor":["M","?","?","$","M","E","R","E","T","T","E","M","M","E","R","B",null,"M","M","M","$","?","E","?","M","T","M","M","R","E","M","R","B",null,"M","?","$","M","M","M","E","?","T","R","?","M","R","?","R","B","B"],"character_chosen":"THE_SILENT","items_purchased":["DollysMirror","PreservedInsect"],"campfire_rested":4,"item_purchase_floors":[21,21],"current_hp_per_floor":[59,59,59,59,59,59,59,36,36,36,38,38,38,38,38,35,58,46,46,45,45,32,32,32,32,32,28,26,45,41,41,60,54,63,62,62,62,60,49,49,30,30,30,49,49,49,49,35,53,14,0,0],"gold":279,"neow_bonus":"THREE_ENEMY_KILL","is_daily":false,"chose_seed":false,"campfire_upgraded":2,"win_rate":0.0,"timestamp":1613353803,"path_taken":["M","?","?","$","?","E","R","E","T","?","E","M","M","E","R","BOSS","M","M","M","$","?","E","?","M","T","M","M","R","E","?","R","BOSS","M","?","$","?","M","M","E","?","T","R","?","M","R","?","R","BOSS","BOSS"],"items_purchased_type":["Relic","Relic"],"build_version":"2020-12-22","purchased_purges":2,"victory":false,"max_hp_per_floor":[66,66,66,66,66,66,66,66,66,66,66,66,66,66,66,66,66,66,66,66,66,66,66,66,66,66,66,66,66,66,66,66,66,66,66,66,66,66,66,66,66,66,66,66,63,63,63,63,63,63,63,63],"card_choices":[{"not_picked":["Underhanded Strike","Caltrops"],"picked":"Dash","floor":1.0},{"not_picked":["Masterful Stab","Dash"],"picked":"Terror","floor":5.0},{"not_picked":["Finisher","Eviscerate"],"picked":"Blade Dance","floor":6.0},{"not_picked":["Dodge and Roll","Quick Slash"],"picked":"Cloak And Dagger","floor":8.0},{"not_picked":["Night Terror","Poisoned Stab"],"picked":"After Image","floor":11.0},{"not_picked":["Flying Knee","Bane"],"picked":"Dagger Spray","floor":12.0},{"not_picked":["Sucker Punch","Deadly Poison"],"picked":"Accuracy","floor":13.0},{"not_picked":["Dodge and Roll","Bane"],"picked":"Backflip","floor":14.0},{"not_picked":["Grand Finale","Envenom"],"picked":"A Thousand Cuts","floor":16.0},{"not_picked":["Dagger Throw","Backflip","Prepared"],"picked":"SKIP","floor":18.0},{"not_picked":["Blur","Underhanded Strike"],"picked":"Endless Agony+1","floor":19.0},{"not_picked":["Dagger Spray","Underhanded Strike"],"picked":"PiercingWail","floor":20.0},{"not_picked":["Deflect","Accuracy"],"picked":"Tools of the Trade","floor":23},{"not_picked":["Sucker Punch","PiercingWail"],"picked":"Deflect+1","floor":25},{"not_picked":["Backflip","Slice"],"picked":"Sucker Punch+1","floor":27},{"not_picked":["PiercingWail","A Thousand Cuts","Quick Slash"],"picked":"SKIP","floor":28},{"not_picked":["Outmaneuver","Backstab"],"picked":"Riddle With Holes+1","floor":29},{"not_picked":["Deadly Poison+1","Flying Knee"],"picked":"Crippling Poison+1","floor":30},{"not_picked":["Outmaneuver","Deflect"],"picked":"Acrobatics","floor":31},{"not_picked":["Wraith Form v2","Tools of the Trade"],"picked":"Envenom","floor":33},{"not_picked":["Underhanded Strike","Backflip","Outmaneuver"],"picked":"SKIP","floor":35},{"not_picked":["All Out Attack","Bouncing Flask+1","Poisoned Stab"],"picked":"SKIP","floor":38},{"not_picked":["Finisher","Endless Agony+1"],"picked":"Backflip+1","floor":39},{"not_picked":["Deadly Poison","Deflect","Flying Knee"],"picked":"SKIP","floor":40},{"not_picked":["Footwork","PiercingWail"],"picked":"Well Laid Plans+1","floor":41},{"not_picked":["Envenom","Prepared"],"picked":"Infinite Blades+1","floor":44},{"not_picked":["Poisoned Stab","Underhanded Strike+1"],"picked":"Dodge and Roll+1","floor":46}],"player_experience":1144394,"relics_obtained":[{"floor":6.0,"key":"StoneCalendar"},{"floor":8.0,"key":"Shuriken"},{"floor":9.0,"key":"Ninja Scroll"},{"floor":10.0,"key":"Omamori"},{"floor":11.0,"key":"Dream Catcher"},{"floor":14.0,"key":"Pen Nib"},{"floor":22.0,"key":"Red Mask"},{"floor":23,"key":"Whetstone"},{"floor":26,"key":"Orichalcum"},{"floor":30,"key":"Snake Skull"},{"floor":41,"key":"Bag of Preparation"},{"floor":48,"key":"Lizard Tail"}],"event_choices":[{"damage_healed":0.0,"max_hp_gain":0.0,"max_hp_loss":0.0,"gold_gain":0.0,"event_name":"The Cleric","player_choice":"Leave","floor":2.0,"gold_loss":0.0,"damage_taken":0.0},{"damage_healed":0.0,"max_hp_gain":0.0,"max_hp_loss":0.0,"gold_gain":0.0,"event_name":"Upgrade Shrine","player_choice":"Upgraded","floor":3.0,"gold_loss":0.0,"damage_taken":0.0,"cards_upgraded":["Dash"]},{"damage_healed":0.0,"max_hp_gain":0.0,"max_hp_loss":0.0,"gold_gain":0.0,"event_name":"Masked Bandits","player_choice":"Fought Bandits","floor":22.0,"gold_loss":0.0,"damage_taken":0.0},{"cards_removed":["Strike_G"],"damage_healed":0,"gold_gain":0,"player_choice":"Offered Basic","damage_taken":0,"max_hp_gain":0,"max_hp_loss":0,"event_name":"Bonfire Elementals","floor":24,"gold_loss":0},{"damage_healed":0,"gold_gain":0,"cards_transformed":["Strike_G"],"player_choice":"Transformed","damage_taken":0,"max_hp_gain":0,"max_hp_loss":0,"event_name":"Transmorgrifier","floor":36,"gold_loss":0,"cards_obtained":["Accuracy"]},{"cards_removed":["Cloak And Dagger"],"damage_healed":0,"gold_gain":0,"player_choice":"Removed Skill","damage_taken":0,"max_hp_gain":0,"max_hp_loss":0,"event_name":"Falling","floor":42,"gold_loss":0},{"damage_healed":0,"gold_gain":0,"player_choice":"Max HP","damage_taken":0,"max_hp_gain":0,"max_hp_loss":3,"event_name":"Winding Halls","floor":45,"gold_loss":0},{"damage_healed":0,"gold_gain":0,"player_choice":"Fight","damage_taken":0,"max_hp_gain":0,"max_hp_loss":0,"event_name":"Mysterious Sphere","floor":48,"gold_loss":0}],"is_beta":false,"boss_relics":[{"not_picked":["HoveringKite","Calling Bell"],"picked":"Cursed Key"},{"not_picked":["SacredBark","Velvet Choker"],"picked":"Ring of the Serpent"}],"items_purged_floors":[21,37],"is_endless":false,"potions_floor_spawned":[8,12,13,18,20,22,27,31,38,40,48],"killed_by":"Awakened One","ascension_level":20}}