{"host":"9rehsd5oi9uaydbk","time":1613430864,"event":{"mods":["AchievementEnabler","Act Like it!","Aspiration","BaseMod","Colored Powertips","Curses Come First","Downfall","Hallownest","Hermit","Hubris","Jorbs\u0027s Wanderer Trilogy","Minty Spire (QoL Compilation)","Reliquary","Shop Mod","StSLib","The Bug Knight"],"gold_per_floor":[128,128,147,97,97,97,97,126,126,126,126,126,126,126,126,229,229,246,266,266,72,97,97,123,123,123,123,48,48,74,90,90,194,194,214,214,214,214,89,99,115,0,0,0,0,0,14,44,44,44],"floor_reached":51,"language":"ENG","playtime":2430,"items_purged":["Writhe"],"score":777,"play_id":"bff96727-528e-49cb-957d-e42a98cb503a","local_time":"20210215181424","is_ascension_mode":false,"campfire_choices":[{"data":"stsjorbsmod:ArcaneWeapon","floor":6,"key":"SMITH"},{"floor":13,"key":"REST"},{"data":"stsjorbsmod:Prepare","floor":15,"key":"SMITH"},{"floor":23,"key":"REST"},{"floor":32,"key":"REST"},{"floor":46,"key":"REST"},{"floor":49,"key":"REST"}],"circlet_count":0,"master_deck":["stsjorbsmod:ForbiddenGrimoire+1","stsjorbsmod:Strike_Wanderer+1","stsjorbsmod:Strike_Wanderer+1","stsjorbsmod:Strike_Wanderer+1","stsjorbsmod:Defend_Wanderer+1","stsjorbsmod:Defend_Wanderer+1","stsjorbsmod:Defend_Wanderer+1","stsjorbsmod:FreshAdventure","stsjorbsmod:EyeOfTheStorm+1","stsjorbsmod:Channel+1","stsjorbsmod:Prepare+1","stsjorbsmod:ArcaneWeapon+1","stsjorbsmod:BookOfTongues+1","stsjorbsmod:DeathThroes","stsjorbsmod:Prestidigitation+1","stsjorbsmod:Message+1","Necronomicurse","stsjorbsmod:BookOfTongues","stsjorbsmod:SiphonEnergy","stsjorbsmod:Thorns","stsjorbsmod:ArcaneWeapon+1"],"relics":["stsjorbsmod:GrimoireRelic","aspiration:Nostalgia","champ:ChampionCrown","hubris:Zylophone","hubris:MedicalManual","reliquary:WritOfMandamus","Blue Candle","Ancient Tea Set","reliquary:BoilingFlask","Necronomicon","Bird Faced Urn","reliquary:SharkskinSheath","Fusion Hammer","hubris:Icosahedron","Red Mask","Kunai","Molten Egg 2","Lantern"],"acts_visited":["Exordium","TheCity","TheBeyond"],"potions_floor_usage":[16,16,16,19,24,24,31,40,40,40,41,50],"damage_taken":[{"damage":2,"enemies":"Jaw Worm","floor":1,"turns":4},{"damage":0,"enemies":"2 Louse","floor":3,"turns":3},{"damage":0,"enemies":"Cultist","floor":8,"turns":4},{"damage":0,"enemies":"Slime Boss","floor":16,"turns":4},{"damage":0,"enemies":"Spheric Guardian","floor":18,"turns":3},{"damage":14,"enemies":"Shell Parasite","floor":19,"turns":7},{"damage":9,"enemies":"Snake Plant","floor":22,"turns":5},{"damage":9,"enemies":"Gremlin Leader","floor":24,"turns":4},{"damage":12,"enemies":"Cultist and Chosen","floor":31,"turns":4},{"damage":31,"enemies":"Champ","floor":33,"turns":7},{"damage":14,"enemies":"3 Shapes","floor":35,"turns":3},{"damage":21,"enemies":"Orb Walker","floor":40,"turns":3},{"damage":31,"enemies":"Jaw Worm Horde","floor":41,"turns":3},{"damage":50,"enemies":"Spire Growth","floor":47,"turns":5},{"damage":21,"enemies":"Giant Head","floor":48,"turns":7},{"damage":49,"enemies":"Awakened One","floor":50,"turns":6}],"seed_played":"2544695545972641182","potions_obtained":[{"floor":1,"key":"Weak Potion"},{"floor":5,"key":"AttackPotion"},{"floor":5,"key":"hexamod:SoulburnPotion"},{"floor":16,"key":"stsjorbsmod:BurningPotion"},{"floor":19,"key":"BlessingOfTheForge"},{"floor":24,"key":"Fire Potion"},{"floor":35,"key":"SpeedPotion"},{"floor":40,"key":"Energy Potion"},{"floor":48,"key":"LiquidMemories"}],"is_trial":false,"path_per_floor":["M","?","M","$","?","R","$","M","T","?","?","?","R","?","R","B",null,"M","M","?","$","M","R","E","?","T","$","?","?","T","M","R","B",null,"M","?","?","?","$","M","M","?","T","T","?","R","M","E","R","B",null],"character_chosen":"WANDERER","items_purchased":["stsjorbsmod:ArcaneWeapon","Ancient Tea Set","SkillPotion","ColorlessPotion"],"campfire_rested":5,"item_purchase_floors":[4,21,21,39],"current_hp_per_floor":[68,68,68,68,68,68,68,68,68,68,54,47,67,67,67,68,68,68,56,51,51,47,68,60,44,44,44,44,44,44,39,60,45,70,63,70,70,70,70,59,35,35,35,35,42,63,25,20,41,10],"gold":44,"neow_bonus":"NOSTALGIA","is_daily":false,"chose_seed":false,"campfire_upgraded":2,"win_rate":0.0,"timestamp":1613430864,"path_taken":["M","?","M","$","?","R","$","?","T","?","?","?","R","?","R","BOSS","M","M","?","$","M","R","E","?","T","$","?","?","?","M","R","BOSS","M","?","?","?","$","M","M","?","T","?","?","R","?","E","R","BOSS"],"items_purchased_type":["Card","Relic","Potion","Potion"],"build_version":"2020-12-22","purchased_purges":1,"victory":true,"max_hp_per_floor":[68,68,68,68,68,68,68,68,68,68,68,68,68,68,68,68,68,68,68,68,68,70,70,70,70,70,70,70,70,70,70,70,70,70,70,70,70,70,70,70,70,70,70,70,70,70,70,70,70,70],"card_choices":[{"not_picked":["stsjorbsmod:FlameWard","stsjorbsmod:TrueStrike"],"picked":"stsjorbsmod:Channel","floor":1},{"not_picked":["stsjorbsmod:Will","stsjorbsmod:WanderingMind"],"picked":"stsjorbsmod:Prepare","floor":3},{"not_picked":["stsjorbsmod:ChainLightning","stsjorbsmod:AnimateObjects"],"picked":"stsjorbsmod:BookOfTongues","floor":8},{"not_picked":["stsjorbsmod:CorrodingBarrier","stsjorbsmod:HoldMonster"],"picked":"stsjorbsmod:DeathThroes","floor":16},{"not_picked":["stsjorbsmod:FaerieFire","stsjorbsmod:Mindworm","stsjorbsmod:SchoolsOfMagic"],"picked":"SKIP","floor":18},{"not_picked":["stsjorbsmod:TinyHut+1","stsjorbsmod:Mending"],"picked":"stsjorbsmod:Prestidigitation+1","floor":19},{"not_picked":["stsjorbsmod:ChainLightning","stsjorbsmod:FracturedMind+1"],"picked":"stsjorbsmod:Message+1","floor":22},{"not_picked":["stsjorbsmod:Mindworm","stsjorbsmod:FracturedMind+1","stsjorbsmod:Hurt"],"picked":"SKIP","floor":24},{"not_picked":["stsjorbsmod:DoubleCheck","stsjorbsmod:DisguiseSelf"],"picked":"stsjorbsmod:BookOfTongues","floor":31},{"not_picked":["stsjorbsmod:Withdraw","stsjorbsmod:PurgeMind"],"picked":"stsjorbsmod:SiphonEnergy","floor":33},{"not_picked":["stsjorbsmod:OldPocket+1","stsjorbsmod:Hurt+1","stsjorbsmod:RayOfFrost"],"picked":"SKIP","floor":35},{"not_picked":["stsjorbsmod:RayOfFrost+1","stsjorbsmod:Materialize+1","stsjorbsmod:Prestidigitation+1"],"picked":"SKIP","floor":40},{"not_picked":["stsjorbsmod:Firebolt+1","stsjorbsmod:Prestidigitation+1"],"picked":"stsjorbsmod:Thorns","floor":41},{"not_picked":["stsjorbsmod:DisguiseSelf+1","stsjorbsmod:BookOfTongues+1"],"picked":"stsjorbsmod:ArcaneWeapon+1","floor":47},{"not_picked":["stsjorbsmod:Pyromancy","stsjorbsmod:Aid","stsjorbsmod:AnimateObjects"],"picked":"SKIP","floor":48}],"player_experience":208661,"relics_obtained":[{"floor":9,"key":"hubris:Zylophone"},{"floor":24,"key":"reliquary:BoilingFlask"},{"floor":25,"key":"Necronomicon"},{"floor":26,"key":"Bird Faced Urn"},{"floor":30,"key":"reliquary:SharkskinSheath"},{"floor":43,"key":"Kunai"},{"floor":44,"key":"Molten Egg 2"},{"floor":48,"key":"Lantern"}],"event_choices":[{"damage_healed":0,"gold_gain":0,"player_choice":"Got Potions","damage_taken":0,"max_hp_gain":0,"max_hp_loss":0,"event_name":"Lab","floor":5,"gold_loss":0},{"damage_healed":0,"gold_gain":0,"player_choice":"Grow","damage_taken":0,"max_hp_gain":0,"max_hp_loss":0,"event_name":"Living Wall","floor":10,"gold_loss":0,"cards_upgraded":["stsjorbsmod:BookOfTongues"]},{"damage_healed":0,"gold_gain":0,"player_choice":"Entered Light","damage_taken":14,"max_hp_gain":0,"max_hp_loss":0,"event_name":"Shining Light","floor":11,"gold_loss":0,"cards_upgraded":["stsjorbsmod:EyeOfTheStorm","stsjorbsmod:Strike_Wanderer"]},{"damage_healed":0,"gold_gain":0,"player_choice":"Success","damage_taken":7,"relics_obtained":["hubris:MedicalManual"],"max_hp_gain":0,"max_hp_loss":0,"event_name":"Scrap Ooze","floor":12,"gold_loss":0},{"damage_healed":0,"gold_gain":0,"player_choice":"Leave","damage_taken":0,"max_hp_gain":0,"max_hp_loss":0,"event_name":"The Cleric","floor":14,"gold_loss":0},{"damage_healed":0,"gold_gain":0,"player_choice":"Obtained Book","damage_taken":16,"max_hp_gain":0,"max_hp_loss":0,"event_name":"Cursed Tome","floor":25,"gold_loss":0},{"cards_removed":["stsjorbsmod:Defend_Wanderer"],"damage_healed":0,"gold_gain":0,"player_choice":"Gave Gold","damage_taken":0,"max_hp_gain":0,"max_hp_loss":0,"event_name":"Beggar","floor":28,"gold_loss":75},{"damage_healed":0,"gold_gain":0,"player_choice":"Simplicity","damage_taken":0,"max_hp_gain":0,"max_hp_loss":0,"event_name":"Back to Basics","floor":29,"gold_loss":0,"cards_upgraded":["stsjorbsmod:Strike_Wanderer","stsjorbsmod:Strike_Wanderer","stsjorbsmod:Strike_Wanderer","stsjorbsmod:Defend_Wanderer","stsjorbsmod:Defend_Wanderer","stsjorbsmod:Defend_Wanderer"]},{"damage_healed":18,"gold_gain":0,"player_choice":"Writhe","damage_taken":0,"max_hp_gain":0,"max_hp_loss":0,"event_name":"Winding Halls","floor":36,"gold_loss":0,"cards_obtained":["Writhe"]},{"cards_removed":["stsjorbsmod:Strike_Wanderer"],"damage_healed":0,"gold_gain":0,"player_choice":"Removed Attack","damage_taken":0,"max_hp_gain":0,"max_hp_loss":0,"event_name":"Falling","floor":38,"gold_loss":0},{"damage_healed":0,"gold_gain":0,"player_choice":"Paid","damage_taken":0,"relics_obtained":["Red Mask"],"max_hp_gain":0,"max_hp_loss":0,"event_name":"Tomb of Lord Red Mask","floor":42,"gold_loss":115}],"is_beta":false,"boss_relics":[{"not_picked":["reliquary:Craggleroot","aspiration:RunicSpoon"],"picked":"reliquary:WritOfMandamus"},{"not_picked":["aspiration:PoetsPen_weak","hubris:GrandSneckoEye"],"picked":"Fusion Hammer"}],"items_purged_floors":[39],"is_endless":false,"potions_floor_spawned":[1,16,19,24,35,40,48],"ascension_level":0}}