{"host":"362zhnvmfmhc3u7b","time":1613360727,"event":{"mods":["BaseMod","Colored Powertips","Minty Spire (QoL Compilation)","Quick Restart","Rare Cards Sparkle","StSLib"],"gold_per_floor":[118,393,408,423,441,39,74,84,84,84,84,26,42,42,42],"floor_reached":14,"language":"ENG","playtime":544,"items_purged":["Regret"],"score":175,"play_id":"d3844183-74d3-4a35-bff5-fe26d0d6e22b","local_time":"20210214224527","is_ascension_mode":true,"campfire_choices":[{"floor":10,"key":"REST"}],"circlet_count":0,"master_deck":["AscendersBane","Strike_B","Strike_B","Strike_B","Strike_B","Defend_B","Defend_B","Defend_B","Defend_B","Zap","Dualcast","Self Repair","Conserve Battery","Streamline","Skim","Turbo","Glacier","FTL","Conserve Battery+1","Sweeping Beam"],"relics":["Cracked Core","NeowsBlessing","Eternal Feather","Letter Opener","Toxic Egg 2"],"acts_visited":["Exordium"],"potions_floor_usage":[5,5,14],"damage_taken":[{"damage":0,"enemies":"Cultist","floor":1,"turns":1},{"damage":0,"enemies":"Small Slimes","floor":3,"turns":1},{"damage":0,"enemies":"Jaw Worm","floor":4,"turns":1},{"damage":21,"enemies":"Large Slime","floor":5,"turns":7},{"damage":30,"enemies":"Lagavulin","floor":7,"turns":8},{"damage":5,"enemies":"3 Louse","floor":8,"turns":5},{"damage":4,"enemies":"2 Fungi Beasts","floor":13,"turns":3},{"damage":70,"enemies":"Gremlin Nob","floor":14,"turns":4}],"seed_played":"8192605787614685538","potions_obtained":[{"floor":1,"key":"SteroidPotion"},{"floor":3,"key":"SteroidPotion"},{"floor":13,"key":"PowerPotion"}],"is_trial":false,"path_per_floor":["M","?","M","M","M","$","E","M","T","R","?","$","M","E"],"character_chosen":"DEFECT","items_purchased":["Eternal Feather","Turbo","Conserve Battery+1"],"campfire_rested":1,"item_purchase_floors":[6,6,12],"current_hp_per_floor":[64,64,64,64,50,50,27,29,29,59,64,64,67,0,0],"gold":42,"neow_bonus":"THREE_ENEMY_KILL","is_daily":false,"chose_seed":false,"campfire_upgraded":0,"win_rate":0.0,"timestamp":1613360727,"path_taken":["M","?","M","?","?","$","E","M","T","R","?","?","M","E"],"items_purchased_type":["Relic","Card","Card"],"build_version":"2020-12-22","purchased_purges":1,"victory":false,"max_hp_per_floor":[71,71,71,71,71,71,71,71,71,71,76,76,76,76,76],"card_choices":[{"not_picked":["Aggregate","Rebound"],"picked":"Self Repair","floor":1},{"not_picked":["Beam Cell","Auto Shields"],"picked":"Conserve Battery","floor":3},{"not_picked":["Storm","Barrage"],"picked":"Streamline","floor":4},{"not_picked":["Genetic Algorithm","Doom and Gloom"],"picked":"Skim","floor":5},{"not_picked":["Hologram","Leap"],"picked":"Glacier","floor":7},{"not_picked":["Doom and Gloom","Stack"],"picked":"FTL","floor":8},{"not_picked":["Stack+1","Compile Driver"],"picked":"Sweeping Beam","floor":13}],"player_experience":1612533,"relics_obtained":[{"floor":7,"key":"Letter Opener"},{"floor":9,"key":"Toxic Egg 2"}],"event_choices":[{"damage_healed":0,"gold_gain":275,"player_choice":"Desecrate","damage_taken":0,"max_hp_gain":0,"max_hp_loss":0,"event_name":"Golden Shrine","floor":2,"gold_loss":0,"cards_obtained":["Regret"]},{"damage_healed":0,"gold_gain":0,"player_choice":"Donut","damage_taken":0,"max_hp_gain":5,"max_hp_loss":0,"event_name":"Big Fish","floor":11,"gold_loss":0}],"is_beta":false,"boss_relics":[],"items_purged_floors":[6],"is_endless":false,"potions_floor_spawned":[1,3,13],"killed_by":"Gremlin Nob","ascension_level":18}}