{"host":"ypphcgdomtfqpc2w","time":1613395432,"event":{"mods":["BaseMod","DeckTracker","MarisaÅiñ∂âJÅ@ñÇóùçπÅj","Minty Spire (QoL Compilation)","Relic Stats","StSLib"],"gold_per_floor":[119,131,148,162,237,237,267,3,29,97,22,45,45,45,45,197,197,245,20,51,93,123,123],"floor_reached":22,"language":"ENG","playtime":1048,"items_purged":["Strike_MRS"],"score":392,"play_id":"adbffa6b-d72a-481b-9146-cb09d202630a","local_time":"20210215222352","is_ascension_mode":true,"campfire_choices":[{"data":"BlazeAway","floor":6.0,"key":"SMITH"},{"data":"AsteroidBelt","floor":13,"key":"SMITH"},{"floor":15,"key":"REST"}],"circlet_count":0,"master_deck":["AscendersBane","Defend_MRS","Defend_MRS","Defend_MRS","UpSweep","BlazeAway+1","Singularity","LuminesStrike","AsteroidBelt+1","NonDirectionalLaser","6A","GalacticHalo","Robbery","Parasite","Parasite","UltimateShortwave","TreasureHunter","SuperPerseids+1","UnstableBomb+1","TreasureHunter+1","GravityBeat","ShootTheMoon","Robbery+1"],"relics":["MiniHakkero","PreservedInsect","ShroomBag","Bronze Scales","Golden Idol","Astrolabe","Centennial Puzzle"],"acts_visited":["Exordium","TheCity"],"potions_floor_usage":[7,10,10,20,20],"damage_taken":[{"damage":4.0,"enemies":"2 Louse","floor":1.0,"turns":3.0},{"damage":9.0,"enemies":"Small Slimes","floor":2.0,"turns":3.0},{"damage":0.0,"enemies":"Jaw Worm","floor":3.0,"turns":4.0},{"damage":14.0,"enemies":"Gremlin Gang","floor":4.0,"turns":4.0},{"damage":2,"enemies":"Gremlin Nob","floor":7,"turns":3},{"damage":12,"enemies":"3 Sentries","floor":10,"turns":6},{"damage":0,"enemies":"Exordium Wildlife","floor":12,"turns":4},{"damage":37,"enemies":"The Guardian","floor":16,"turns":17},{"damage":14,"enemies":"2 Thieves","floor":18,"turns":4},{"damage":16,"enemies":"Shell Parasite","floor":20,"turns":5},{"damage":18,"enemies":"Centurion and Healer","floor":21,"turns":7},{"damage":13,"enemies":"Snake Plant","floor":22,"turns":2}],"seed_played":"2982488316364919744","potions_obtained":[{"floor":1.0,"key":"Fire Potion"},{"floor":2.0,"key":"BottledSpark"},{"floor":7,"key":"SteroidPotion"},{"floor":18,"key":"EssenceOfSteel"},{"floor":20,"key":"Explosive Potion"}],"is_trial":false,"path_per_floor":["M","M","M","M","?","R","E","$","T","E","$","M","R","?","R","B",null,"M","$","M","M","M"],"character_chosen":"MARISA","items_purchased":["Robbery","ShroomBag","Strength Potion","Centennial Puzzle","Strength Potion"],"campfire_rested":1,"item_purchase_floors":[8,8,8,19,19],"current_hp_per_floor":[59,50,50,36,25,25,23,23,23,15,15,19,19,19,36,3,44,34,34,22,8,0,0],"gold":123,"neow_bonus":"TRANSFORM_TWO_CARDS","is_daily":false,"chose_seed":false,"campfire_upgraded":2,"win_rate":0.0,"timestamp":1613395432,"path_taken":["M","M","M","M","?","R","E","$","T","E","$","M","R","?","R","BOSS","M","$","M","M","M"],"items_purchased_type":["Card","Relic","Potion","Relic","Potion"],"build_version":"2020-12-22","purchased_purges":1,"victory":false,"max_hp_per_floor":[63,63,63,63,63,63,63,63,63,63,63,63,63,57,57,57,57,57,57,57,57,57,57],"relic_stats":{"Centennial Puzzle":[9],"counters":[12,62],"Golden Idol":29,"Bronze Scales":[102],"Astrolabe":["SuperPerseids","UnstableBomb","TreasureHunter"],"PreservedInsect":33,"obtain_stats":[{"ShroomBag":8,"Centennial Puzzle":19,"Golden Idol":14,"Bronze Scales":10,"Astrolabe":17,"PreservedInsect":7,"MiniHakkero":0},{"ShroomBag":5,"Centennial Puzzle":9,"Golden Idol":7,"Bronze Scales":6,"Astrolabe":8,"PreservedInsect":5,"MiniHakkero":0},{"ShroomBag":17,"Centennial Puzzle":48,"Golden Idol":27,"Bronze Scales":23,"Astrolabe":44,"PreservedInsect":17,"MiniHakkero":0}]},"card_choices":[{"not_picked":["BlazeAway","Singularity"],"picked":"LuminesStrike","floor":1.0},{"not_picked":["PowerUp","PulseMagic"],"picked":"AsteroidBelt","floor":2.0},{"not_picked":["IllusionStar","MagicChant"],"picked":"NonDirectionalLaser","floor":3.0},{"not_picked":["MysteriousBeam","PowerUp"],"picked":"6A","floor":4.0},{"not_picked":["EnergyRecoil","ChargingUp"],"picked":"GalacticHalo","floor":7},{"not_picked":["PowerUp","EnergyRecoil","DC"],"picked":"SKIP","floor":10},{"not_picked":["OortCloud","GravityBeat"],"picked":"UltimateShortwave","floor":12},{"not_picked":["CollectingQuirk","JA"],"picked":"TreasureHunter","floor":16},{"not_picked":["GalacticHalo","MachineGunSpark"],"picked":"GravityBeat","floor":18},{"not_picked":["Acceleration","EnergyRecoil"],"picked":"ShootTheMoon","floor":20},{"not_picked":["DC","SporeBomb"],"picked":"Robbery+1","floor":21}],"player_experience":3304371,"relics_obtained":[{"floor":7,"key":"PreservedInsect"},{"floor":10,"key":"Bronze Scales"}],"event_choices":[{"damage_healed":0.0,"max_hp_gain":0.0,"max_hp_loss":0.0,"gold_gain":75.0,"event_name":"World of Goop","player_choice":"Gather Gold","floor":5.0,"gold_loss":0.0,"damage_taken":11.0},{"damage_healed":0,"gold_gain":0,"player_choice":"Lose Max HP","damage_taken":0,"relics_obtained":["Golden Idol"],"max_hp_gain":0,"max_hp_loss":6,"event_name":"Golden Idol","floor":14,"gold_loss":0}],"is_beta":false,"boss_relics":[{"not_picked":["Velvet Choker","Busted Crown"],"picked":"Astrolabe"}],"items_purged_floors":[11],"is_endless":false,"potions_floor_spawned":[1,2,7,18,20],"killed_by":"Snake Plant","ascension_level":20}}