{"host":"ne5hixkhdtkevwwo","time":1613401479,"event":{"mods":["BaseMod","Colored Map","Downfall","Infinite Spire","Minty Spire (QoL Compilation)","Relic Stats","StSLib"],"gold_per_floor":[115,115,139,139,157,196,196,210,278,278,296,296,339,6,6,102,102,121,145,158,17,17,51,51,82,107,107,107],"floor_reached":27,"language":"ENG","playtime":1318,"items_purged":[],"score":593,"play_id":"27f74279-6c21-4680-b36c-30120d27f45a","local_time":"20210215160439","is_ascension_mode":true,"campfire_choices":[{"data":"Sever Soul","floor":7,"key":"SMITH"},{"data":"Spot Weakness","floor":12,"key":"SMITH"},{"floor":15,"key":"REST"}],"circlet_count":0,"master_deck":["AscendersBane","Strike_R+1","Strike_R","Strike_R+1","Strike_R","Strike_R","Defend_R","Defend_R+1","Defend_R","Defend_R+1","Bash","Wild Strike","Sever Soul+1","Spot Weakness+1","Headbutt","Shrug It Off","Heavy Blade","Cleave","Reaper","Bloodletting+1","Havoc","infinitespire:TheBestDefense"],"relics":["Burning Blood","NeowsBlessing","Golden Idol","Omamori","Blood Vial","Lantern","HornCleat","Mango","Singing Bowl","SlaversCollar","Whetstone","Dream Catcher","War Paint"],"acts_visited":["Exordium","TheCity"],"potions_floor_usage":[11,18,19,20,23,23,25],"damage_taken":[{"damage":0,"enemies":"2 Louse","floor":1,"turns":1},{"damage":0,"enemies":"Cultist","floor":5,"turns":1},{"damage":0,"enemies":"Lagavulin","floor":6,"turns":1},{"damage":12,"enemies":"Jaw Worm","floor":8,"turns":2},{"damage":7,"enemies":"Large Slime","floor":11,"turns":4},{"damage":28,"enemies":"Gremlin Nob","floor":13,"turns":4},{"damage":57,"enemies":"Slime Boss","floor":16,"turns":9},{"damage":5,"enemies":"Chosen","floor":18,"turns":5},{"damage":68,"enemies":"Shell Parasite","floor":19,"turns":7},{"damage":37,"enemies":"Snecko","floor":20,"turns":6},{"damage":31,"enemies":"Book of Stabbing","floor":23,"turns":5},{"damage":22,"enemies":"Slavers","floor":25,"turns":5},{"damage":49,"enemies":"3 Cultists","floor":27,"turns":5}],"seed_played":"7547911936309881755","potions_obtained":[{"floor":5,"key":"BloodPotion"},{"floor":6,"key":"BlessingOfTheForge"},{"floor":8,"key":"sneckomod:MuddlingPotion"},{"floor":16,"key":"Swift Potion"},{"floor":18,"key":"Explosive Potion"},{"floor":23,"key":"LiquidMemories"}],"is_trial":false,"path_per_floor":["M","?","T","?","M","E","R","M","T","?","M","R","E","$","R","B",null,"M","M","M","$","?","E","?","E","T","M"],"character_chosen":"IRONCLAD","items_purchased":["Singing Bowl","Cleave","BloodPotion","bronze:BurnAndBuffPotion"],"campfire_rested":1,"item_purchase_floors":[14,14,21,21],"current_hp_per_floor":[74,48,48,48,56,64,64,60,60,60,61,61,55,55,81,32,75,79,35,28,28,28,35,29,28,28,0,0],"gold":107,"neow_bonus":"THREE_ENEMY_KILL","is_daily":false,"chose_seed":false,"campfire_upgraded":2,"win_rate":0.0,"timestamp":1613401479,"path_taken":["M","?","?","?","?","E","R","M","T","?","M","R","E","?","R","BOSS","M","M","M","$","?","E","?","E","T","?"],"items_purchased_type":["Relic","Card","Potion","Potion"],"build_version":"2020-12-22","purchased_purges":0,"victory":false,"max_hp_per_floor":[75,75,75,75,75,75,75,75,75,75,75,75,89,89,89,89,89,89,89,91,91,91,93,93,95,95,95,95],"relic_stats":{"Blood Vial":24,"Dream Catcher":0,"Singing Bowl":6,"counters":[13,55],"Golden Idol":72,"Whetstone":["Strike_R","Strike_R"],"War Paint":["Defend_R","Defend_R"],"obtain_stats":[{"Lantern":6,"NeowsBlessing":0,"Singing Bowl":14,"Golden Idol":2,"Mango":13,"Omamori":3,"Whetstone":23,"War Paint":26,"Burning Blood":0,"Blood Vial":4,"SlaversCollar":17,"Dream Catcher":25,"HornCleat":9},{"Lantern":3,"NeowsBlessing":0,"Singing Bowl":6,"Golden Idol":1,"Mango":6,"Omamori":1,"Whetstone":11,"War Paint":12,"Burning Blood":0,"Blood Vial":1,"SlaversCollar":7,"Dream Catcher":12,"HornCleat":4},{"Lantern":3,"NeowsBlessing":0,"Singing Bowl":13,"Golden Idol":1,"Mango":13,"Omamori":1,"Whetstone":45,"War Paint":50,"Burning Blood":0,"Blood Vial":1,"SlaversCollar":22,"Dream Catcher":50,"HornCleat":5}],"Burning Blood":72},"card_choices":[{"not_picked":["Twin Strike","True Grit"],"picked":"Wild Strike","floor":1},{"not_picked":["Juggernaut","Intimidate"],"picked":"Sever Soul","floor":5},{"not_picked":["Warcry","Twin Strike"],"picked":"Spot Weakness","floor":6},{"not_picked":["Rupture","Cleave"],"picked":"Headbutt","floor":8},{"not_picked":["Headbutt","Inflame"],"picked":"Shrug It Off","floor":11},{"not_picked":["Rupture","Clothesline"],"picked":"Heavy Blade","floor":13},{"not_picked":["Feed","Corruption"],"picked":"Reaper","floor":16},{"not_picked":["Flex","Wild Strike"],"picked":"Bloodletting+1","floor":18},{"not_picked":["Carnage","Intimidate"],"picked":"Havoc","floor":19},{"not_picked":["Rupture","Twin Strike","True Grit"],"picked":"Singing Bowl","floor":20},{"not_picked":["infinitespire:FutureSight","infinitespire:Menacing"],"picked":"infinitespire:TheBestDefense","floor":22},{"not_picked":["Pommel Strike","Cleave","Thunderclap"],"picked":"Singing Bowl","floor":23},{"not_picked":["Bludgeon","Dark Embrace","Whirlwind"],"picked":"Singing Bowl","floor":25}],"player_experience":1061232,"relics_obtained":[{"floor":3,"key":"Omamori"},{"floor":4,"key":"Blood Vial"},{"floor":6,"key":"Lantern"},{"floor":9,"key":"HornCleat"},{"floor":13,"key":"Mango"},{"floor":23,"key":"Whetstone"},{"floor":25,"key":"Dream Catcher"},{"floor":26,"key":"War Paint"}],"event_choices":[{"damage_healed":0,"gold_gain":0,"player_choice":"Take Damage","damage_taken":26,"relics_obtained":["Golden Idol"],"max_hp_gain":0,"max_hp_loss":0,"event_name":"Golden Idol","floor":2,"gold_loss":0},{"damage_healed":0,"gold_gain":0,"player_choice":"Ignored","damage_taken":0,"max_hp_gain":0,"max_hp_loss":0,"event_name":"WeMeetAgain","floor":10,"gold_loss":0},{"damage_healed":0,"gold_gain":0,"player_choice":"","damage_taken":6,"max_hp_gain":0,"max_hp_loss":0,"event_name":"Knowing Skull","floor":24,"potions_obtained":[],"gold_loss":0,"cards_obtained":[]}],"is_beta":false,"boss_relics":[{"not_picked":["bronze:MakeshiftBattery","Runic Cube"],"picked":"SlaversCollar"}],"items_purged_floors":[],"is_endless":false,"potions_floor_spawned":[5,6,8,16,18,23],"killed_by":"3 Cultists","ascension_level":20}}