{"host":"zxd2l8an9de7z7b9","time":1613382655,"event":{"mods":["2.2 Compatiblity","AchievementEnabler","BaseMod","CapriCore","Colored Map","Colored Powertips","Minty Spire (QoL Compilation)","Rare Cards Sparkle","StSLib","SuperFastMode"],"gold_per_floor":[112,187,203,203,203,203,216,242,311,328,328,278,203,36,36,133,133,153,153,10,24,123,158,158,171,198,50,61,61,61,71,71,71,71],"floor_reached":33,"language":"KOR","playtime":1481,"items_purged":["Defend_G","Strike_G"],"score":276,"play_id":"acc8eb1d-34c2-499d-8a55-ee8609dcadad","local_time":"20210215185055","is_ascension_mode":true,"campfire_choices":[{"data":"Neutralize","floor":6.0,"key":"SMITH"},{"floor":11.0,"key":"REST"},{"floor":15.0,"key":"REST"},{"data":"Calculated Gamble","floor":24.0,"key":"SMITH"},{"data":"Burst","floor":29.0,"key":"SMITH"},{"floor":32.0,"key":"REST"}],"circlet_count":0,"master_deck":["Strike_G+1","Defend_G","Survivor","Neutralize+1","Underhanded Strike+1","Slice","Escape Plan","Quick Slash","Dagger Throw","Cloak And Dagger","Expertise","Corpse Explosion","Dash+1","Crippling Poison+1","Sucker Punch+1","Dodge and Roll","Bane","Calculated Gamble+1","Reflex","Burst+1","Backflip+1"],"relics":["Ring of the Snake","Juzu Bracelet","White Beast Statue","Astrolabe","Snake Skull","Whetstone","Pen Nib","Oddly Smooth Stone"],"acts_visited":["Exordium","TheCity"],"potions_floor_usage":[33,33,33],"damage_taken":[{"damage":6.0,"enemies":"Jaw Worm","floor":1.0,"turns":6.0},{"damage":0.0,"enemies":"Small Slimes","floor":3.0,"turns":3.0},{"damage":0.0,"enemies":"2 Louse","floor":7.0,"turns":2.0},{"damage":36.0,"enemies":"Lagavulin","floor":8.0,"turns":7.0},{"damage":1.0,"enemies":"Blue Slaver","floor":10.0,"turns":3.0},{"damage":30.0,"enemies":"The Guardian","floor":16.0,"turns":16.0},{"damage":8.0,"enemies":"Shell Parasite","floor":18.0,"turns":4.0},{"damage":4.0,"enemies":"Spheric Guardian","floor":21.0,"turns":5.0},{"damage":21.0,"enemies":"Gremlin Leader","floor":23.0,"turns":7.0},{"damage":4.0,"enemies":"Shelled Parasite and Fungi","floor":25.0,"turns":3.0},{"damage":0.0,"enemies":"3 Cultists","floor":28.0,"turns":2.0},{"damage":12.0,"enemies":"Sentry and Sphere","floor":31.0,"turns":7.0},{"damage":37,"enemies":"Champ","floor":33,"turns":12}],"seed_played":"3922902249402829941","potions_obtained":[{"floor":7.0,"key":"LiquidBronze"},{"floor":10.0,"key":"SmokeBomb"},{"floor":16.0,"key":"SteroidPotion"},{"floor":18.0,"key":"AttackPotion"},{"floor":21.0,"key":"Energy Potion"},{"floor":23.0,"key":"PowerPotion"},{"floor":25.0,"key":"ColorlessPotion"},{"floor":28.0,"key":"EssenceOfSteel"},{"floor":31.0,"key":"SpeedPotion"}],"is_trial":false,"path_per_floor":["M","?","M","?","?","R","M","E","T","M","R","?","$","$","R","B",null,"M","?","$","M","?","E","R","M","T","$","M","R","?","M","R","B"],"character_chosen":"THE_SILENT","items_purchased":["Expertise","Snake Skull","Oddly Smooth Stone"],"campfire_rested":3,"item_purchase_floors":[14,20,27],"current_hp_per_floor":[64,53,53,53,58,58,58,22,22,21,43,43,43,43,65,35,75,67,67,67,63,63,42,42,38,38,38,38,38,24,12,36,0,0],"gold":71,"neow_bonus":"REMOVE_CARD","is_daily":false,"chose_seed":false,"campfire_upgraded":3,"win_rate":0.0,"timestamp":1613382655,"path_taken":["M","?","M","?","?","R","?","E","T","M","R","?","?","$","R","BOSS","M","?","$","M","?","E","R","M","T","$","M","R","?","M","R","BOSS"],"items_purchased_type":["Card","Relic","Relic"],"build_version":"2020-12-22","purchased_purges":2,"victory":false,"max_hp_per_floor":[70,70,70,70,75,75,75,75,75,75,75,75,75,75,75,75,75,75,75,75,75,75,75,75,75,75,75,75,75,80,80,80,80,80],"card_choices":[{"not_picked":["Backflip","Dagger Throw"],"picked":"Underhanded Strike","floor":1.0},{"not_picked":["Flying Knee","Endless Agony"],"picked":"Slice","floor":3.0},{"not_picked":["Accuracy","Bouncing Flask"],"picked":"Quick Slash","floor":7.0},{"not_picked":["Flechettes","Sucker Punch"],"picked":"Dagger Throw","floor":8.0},{"not_picked":["Doppelganger","Bane"],"picked":"Cloak And Dagger","floor":10.0},{"not_picked":["Doppelganger","Wraith Form v2"],"picked":"Corpse Explosion","floor":16.0},{"not_picked":["Flying Knee","Outmaneuver"],"picked":"Dodge and Roll","floor":18.0},{"not_picked":["Infinite Blades+1","Dodge and Roll"],"picked":"Bane","floor":21.0},{"not_picked":["Cloak And Dagger","Leg Sweep+1"],"picked":"Calculated Gamble","floor":23.0},{"not_picked":["Underhanded Strike+1","Deflect"],"picked":"Reflex","floor":25.0},{"not_picked":["Slice","Crippling Poison"],"picked":"Burst","floor":28.0},{"not_picked":["Underhanded Strike+1","Sucker Punch+1"],"picked":"Backflip+1","floor":31.0}],"player_experience":354324,"relics_obtained":[{"floor":8.0,"key":"Juzu Bracelet"},{"floor":9.0,"key":"White Beast Statue"},{"floor":23.0,"key":"Whetstone"},{"floor":26.0,"key":"Pen Nib"}],"event_choices":[{"damage_healed":0.0,"max_hp_gain":0.0,"max_hp_loss":0.0,"gold_gain":75.0,"event_name":"World of Goop","player_choice":"Gather Gold","floor":2.0,"gold_loss":0.0,"damage_taken":11.0},{"damage_healed":0.0,"max_hp_gain":0.0,"max_hp_loss":0.0,"gold_gain":0.0,"cards_transformed":["Strike_G"],"event_name":"Living Wall","player_choice":"Change","floor":4.0,"gold_loss":0.0,"damage_taken":0.0,"cards_obtained":["Escape Plan"]},{"damage_healed":0.0,"max_hp_gain":5.0,"max_hp_loss":0.0,"gold_gain":0.0,"event_name":"Big Fish","player_choice":"Donut","floor":5.0,"gold_loss":0.0,"damage_taken":0.0},{"cards_removed":["Strike_G"],"damage_healed":0.0,"max_hp_gain":0.0,"max_hp_loss":0.0,"gold_gain":0.0,"event_name":"The Cleric","player_choice":"Card Removal","floor":12.0,"gold_loss":50.0,"damage_taken":0.0},{"damage_healed":0.0,"max_hp_gain":0.0,"max_hp_loss":0.0,"gold_gain":0.0,"event_name":"Ghosts","player_choice":"Ignored","floor":19.0,"gold_loss":0.0,"damage_taken":0.0},{"damage_healed":0.0,"max_hp_gain":0.0,"max_hp_loss":0.0,"gold_gain":99.0,"event_name":"Nest","player_choice":"Stole From Cult","floor":22.0,"gold_loss":0.0,"damage_taken":0.0},{"damage_healed":0.0,"max_hp_gain":5.0,"max_hp_loss":0.0,"gold_gain":0.0,"event_name":"Forgotten Altar","player_choice":"Shed Blood","floor":30.0,"gold_loss":0.0,"damage_taken":19.0}],"is_beta":false,"boss_relics":[{"not_picked":["Snecko Eye","Busted Crown"],"picked":"Astrolabe"}],"items_purged_floors":[13,14],"is_endless":false,"potions_floor_spawned":[7,10,16,18,21,23,25,28,31],"killed_by":"Champ","ascension_level":1}}