{"host":"dn6kke80v5f7isus","time":1613414838,"event":{"mods":["AchievementEnabler","Act Like it!","BaseMod","Colored Powertips","Custom Start","Defuse TimeMaze Blight","Energized Spire","Gremlin Skip","Highlight Path","Hubris","Infinite Spire","Marisa????????","Minty Spire (QoL Compilation)","Quick Restart","Rare Cards Sparkle","Reliquary","Replay The Spire","StSLib","The Hierophant","The Servant 0.9.4","Uncapped","Unceasing Turn Reminder"],"gold_per_floor":[116,143,143,148,24,24,24,77,77,77,153,153,328,359,359,343,343],"floor_reached":16,"language":"ENG","playtime":537,"items_purged":["hierophant:Strike_Hierophant+1"],"score":111,"play_id":"908f10d8-bfb3-4323-b90b-49795ec3b29a","local_time":"20210215134718","is_ascension_mode":true,"campfire_choices":[{"data":"hierophant:Community","floor":6,"key":"SMITH"},{"data":"hierophant:Racketeering","floor":10,"key":"SMITH"},{"data":"hierophant:RepressedViolence","floor":12,"key":"SMITH"},{"floor":15,"key":"REST"}],"circlet_count":0,"master_deck":["hierophant:Strike_Hierophant+1","hierophant:Strike_Hierophant+1","hierophant:Punish+1","hierophant:Defend_Hierophant+1","hierophant:Defend_Hierophant+1","hierophant:Defend_Hierophant+1","hierophant:Defend_Hierophant+1","hierophant:ChurchCoffers+1","hierophant:Doubloon+1","hierophant:RecallFunds+1","hierophant:RepressedViolence+1","Enlightenment+1","hierophant:Racketeering+1","hierophant:Community+1","hierophant:RustyCrate","hierophant:Doubloon","hierophant:Doubloon","hierophant:RepressedViolence+1","Doubt"],"relics":["hierophant:PropheticMaskRelic","StrikeDummy","infinitespire:Joker Card","Replay:Wax Seal","Golden Idol","InkBottle","FossilizedHelix","hubris:Metronome"],"acts_visited":["Exordium"],"potions_floor_usage":[11],"damage_taken":[{"damage":1.0,"enemies":"Cultist","floor":1.0,"turns":3.0},{"damage":1.0,"enemies":"2 Louse","floor":2.0,"turns":3.0},{"damage":0,"enemies":"Small Slimes","floor":8,"turns":2},{"damage":20,"enemies":"Lagavulin","floor":11,"turns":5},{"damage":20,"enemies":"3 Sentries","floor":14,"turns":11},{"damage":39,"enemies":"Hexaghost","floor":16,"turns":11}],"seed_played":"5667969525360827569","potions_obtained":[{"floor":1.0,"key":"SteroidPotion"}],"is_trial":false,"path_per_floor":["M","M","?","$","$","R","?","M","T","R","E","R","?","E","R","B"],"character_chosen":"HIEROPHANT","items_purchased":["StrikeDummy","infinitespire:Joker Card","hierophant:Racketeering","hierophant:Community","Replay:Wax Seal","hierophant:RustyCrate"],"campfire_rested":1,"item_purchase_floors":[4,4,4,4,5,5],"current_hp_per_floor":[74,73,73,73,73,73,55,55,55,55,35,35,35,15,37,0,0],"gold":343,"neow_bonus":"REMOVE_CARD","is_daily":false,"chose_seed":false,"campfire_upgraded":3,"win_rate":0.0,"timestamp":1613414838,"path_taken":["M","?","?","?","$","R","?","M","T","R","E","R","?","E","R","BOSS"],"items_purchased_type":["Relic","Relic","Card","Card","Relic","Card"],"build_version":"2020-12-22","purchased_purges":1,"victory":false,"max_hp_per_floor":[75,75,75,75,75,75,75,75,75,75,75,75,75,75,75,75,75],"card_choices":[{"not_picked":["hierophant:MorningPrayer","hierophant:FlamingChariot"],"picked":"hierophant:RecallFunds","floor":1.0},{"not_picked":["hierophant:SealAway","hierophant:Empathy"],"picked":"hierophant:RepressedViolence","floor":2.0},{"not_picked":["hierophant:Upheaval","hierophant:Exaltation","hierophant:PassingBell"],"picked":"SKIP","floor":8},{"not_picked":["hierophant:MintersHammer","hierophant:Flagellation"],"picked":"hierophant:RepressedViolence","floor":11},{"not_picked":["hierophant:ConvertCurrency","hierophant:AuricShield","hierophant:SealAway"],"picked":"SKIP","floor":14}],"player_experience":461233,"relics_obtained":[{"floor":9,"key":"InkBottle"},{"floor":11,"key":"FossilizedHelix"},{"floor":14,"key":"hubris:Metronome"}],"event_choices":[{"damage_healed":0.0,"max_hp_gain":0.0,"max_hp_loss":0.0,"gold_gain":0.0,"event_name":"Match and Keep!","player_choice":"1 cards matched","floor":3.0,"gold_loss":0.0,"damage_taken":0.0,"cards_obtained":["Enlightenment"]},{"damage_healed":0,"gold_gain":0,"player_choice":"Take Damage","damage_taken":18,"relics_obtained":["Golden Idol"],"max_hp_gain":0,"max_hp_loss":0,"event_name":"Golden Idol","floor":7,"gold_loss":0},{"damage_healed":0,"gold_gain":175,"player_choice":"AGREE","damage_taken":0,"max_hp_gain":0,"max_hp_loss":0,"event_name":"Liars Game","floor":13,"gold_loss":0,"cards_obtained":["Doubt"]}],"is_beta":false,"boss_relics":[],"items_purged_floors":[4],"is_endless":false,"potions_floor_spawned":[1],"killed_by":"Hexaghost","ascension_level":1}}