{"host":"178rghtqlvp3zue2","time":1613401092,"event":{"mods":["2.2 Compatiblity","AchievementEnabler","BaseMod","DeckTracker","Minty Spire (QoL Compilation)","Quick Restart","SuperFastMode","The Servant 0.9.4"],"gold_per_floor":[113,113,113,0,18,343,354,383,383,411,411,424,437,447,447,550,550,569,569,596,453,453,481,481,481,481,497,509,509,509],"floor_reached":29,"language":"KOR","playtime":1095,"items_purged":["Pain"],"score":317,"play_id":"03da40ab-e32c-4706-bd45-23258216f0fb","local_time":"20210215235812","is_ascension_mode":true,"campfire_choices":[{"floor":11,"key":"REST"},{"floor":15,"key":"REST"},{"floor":25,"key":"REST"}],"circlet_count":0,"master_deck":["Strike_S+1","Strike_S+1","Strike_S+1","Strike_S+1","Defend_S+1","Defend_S+1","Defend_S+1","Defend_S+1","KidneyShot+1","Exchange","Ricochet","SurpressingFire","BestPractice","Initiator","Reset","Spin","BottledTime","InstantArmor","MurderousAura","Potential+1","Contraction","SpecialFormula","Defy"],"relics":["Uniform","NeowsBlessing","WarpedTongs","Old Coin","Bottled Lightning","Bottled Tornado","Peace Pipe","StoneMask","Red Mask","Tiny Chest","Broom","Letter Opener","KneeBrace"],"acts_visited":["Exordium","TheCity"],"potions_floor_usage":[16,16,23,23,23,28],"damage_taken":[{"damage":0,"enemies":"2 Louse","floor":1,"turns":1},{"damage":0,"enemies":"Small Slimes","floor":5,"turns":1},{"damage":0,"enemies":"Gremlin Nob","floor":6,"turns":1},{"damage":0,"enemies":"Cultist","floor":7,"turns":2},{"damage":18,"enemies":"Lagavulin","floor":8,"turns":5},{"damage":29,"enemies":"3 Sentries","floor":10,"turns":7},{"damage":12,"enemies":"Exordium Wildlife","floor":12,"turns":3},{"damage":9,"enemies":"Large Slime","floor":13,"turns":3},{"damage":6,"enemies":"Looter","floor":14,"turns":3},{"damage":17,"enemies":"The Guardian","floor":16,"turns":16},{"damage":25,"enemies":"2 Thieves","floor":18,"turns":4},{"damage":7,"enemies":"Masked Bandits","floor":20,"turns":3},{"damage":24,"enemies":"Book of Stabbing","floor":23,"turns":7},{"damage":2,"enemies":"Chosen","floor":27,"turns":3},{"damage":7,"enemies":"Snecko","floor":28,"turns":6},{"damage":33,"enemies":"Gremlin Leader","floor":29,"turns":2}],"seed_played":"4929777020511532870","potions_obtained":[{"floor":5,"key":"EssenceOfSteel"},{"floor":10,"key":"PowerPotion"},{"floor":14,"key":"EssenceOfSteel"},{"floor":16,"key":"SpeedPotion"},{"floor":18,"key":"ColorlessPotion"},{"floor":23,"key":"LiquidMemories"}],"is_trial":false,"path_per_floor":["M","?","?","$","M","E","M","E","T","E","R","M","M","M","R","B",null,"M","?","?","$","?","E","T","R","T","M","M","E"],"character_chosen":"THE_SERVANT","items_purchased":["SurpressingFire","Tiny Chest"],"campfire_rested":3,"item_purchase_floors":[4,21],"current_hp_per_floor":[65,65,65,65,65,65,65,47,47,18,37,25,16,10,29,12,65,46,46,48,48,35,14,14,36,36,37,33,0,0],"gold":509,"neow_bonus":"THREE_ENEMY_KILL","is_daily":false,"chose_seed":false,"campfire_upgraded":0,"win_rate":0.0,"timestamp":1613401092,"path_taken":["M","?","?","$","M","E","?","E","T","E","R","M","M","M","R","BOSS","M","?","?","$","?","E","?","R","T","?","M","E"],"items_purchased_type":["Card","Relic"],"build_version":"2020-12-22","purchased_purges":1,"victory":false,"max_hp_per_floor":[65,65,65,65,65,65,65,65,65,65,65,65,65,65,65,65,65,67,67,70,70,75,76,76,76,76,77,78,78,78],"card_choices":[{"not_picked":["DoubleEdge","Unruled"],"picked":"Ricochet","floor":1},{"not_picked":["ShatteredReality","Defy"],"picked":"BestPractice","floor":5},{"not_picked":["LightFlow","Contraction"],"picked":"Initiator","floor":6},{"not_picked":["DoubleEdge","InstantArmor"],"picked":"Reset","floor":7},{"not_picked":["Unruled","WasteNot"],"picked":"Spin","floor":8},{"not_picked":["Potential","BestPractice"],"picked":"BottledTime","floor":10},{"not_picked":["ShatteredReality","FanOfKnives","Deny"],"picked":"SKIP","floor":12},{"not_picked":["Starlight","Ricochet","Unruled"],"picked":"SKIP","floor":13},{"not_picked":["Rearm","DoubleEdge"],"picked":"InstantArmor","floor":14},{"not_picked":["ForgedInTime","Embodiment"],"picked":"MurderousAura","floor":16},{"not_picked":["Replace+1","Rewind"],"picked":"Potential+1","floor":18},{"not_picked":["Potential","Deny"],"picked":"Contraction","floor":23},{"not_picked":["BottledTime","Replace"],"picked":"SpecialFormula","floor":27},{"not_picked":["Collapse+1","TimeWarp+1"],"picked":"Defy","floor":28}],"player_experience":282317,"relics_obtained":[{"floor":6,"key":"Old Coin"},{"floor":8,"key":"Bottled Lightning"},{"floor":9,"key":"Bottled Tornado"},{"floor":10,"key":"Peace Pipe"},{"floor":20,"key":"Red Mask"},{"floor":23,"key":"Broom"},{"floor":24,"key":"Letter Opener"},{"floor":26,"key":"KneeBrace"}],"event_choices":[{"damage_healed":0,"gold_gain":0,"player_choice":"Grow","damage_taken":0,"max_hp_gain":0,"max_hp_loss":0,"event_name":"Living Wall","floor":2,"gold_loss":0,"cards_upgraded":["KidneyShot"]},{"damage_healed":0,"gold_gain":0,"player_choice":"Rummage","damage_taken":0,"relics_obtained":["WarpedTongs"],"max_hp_gain":0,"max_hp_loss":0,"event_name":"Accursed Blacksmith","floor":3,"gold_loss":0,"cards_obtained":["Pain"]},{"damage_healed":0,"gold_gain":0,"player_choice":"Simplicity","damage_taken":0,"max_hp_gain":0,"max_hp_loss":0,"event_name":"Back to Basics","floor":19,"gold_loss":0,"cards_upgraded":["Strike_S","Strike_S","Strike_S","Strike_S","Defend_S","Defend_S","Defend_S","Defend_S"]},{"damage_healed":0,"gold_gain":0,"player_choice":"Fought Bandits","damage_taken":0,"max_hp_gain":0,"max_hp_loss":0,"event_name":"Masked Bandits","floor":20,"gold_loss":0},{"damage_healed":0,"gold_gain":0,"player_choice":"Shed Blood","damage_taken":18,"max_hp_gain":5,"max_hp_loss":0,"event_name":"Forgotten Altar","floor":22,"gold_loss":0}],"is_beta":false,"boss_relics":[{"not_picked":["Ectoplasm","Snecko Eye"],"picked":"StoneMask"}],"items_purged_floors":[4],"is_endless":false,"potions_floor_spawned":[5,10,14,16,18,23],"killed_by":"Gremlin Leader","ascension_level":2}}