{"host":"zsnmfqgcm92hlreo","time":1613365656,"event":{"mods":["AchievementEnabler","BaseMod","Bestiary","Block Reminder","Colored Map","Colored Powertips","Filter the Spire","Minty Spire (QoL Compilation)","Permanent Neow","Quick Restart","Relic Stats","StSLib","Weighted Paths"],"gold_per_floor":[110,110,178,228,239,270,270,301,326,355,355,104,154,46,46,123,123,140,156,170,233,250,280,280,298,298,348,498,338,388,438,438,515,515,531,380,430,480,555,555,315,315,315,365,393,456,483,581,581,581,581],"floor_reached":52,"language":"ENG","playtime":2579,"items_purged":["Writhe"],"score":2284,"play_id":"8ea74ace-ba78-4e73-8a97-cc717b567adf","local_time":"20210214230736","is_ascension_mode":true,"campfire_choices":[{"floor":7.0,"key":"REST"},{"floor":11.0,"key":"REST"},{"data":"Defragment","floor":15.0,"key":"SMITH"},{"data":"Defragment","floor":24.0,"key":"SMITH"},{"data":"Biased Cognition","floor":32.0,"key":"SMITH"},{"data":"Darkness","floor":40.0,"key":"SMITH"},{"floor":42.0,"key":"RECALL"},{"data":"Seek","floor":49.0,"key":"SMITH"}],"circlet_count":0,"master_deck":["AscendersBane","Dualcast+1","Biased Cognition+1","Defragment+1","Lockon+1","Cold Snap","Ball Lightning","Core Surge","Darkness+1","Conserve Battery+1","Electrodynamics","Self Repair","Sunder","Defragment+1","Glacier","Reinforced Body","Static Discharge","Core Surge+1","Doom and Gloom","Cold Snap+1","Self Repair","Self Repair","Glacier","Turbo","Reinforced Body","Chill","Lockon+1","Creative AI+1","Capacitor+1","Ball Lightning","Seek+1","Loop+1","Amplify","Coolheaded+1"],"relics":["Pandora\u0027s Box","SsserpentHead","Potion Belt","MealTicket","StoneCalendar","War Paint","Prayer Wheel","ClockworkSouvenir","Inserter","Frozen Egg 2","InkBottle","Gambling Chip","Bottled Lightning","Lantern","WingedGreaves","Velvet Choker","Du-Vu Doll","Ancient Tea Set","Calipers","Whetstone","Strawberry","Torii"],"acts_visited":["Exordium","TheCity","TheBeyond"],"potions_floor_usage":[51,51],"damage_taken":[{"damage":0.0,"enemies":"Small Slimes","floor":1.0,"turns":3.0},{"damage":0.0,"enemies":"Cultist","floor":3.0,"turns":2.0},{"damage":12.0,"enemies":"2 Louse","floor":5.0,"turns":3.0},{"damage":13.0,"enemies":"Lagavulin","floor":6.0,"turns":5.0},{"damage":1.0,"enemies":"Gremlin Nob","floor":8.0,"turns":3.0},{"damage":30.0,"enemies":"Lagavulin","floor":10.0,"turns":5.0},{"damage":0.0,"enemies":"Slime Boss","floor":16.0,"turns":5.0},{"damage":25.0,"enemies":"2 Thieves","floor":18.0,"turns":3.0},{"damage":10.0,"enemies":"Chosen","floor":19.0,"turns":4.0},{"damage":41.0,"enemies":"Shelled Parasite and Fungi","floor":20.0,"turns":7.0},{"damage":0.0,"enemies":"Snake Plant","floor":21.0,"turns":7.0},{"damage":0.0,"enemies":"Centurion and Healer","floor":22.0,"turns":6.0},{"damage":23.0,"enemies":"Gremlin Leader","floor":23.0,"turns":7.0},{"damage":35.0,"enemies":"Shelled Parasite and Fungi","floor":25.0,"turns":9.0},{"damage":16.0,"enemies":"Colosseum Slavers","floor":28.0,"turns":5.0},{"damage":26.0,"enemies":"Colosseum Nobs","floor":28.0,"turns":5.0},{"damage":0.0,"enemies":"Champ","floor":33.0,"turns":11.0},{"damage":0.0,"enemies":"3 Shapes","floor":35.0,"turns":5.0},{"damage":0.0,"enemies":"Mind Bloom Boss Battle","floor":39.0,"turns":8.0},{"damage":7.0,"enemies":"Giant Head","floor":45.0,"turns":8.0},{"damage":14.0,"enemies":"Orb Walker","floor":46.0,"turns":4.0},{"damage":3.0,"enemies":"Nemesis","floor":47.0,"turns":9.0},{"damage":11.0,"enemies":"2 Orb Walkers","floor":48.0,"turns":3.0},{"damage":43,"enemies":"Time Eater","floor":50,"turns":9},{"damage":0,"enemies":"Donu and Deca","floor":51,"turns":8}],"seed_played":"-1728572242913642008","potions_obtained":[{"floor":1.0,"key":"SpeedPotion"},{"floor":5.0,"key":"ColorlessPotion"},{"floor":10.0,"key":"BlessingOfTheForge"},{"floor":16.0,"key":"SteroidPotion"},{"floor":21.0,"key":"LiquidBronze"},{"floor":23.0,"key":"Dexterity Potion"},{"floor":25.0,"key":"Swift Potion"},{"floor":28.0,"key":"Explosive Potion"},{"floor":33.0,"key":"Explosive Potion"},{"floor":48.0,"key":"AttackPotion"}],"is_trial":false,"path_per_floor":["M","?","M","?","M","E","R","E","T","E","R","$","?","$","R","B",null,"M","M","M","M","M","E","R","M","T","$","?","$","?","?","R","B",null,"M","$","?","?","?","R","$","R","T","?","E","M","E","?","R","B","B",null],"character_chosen":"DEFECT","items_purchased":["Defragment","Glacier","Reinforced Body","ClockworkSouvenir","Lantern","Capacitor+1","Ancient Tea Set","LiquidMemories"],"campfire_rested":2,"item_purchase_floors":[12,12,12,14,29,36,41,41],"current_hp_per_floor":[64,64,64,53,41,28,49,48,48,25,46,61,61,71,71,71,71,46,43,16,37,58,56,56,42,42,57,36,51,51,51,51,71,71,71,71,71,71,71,71,71,71,71,71,71,64,78,74,74,59,73],"gold":581,"neow_bonus":"BOSS_RELIC","is_daily":false,"chose_seed":false,"campfire_upgraded":5,"win_rate":0.0,"timestamp":1613365656,"path_taken":["M","?","?","?","M","E","R","E","T","E","R","$","?","?","R","BOSS","M","M","M","?","M","E","R","M","T","?","?","$","?","?","R","BOSS","M","$","?","?","?","R","$","R","T","?","E","?","E","?","R","BOSS","BOSS"],"items_purchased_type":["Card","Card","Card","Relic","Relic","Card","Relic","Potion"],"build_version":"2020-12-22","purchased_purges":1,"victory":true,"max_hp_per_floor":[71,71,71,71,71,71,71,71,71,71,71,71,71,71,71,71,71,71,71,71,71,71,71,71,71,71,71,71,71,71,71,71,71,71,71,71,71,71,71,71,71,71,71,71,71,71,78,78,78,78,78],"relic_stats":{"Inserter":[56],"Torii":2,"counters":[25,144],"StoneCalendar":[445],"Whetstone":["Core Surge","Lockon"],"War Paint":["Dualcast","Conserve Battery"],"SsserpentHead":750,"Gambling Chip":[20],"Pandora\u0027s Box":["Biased Cognition","Defragment","Lockon","Cold Snap","Stack","Chaos","Ball Lightning","Core Surge"],"MealTicket":55,"Prayer Wheel":8,"obtain_stats":[{"Potion Belt":4,"Lantern":29,"Inserter":17,"Calipers":43,"Torii":48,"Velvet Choker":34,"StoneCalendar":8,"Whetstone":45,"War Paint":9,"Frozen Egg 2":23,"Ancient Tea Set":41,"ClockworkSouvenir":14,"Du-Vu Doll":39,"SsserpentHead":2,"Gambling Chip":28,"Strawberry":47,"Pandora\u0027s Box":0,"MealTicket":6,"Prayer Wheel":10,"WingedGreaves":30,"Bottled Lightning":28,"Cracked Core":0,"InkBottle":26},{"Potion Belt":2,"Lantern":16,"Inserter":7,"Calipers":19,"Torii":23,"Velvet Choker":17,"StoneCalendar":5,"Whetstone":20,"War Paint":5,"Frozen Egg 2":13,"Ancient Tea Set":19,"ClockworkSouvenir":6,"Du-Vu Doll":19,"SsserpentHead":1,"Gambling Chip":16,"Strawberry":22,"Pandora\u0027s Box":0,"MealTicket":4,"Prayer Wheel":6,"WingedGreaves":16,"Bottled Lightning":16,"Cracked Core":0,"InkBottle":14},{"Potion Belt":5,"Lantern":79,"Inserter":26,"Calipers":103,"Torii":127,"Velvet Choker":90,"StoneCalendar":16,"Whetstone":111,"War Paint":16,"Frozen Egg 2":60,"Ancient Tea Set":103,"ClockworkSouvenir":21,"Du-Vu Doll":103,"SsserpentHead":3,"Gambling Chip":79,"Strawberry":124,"Pandora\u0027s Box":0,"MealTicket":13,"Prayer Wheel":21,"WingedGreaves":79,"Bottled Lightning":79,"Cracked Core":0,"InkBottle":69}],"InkBottle":[26]},"card_choices":[{"not_picked":["Aggregate","Rebound"],"picked":"Darkness","floor":1.0},{"not_picked":["Compile Driver","Reprogram","Rebound"],"picked":"SKIP","floor":3.0},{"not_picked":["Leap","Scrape"],"picked":"Conserve Battery","floor":5.0},{"not_picked":["Reinforced Body","Cold Snap"],"picked":"Electrodynamics","floor":6.0},{"not_picked":["Auto Shields","Chaos"],"picked":"Self Repair","floor":8.0},{"not_picked":["Scrape","Rebound"],"picked":"Sunder","floor":10.0},{"not_picked":["Reboot","Fission"],"picked":"Core Surge","floor":16.0},{"not_picked":["Sweeping Beam+1","Stack"],"picked":"Doom and Gloom","floor":18.0},{"not_picked":["Steam","Rebound+1","Go for the Eyes"],"picked":"SKIP","floor":18.0},{"not_picked":["Skim","Tempest"],"picked":"Cold Snap+1","floor":19.0},{"not_picked":["FTL","Lockon"],"picked":"Self Repair","floor":19.0},{"not_picked":["Redo+1","Go for the Eyes"],"picked":"Self Repair","floor":20.0},{"not_picked":["Rebound","Steam","Rip and Tear+1"],"picked":"SKIP","floor":20.0},{"not_picked":["Compile Driver","Gash","Steam Power"],"picked":"SKIP","floor":21.0},{"not_picked":["Chaos","Stack","Streamline"],"picked":"SKIP","floor":21.0},{"not_picked":["White Noise","Steam"],"picked":"Glacier","floor":22.0},{"not_picked":["Heatsinks","Go for the Eyes","Core Surge"],"picked":"SKIP","floor":22.0},{"not_picked":["Recycle","Hologram","Steam"],"picked":"SKIP","floor":23.0},{"not_picked":["Sweeping Beam","Ball Lightning"],"picked":"Turbo","floor":25.0},{"not_picked":["Melter","Gash","Sweeping Beam"],"picked":"SKIP","floor":25.0},{"not_picked":["Hologram","Auto Shields"],"picked":"Reinforced Body","floor":28.0},{"not_picked":["Reboot","Multi-Cast"],"picked":"Creative AI+1","floor":33.0},{"not_picked":["Aggregate","Cold Snap","Stack+1"],"picked":"SKIP","floor":35.0},{"not_picked":["Aggregate+1","Rip and Tear","Steam Power"],"picked":"SKIP","floor":35.0},{"not_picked":["Go for the Eyes","Compile Driver"],"picked":"Ball Lightning","floor":39.0},{"not_picked":["Ball Lightning+1","Sweeping Beam"],"picked":"Seek","floor":45.0},{"not_picked":["Auto Shields","Hello World+1"],"picked":"Loop+1","floor":46.0},{"not_picked":["Undo","Coolheaded","Cold Snap"],"picked":"SKIP","floor":46.0},{"not_picked":["Double Energy+1","Lockon"],"picked":"Amplify","floor":47.0},{"not_picked":["Hello World+1","Hologram+1"],"picked":"Coolheaded+1","floor":48.0}],"player_experience":1140435,"relics_obtained":[{"floor":6.0,"key":"MealTicket"},{"floor":8.0,"key":"StoneCalendar"},{"floor":9.0,"key":"War Paint"},{"floor":10.0,"key":"Prayer Wheel"},{"floor":23.0,"key":"Frozen Egg 2"},{"floor":26.0,"key":"InkBottle"},{"floor":28.0,"key":"Gambling Chip"},{"floor":28.0,"key":"Bottled Lightning"},{"floor":39.0,"key":"Du-Vu Doll"},{"floor":43.0,"key":"Calipers"},{"floor":45.0,"key":"Whetstone"},{"floor":47.0,"key":"Strawberry"},{"floor":48.0,"key":"Torii"}],"event_choices":[{"damage_healed":0.0,"max_hp_gain":0.0,"max_hp_loss":0.0,"gold_gain":0.0,"event_name":"FaceTrader","player_choice":"Trade","floor":2.0,"gold_loss":0.0,"damage_taken":0.0,"relics_obtained":["SsserpentHead"]},{"damage_healed":0.0,"max_hp_gain":0.0,"max_hp_loss":0.0,"gold_gain":0.0,"event_name":"Scrap Ooze","player_choice":"Success","floor":4.0,"gold_loss":0.0,"damage_taken":11.0,"relics_obtained":["Potion Belt"]},{"damage_healed":0.0,"max_hp_gain":0.0,"max_hp_loss":0.0,"gold_gain":0.0,"cards_transformed":["Chaos"],"event_name":"Living Wall","player_choice":"Change","floor":13.0,"gold_loss":0.0,"damage_taken":0.0,"cards_obtained":["Static Discharge"]},{"damage_healed":0.0,"max_hp_gain":0.0,"max_hp_loss":0.0,"gold_gain":0.0,"event_name":"Colosseum","player_choice":"Fight","floor":28.0,"gold_loss":0.0,"damage_taken":0.0},{"damage_healed":0.0,"max_hp_gain":0.0,"max_hp_loss":0.0,"gold_gain":0.0,"event_name":"Colosseum","player_choice":"Fought Nobs","floor":28.0,"gold_loss":0.0,"damage_taken":0.0},{"damage_healed":0.0,"max_hp_gain":0.0,"max_hp_loss":0.0,"gold_gain":0.0,"event_name":"The Mausoleum","player_choice":"Opened","floor":30.0,"gold_loss":0.0,"damage_taken":0.0,"relics_obtained":["WingedGreaves"],"cards_obtained":["Writhe"]},{"damage_healed":0.0,"max_hp_gain":0.0,"max_hp_loss":0.0,"gold_gain":0.0,"cards_transformed":["Zap","Stack"],"event_name":"Drug Dealer","player_choice":"Became Test Subject","floor":31.0,"gold_loss":0.0,"damage_taken":0.0,"cards_obtained":["Chill","Lockon"]},{"damage_healed":0.0,"max_hp_gain":0.0,"max_hp_loss":0.0,"gold_gain":0.0,"event_name":"SensoryStone","player_choice":"Memory 1","floor":37.0,"gold_loss":0.0,"damage_taken":0.0},{"damage_healed":0.0,"max_hp_gain":0.0,"max_hp_loss":0.0,"gold_gain":0.0,"event_name":"Tomb of Lord Red Mask","player_choice":"Ignored","floor":38.0,"gold_loss":0.0,"damage_taken":0.0},{"damage_healed":0.0,"max_hp_gain":0.0,"max_hp_loss":0.0,"gold_gain":0.0,"event_name":"MindBloom","player_choice":"Fight","floor":39.0,"gold_loss":0.0,"damage_taken":0.0},{"damage_healed":0.0,"max_hp_gain":0.0,"max_hp_loss":0.0,"gold_gain":0.0,"event_name":"Upgrade Shrine","player_choice":"Upgraded","floor":44.0,"gold_loss":0.0,"damage_taken":0.0,"cards_upgraded":["Lockon"]},{"damage_healed":0.0,"max_hp_gain":0.0,"max_hp_loss":0.0,"gold_gain":0.0,"event_name":"Mysterious Sphere","player_choice":"Fight","floor":48.0,"gold_loss":0.0,"damage_taken":0.0}],"is_beta":false,"boss_relics":[{"not_picked":["Fusion Hammer","Black Star"],"picked":"Inserter"},{"not_picked":["Calling Bell","Cursed Key"],"picked":"Velvet Choker"}],"items_purged_floors":[36],"is_endless":false,"potions_floor_spawned":[1,5,10,16,19,21,23,25,28,28,33,45,48],"ascension_level":20}}