{"host":"ura9vbtm363prie8","time":1613372431,"event":{"mods":["BaseMod","JesterMod","Minty Spire (QoL Compilation)","Prisma Mod","Remilia£®¿Ÿ√◊¿Ú—«£©","StSLib","The Alterego","The Bug Knight","The Servant 0.9.4","Youmu£®ªÍ∆«—˝√Œ£©"],"gold_per_floor":[113,123,79,90,106,106,106],"floor_reached":6,"language":"ZHT","playtime":1436,"items_purged":[],"score":38,"play_id":"ac70a393-cec4-4c52-8c5c-558dc3854a3c","local_time":"20210215150031","is_ascension_mode":false,"campfire_choices":[],"circlet_count":0,"master_deck":["alterego_mod:Strike","alterego_mod:Strike","alterego_mod:Strike","alterego_mod:Strike","alterego_mod:Defend","alterego_mod:Defend","alterego_mod:Defend","alterego_mod:Defend","alterego_mod:Impale","alterego_mod:BigMeatyClaws","alterego_mod:BrynhildrsRune","alterego_mod:Santa","alterego_mod:Undulate","alterego_mod:Stockings","alterego_mod:HighServant"],"relics":["alterego_mod:MasochisticConstitution"],"acts_visited":["Exordium"],"potions_floor_usage":[6,6],"damage_taken":[{"damage":11,"enemies":"Cultist","floor":1,"turns":6},{"damage":28,"enemies":"Jaw Worm","floor":2,"turns":6},{"damage":11,"enemies":"Small Slimes","floor":4,"turns":5},{"damage":18,"enemies":"3 Louse","floor":5,"turns":5},{"damage":61,"enemies":"Gremlin Nob","floor":6,"turns":4}],"seed_played":"-8399285701717808196","potions_obtained":[{"floor":4,"key":"Strength Potion"},{"floor":5,"key":"SkillPotion"}],"is_trial":false,"path_per_floor":["M","M","?","M","M","E"],"character_chosen":"The_Alterego","items_purchased":[],"campfire_rested":0,"item_purchase_floors":[],"current_hp_per_floor":[67,44,44,41,34,0,0],"gold":106,"neow_bonus":"TEN_PERCENT_HP_BONUS","is_daily":false,"chose_seed":false,"campfire_upgraded":0,"win_rate":0.0,"timestamp":1613372431,"path_taken":["M","?","?","M","M","E"],"items_purchased_type":[],"build_version":"2020-12-22","purchased_purges":0,"victory":false,"max_hp_per_floor":[78,79,79,80,81,81,81],"card_choices":[{"not_picked":["alterego_mod:PerceptionDisorder","alterego_mod:Jiggle"],"picked":"alterego_mod:Santa","floor":1},{"not_picked":["alterego_mod:Bloomers","alterego_mod:Clones"],"picked":"alterego_mod:Undulate","floor":2},{"not_picked":["alterego_mod:Swimsuit","alterego_mod:PerceptionDisorder"],"picked":"alterego_mod:Stockings","floor":4},{"not_picked":["alterego_mod:PerceptionDisorder","alterego_mod:SuperDuperMasochism"],"picked":"alterego_mod:HighServant","floor":5}],"player_experience":69943,"relics_obtained":[],"event_choices":[{"damage_healed":0,"gold_gain":0,"player_choice":"Left Gold","damage_taken":0,"max_hp_gain":0,"max_hp_loss":0,"event_name":"World of Goop","floor":3,"gold_loss":44}],"is_beta":false,"boss_relics":[],"items_purged_floors":[],"is_endless":false,"potions_floor_spawned":[4,5],"killed_by":"Gremlin Nob","ascension_level":0}}