{"host":"2c84cb4cp1emursg","time":1613383408,"event":{"mods":["Act Like it!","BaseMod","Better Third Choice","Bossed Relics","Hermit","Mimic Mod","Minty Spire (QoL Compilation)","Permanent Neow","StSLib"],"gold_per_floor":[119,130,130,10,27,59,59,103,128,128,128],"floor_reached":10,"language":"ENG","playtime":398,"items_purged":["Strike_G"],"score":91,"play_id":"f12ea91b-58ad-41d3-b14e-a1e833e17b4f","local_time":"20210215030328","is_ascension_mode":true,"campfire_choices":[],"circlet_count":0,"master_deck":["Strike_G","Strike_G","Strike_G","Strike_G","Defend_G","Defend_G","Defend_G","Defend_G","Defend_G","Survivor","Neutralize","Bouncing Flask","Blade Dance","Quick Slash","Dagger Throw","Noxious Fumes","Blade Dance","Poisoned Stab"],"relics":["Tiny House","Smiling Mask","Bag of Preparation","Golden Idol","Boot","Toy Ornithopter"],"acts_visited":["Exordium"],"potions_floor_usage":[6],"damage_taken":[{"damage":7,"enemies":"Cultist","floor":1,"turns":5},{"damage":4,"enemies":"Jaw Worm","floor":2,"turns":3},{"damage":7,"enemies":"Small Slimes","floor":5,"turns":3},{"damage":6,"enemies":"Gremlin Nob","floor":6,"turns":4},{"damage":10,"enemies":"Lagavulin","floor":8,"turns":6},{"damage":15,"enemies":"Gremlin Nob","floor":10,"turns":2}],"seed_played":"-7550741147836192368","potions_obtained":[{"floor":5,"key":"PowerPotion"}],"is_trial":false,"path_per_floor":["M","M","?","$","M","E","?","E","T","E"],"character_chosen":"THE_SILENT","items_purchased":["Quick Slash","Dagger Throw"],"campfire_rested":0,"item_purchase_floors":[4,4],"current_hp_per_floor":[63,59,47,47,40,34,17,7,7,0,0],"gold":128,"neow_bonus":"BOSS_RELIC","is_daily":false,"chose_seed":false,"campfire_upgraded":0,"win_rate":0.0,"timestamp":1613383408,"path_taken":["M","M","?","?","M","E","?","E","T","E"],"items_purchased_type":["Card","Card"],"build_version":"2020-12-22","purchased_purges":1,"victory":false,"max_hp_per_floor":[70,70,70,70,70,70,70,70,70,70,70],"card_choices":[{"not_picked":["PiercingWail","Dagger Spray"],"picked":"Bouncing Flask","floor":1},{"not_picked":["Tools of the Trade","Dagger Spray"],"picked":"Blade Dance","floor":2},{"not_picked":["Underhanded Strike","Bane"],"picked":"Noxious Fumes","floor":5},{"not_picked":["Bane","PiercingWail"],"picked":"Blade Dance","floor":6},{"not_picked":["Prepared","Deflect"],"picked":"Poisoned Stab","floor":8}],"player_experience":471165,"relics_obtained":[{"floor":6,"key":"Bag of Preparation"},{"floor":8,"key":"Boot"},{"floor":9,"key":"Toy Ornithopter"}],"event_choices":[{"damage_healed":0,"gold_gain":0,"player_choice":"Relic ","damage_taken":12,"max_hp_gain":0,"max_hp_loss":0,"event_name":"betterThird:BetterScrap","floor":3,"gold_loss":0,"cards_obtained":["Lockon"]},{"damage_healed":0,"gold_gain":0,"player_choice":"Take Damage","damage_taken":17,"relics_obtained":["Golden Idol"],"max_hp_gain":0,"max_hp_loss":0,"event_name":"Golden Idol","floor":7,"gold_loss":0}],"is_beta":false,"boss_relics":[],"items_purged_floors":[4],"is_endless":false,"potions_floor_spawned":[5],"killed_by":"Gremlin Nob","ascension_level":4}}