{"host":"04aht2z7d1qbuefv","time":1613413436,"event":{"mods":["AchievementEnabler","BaseMod","Downfall","Minty Spire (QoL Compilation)","StSLib","The Cursed","The Necromancer"],"gold_per_floor":[99,116,126,145,157,171,171,171,181,23,50,68,68,87,105,105,105,105],"floor_reached":16,"language":"SPA","playtime":817,"items_purged":[],"score":108,"play_id":"28711ea9-fec7-4c1b-8753-89e989649fa6","local_time":"20210215152356","is_ascension_mode":false,"campfire_choices":[{"floor":1,"key":"RECALL"},{"floor":13,"key":"REST"}],"circlet_count":0,"master_deck":["bronze:Strike","bronze:Strike","bronze:Strike","bronze:Strike","bronze:Defend","bronze:Defend","bronze:Defend","bronze:Defend","bronze:Replicate","bronze:Goto","bronze:ChosenStrike","bronze:CutThrough","bronze:Verify","bronze:FineTuning","bronze:MaxOutput","bronze:Optimize","bronze:ClassDefault"],"relics":["bronze:BronzeCore","downfall:BrokenWingStatue","Membership Card","Bottled Tornado"],"acts_visited":["Exordium"],"potions_floor_usage":[10,11,11,16],"damage_taken":[{"damage":2,"enemies":"2 Louse","floor":2,"turns":3},{"damage":0,"enemies":"Cultist","floor":3,"turns":4},{"damage":6,"enemies":"Jaw Worm","floor":4,"turns":3},{"damage":6,"enemies":"3 Louse","floor":5,"turns":5},{"damage":7,"enemies":"Blue Slaver","floor":6,"turns":2},{"damage":16,"enemies":"Large Slime","floor":9,"turns":4},{"damage":5,"enemies":"downfall:FleeingMerchant","floor":10,"turns":4},{"damage":11,"enemies":"3 Sentries","floor":11,"turns":7},{"damage":8,"enemies":"Lots of Slimes","floor":12,"turns":4},{"damage":2,"enemies":"3 Louse","floor":14,"turns":3},{"damage":5,"enemies":"Exordium Thugs","floor":15,"turns":3},{"damage":36,"enemies":"IC_STATUS_ARCHETYPE","floor":16,"turns":4}],"seed_played":"-2161278010795953285","potions_obtained":[{"floor":2,"key":"Fire Potion"},{"floor":6,"key":"CultistPotion"},{"floor":9,"key":"EssenceOfSteel"},{"floor":15,"key":"bronze:BurnAndBuffPotion"}],"is_trial":false,"path_per_floor":["R","M","M","M","M","M","T","?","M","$","E","M","R","M","M","B"],"character_chosen":"THE_AUTOMATON","items_purchased":["Membership Card"],"campfire_rested":1,"item_purchase_floors":[10],"current_hp_per_floor":[77,75,75,69,63,56,56,56,40,35,24,16,39,37,32,0,0,0],"gold":105,"neow_bonus":"TEN_PERCENT_HP_BONUS","is_daily":false,"chose_seed":false,"campfire_upgraded":0,"win_rate":0.0,"timestamp":1613413436,"path_taken":["R","M","M","M","M","M","T","?","M","$","E","M","R","M","M","BOSS"],"items_purchased_type":["Relic"],"build_version":"2020-12-22","purchased_purges":0,"victory":false,"max_hp_per_floor":[77,77,77,77,77,77,77,77,77,77,77,77,77,77,77,77,77,77],"card_choices":[{"not_picked":["bronze:FollowUp","bronze:BitShift"],"picked":"bronze:ChosenStrike","floor":2},{"not_picked":["bronze:OilSpill","bronze:DigitalCarnage","bronze:Frontload"],"picked":"SKIP","floor":3},{"not_picked":["bronze:Return","bronze:OilSpill"],"picked":"bronze:CutThrough","floor":4},{"not_picked":["bronze:Separator","bronze:Deprecate"],"picked":"bronze:Verify","floor":5},{"not_picked":["bronze:Constructor","bronze:BugBarrage"],"picked":"bronze:FineTuning","floor":6},{"not_picked":["bronze:BugBarrage","bronze:FineTuning"],"picked":"bronze:MaxOutput","floor":9},{"not_picked":["bronze:Shield","bronze:BitShift","bronze:OilSpill"],"picked":"SKIP","floor":10},{"not_picked":["bronze:Allocate","bronze:ItsAFeature"],"picked":"bronze:Optimize","floor":11},{"not_picked":["bronze:Frontload","bronze:CutThrough"],"picked":"bronze:ClassDefault","floor":12},{"not_picked":["bronze:BugBarrage","bronze:BurnOut","bronze:Invalidate"],"picked":"SKIP","floor":14},{"not_picked":["bronze:Iterate","bronze:OilSpill","bronze:Separator"],"picked":"SKIP","floor":15}],"player_experience":182059,"relics_obtained":[{"floor":11,"key":"Bottled Tornado"}],"event_choices":[],"is_beta":false,"boss_relics":[],"items_purged_floors":[],"is_endless":false,"potions_floor_spawned":[2,6,9,15],"killed_by":"IC_STATUS_ARCHETYPE","ascension_level":0}}