{"host":"l7l2v2zs4hqku4vk","time":1613370602,"event":{"mods":["Act Like it!","BaseMod","Colored Powertips","Downfall","Highlight Path","Minty Spire (QoL Compilation)","Replay The Spire","RumiaBox-露米娅的神秘盒子","StSLib","TestMod","The Servant 0.9.4","篝火指南"],"gold_per_floor":[99,301,41,41,41,41,52,52,52,52,52,83,83,31,31,45,60,163,163,163,181,201,214,214,214,265,73,107,7,7,277,277,297,315,417,417,317,327,339,349,249,249,249,168,168,68,98,112,112,128,140,140,140,168,43,43,43,43],"floor_reached":59,"language":"ZHS","playtime":9745,"items_purged":["Guardian:Strike_Guardian","downfall:Bewildered","Guardian:Strike_Guardian"],"score":1258,"play_id":"977b9ea5-bf32-4891-a304-6ea765cfc3f2","local_time":"20210215143002","is_ascension_mode":false,"campfire_choices":[{"data":"Guardian:TwinSlam","floor":1,"key":"SMITH"},{"data":"Guardian:RollAttack","floor":8,"key":"SMITH"},{"floor":10,"key":"RECALL"},{"data":"Guardian:Planning","floor":13,"key":"SMITH"},{"data":"Guardian:CrystalBeam","floor":20,"key":"SMITH"},{"data":"Guardian:TimeBomb","floor":25,"key":"SMITH"},{"data":"expansioncontent:StudyTheSpire","floor":29,"key":"SMITH"},{"data":"Guardian:RevengeProtocol","floor":37,"key":"SMITH"},{"data":"Guardian:TimeCapacitor","floor":46,"key":"SMITH"},{"data":"Guardian:RevengeProtocol","floor":49,"key":"SMITH"},{"data":"Guardian:SpikerProtocol","floor":56,"key":"SMITH"}],"circlet_count":0,"master_deck":["Guardian:Strike_Guardian","Guardian:Defend_Guardian","Guardian:Defend_Guardian","Guardian:Defend_Guardian","Guardian:Defend_Guardian","Guardian:CurlUp","Guardian:TwinSlam+1","Guardian:Recover","Guardian:Reroute","Guardian:RollAttack+1","Guardian:Planning+1","Guardian:ArmoredProtocol","Guardian:CrystalBeam+1","Guardian:TimeBomb+1","expansioncontent:StudyTheSpire+1","Guardian:PiercingHide","expansioncontent:StudyTheSpire+1","Guardian:SpikerProtocol+1","Guardian:RevengeProtocol+1","Guardian:RevengeProtocol+1","Guardian:Incinerate","Guardian:TimeCapacitor+1","Guardian:SentryBeam+1","Guardian:FloatingOrbs","Guardian:Repulse"],"relics":["Guardian:ModeShifter","testmod-TestBox","testmod-RandomTest","Shuriken","testmod-RealStoneCalender","Mummified Hand","MagicDraw3","Replay:WaspNest","testmod-NegativeEmotionEnhancer","ZombieArmy","Pear","downfall:HeartBlessingRed","sneckomod:BabySnecko","SoulBox","downfall:HeartBlessingGreen","downfall:HeartBlessingBlue","Orichalcum","Replay:Baseball"],"acts_visited":["Exordium","TheCity","TheBeyond","TheEnding"],"potions_floor_usage":[35,35,52,57],"damage_taken":[{"damage":5,"enemies":"downfall:FleeingMerchant","floor":3,"turns":4},{"damage":2,"enemies":"Small Slimes","floor":7,"turns":3},{"damage":13,"enemies":"3 Sentries","floor":12,"turns":5},{"damage":5,"enemies":"downfall:FleeingMerchant","floor":14,"turns":4},{"damage":1,"enemies":"Cultist","floor":16,"turns":3},{"damage":11,"enemies":"Jaw Worm","floor":17,"turns":2},{"damage":4,"enemies":"WA_ARCHETYPE_RETAIN","floor":18,"turns":5},{"damage":22,"enemies":"Shell Parasite","floor":21,"turns":4},{"damage":4,"enemies":"Chosen","floor":22,"turns":3},{"damage":0,"enemies":"Centurion and Healer","floor":23,"turns":5},{"damage":5,"enemies":"downfall:FleeingMerchant","floor":27,"turns":4},{"damage":27,"enemies":"Slavers","floor":28,"turns":4},{"damage":30,"enemies":"downfall:FleeingMerchant","floor":31,"turns":3},{"damage":7,"enemies":"3 Cultists","floor":33,"turns":3},{"damage":6,"enemies":"Snecko","floor":34,"turns":3},{"damage":2,"enemies":"DF_ARCHETYPE_CLAW","floor":35,"turns":4},{"damage":1,"enemies":"Orb Walker","floor":38,"turns":4},{"damage":0,"enemies":"3 Darklings","floor":39,"turns":3},{"damage":0,"enemies":"Maw","floor":40,"turns":6},{"damage":5,"enemies":"Reptomancer","floor":47,"turns":5},{"damage":0,"enemies":"Spire Growth","floor":48,"turns":4},{"damage":16,"enemies":"3 Darklings","floor":50,"turns":3},{"damage":5,"enemies":"4 Shapes","floor":51,"turns":3},{"damage":0,"enemies":"IC_BLOCK_ARCHETYPE","floor":52,"turns":6},{"damage":5,"enemies":"downfall:CharBossMerchant","floor":54,"turns":6},{"damage":14,"enemies":"downfall:NeowBoss","floor":57,"turns":12},{"damage":23,"enemies":"downfall:NeowBossFinal","floor":58,"turns":9}],"seed_played":"386272032960268955","potions_obtained":[{"floor":12,"key":"SpeedPotion"},{"floor":17,"key":"SpeedPotion"},{"floor":18,"key":"Strength Potion"},{"floor":28,"key":"AttackPotion"},{"floor":34,"key":"Elixir"},{"floor":35,"key":"Energy Potion"},{"floor":47,"key":"PowerPotion"},{"floor":54,"key":"DuplicationPotion"}],"is_trial":false,"path_per_floor":["R","?","$","T","PTL","PTL","M","R","T","R","T","E","R","$","?","M","M","B",null,"R","M","M","M","?","R","T","$","E","R","?","$","?","M","M","B",null,"R","M","M","M","$","?","T","$","?","R","E","M","R","M","M","B",null,"E","$","R","B","B",null],"character_chosen":"GUARDIAN","items_purchased":["Shuriken","Guardian:ArmoredProtocol","expansioncontent:StudyTheSpire","Guardian:TimeCapacitor"],"campfire_rested":0,"item_purchase_floors":[3,14,27,44],"current_hp_per_floor":[88,88,83,83,83,83,81,81,81,81,81,68,68,63,63,62,51,47,88,88,68,66,69,69,69,69,65,52,52,52,24,24,21,17,19,107,107,108,109,110,110,110,110,110,110,120,118,120,120,123,121,124,125,122,122,122,115,94],"gold":43,"neow_bonus":"TEN_PERCENT_HP_BONUS","is_daily":false,"chose_seed":false,"campfire_upgraded":10,"win_rate":0.0,"timestamp":1613370602,"path_taken":["R","?","$","?","PTL","PTL","?","R","T","R","?","E","R","$","?","M","M","BOSS","R","M","M","M","?","R","T","$","E","R","?","?","?","?","M","BOSS","R","M","M","?","$","?","T","$","?","R","E","M","R","M","M","BOSS","E","$","R","BOSS","BOSS"],"items_purchased_type":["Relic","Card","Card","Card"],"build_version":"2020-12-22","purchased_purges":3,"victory":true,"max_hp_per_floor":[88,88,88,88,88,88,88,88,88,88,88,88,88,88,88,88,88,88,88,88,89,90,91,91,91,91,92,103,103,103,104,104,105,106,107,107,107,108,109,110,110,110,110,110,110,120,121,122,122,123,124,125,125,126,126,126,127,128],"card_choices":[{"not_picked":["Guardian:Gem_Cyan","Guardian:TemporalStrike"],"picked":"Guardian:Recover","floor":2},{"not_picked":["Guardian:Gem_Purple","Guardian:PolyBeam"],"picked":"Guardian:Reroute","floor":3},{"not_picked":["Guardian:TemporalStrike","Guardian:PolyBeam"],"picked":"Guardian:RollAttack","floor":7},{"not_picked":["Guardian:Incinerate","Guardian:Emergency"],"picked":"Guardian:Planning","floor":12},{"not_picked":["Guardian:TemporalStrike","Guardian:Emergency"],"picked":"Guardian:Gem_Red","floor":14},{"not_picked":["Guardian:Harden","Guardian:ChargeCore"],"picked":"Guardian:CrystalBeam","floor":16},{"not_picked":["Guardian:ArmoredProtocol","Guardian:TemporalShield"],"picked":"Guardian:Gem_Fragmented","floor":17},{"not_picked":["Guardian:RevengeProtocol","Guardian:BaubleBeam"],"picked":"Guardian:Gem_Synthetic","floor":18},{"not_picked":["Guardian:Suspension","Guardian:ChargeCore"],"picked":"Guardian:TimeBomb","floor":21},{"not_picked":["Guardian:PiercingHide+1","Guardian:Reroute+1"],"picked":"Guardian:Gem_Lightblue","floor":22},{"not_picked":["Guardian:ShieldCharger","Guardian:PrimingBeam"],"picked":"Guardian:Gem_Lightblue","floor":23},{"not_picked":["Guardian:Suspension","Guardian:RollAttack"],"picked":"Guardian:Gem_Lightblue","floor":27},{"not_picked":["Guardian:PolyBeam","Guardian:Gem_Purple","Guardian:Repulse+1"],"picked":"SKIP","floor":28},{"not_picked":["Guardian:PolyBeam","Guardian:Repulse+1"],"picked":"Guardian:Gem_Purple","floor":28},{"not_picked":["Guardian:TemporalStrike","Guardian:MultiBeam"],"picked":"Guardian:PiercingHide","floor":31},{"not_picked":["Guardian:PolyBeam","Guardian:Recover"],"picked":"Guardian:SpikerProtocol","floor":33},{"not_picked":["Guardian:WalkerClaw","Guardian:Reroute+1"],"picked":"Guardian:RevengeProtocol","floor":34},{"not_picked":["Guardian:StasisField","Guardian:BaubleBeam"],"picked":"Guardian:RevengeProtocol","floor":35},{"not_picked":["Guardian:Gem_Cyan","Guardian:RollAttack+1"],"picked":"Guardian:Gem_Green","floor":38},{"not_picked":["Guardian:Gem_Green","Guardian:CrystalBeam"],"picked":"Guardian:Incinerate","floor":39},{"not_picked":["Guardian:SphericShield","Guardian:Gem_Red","Guardian:PiercingHide+1"],"picked":"SKIP","floor":40},{"not_picked":["Guardian:ChargeCore","Guardian:Gem_Red","Guardian:Gem_Green"],"picked":"SKIP","floor":47},{"not_picked":["Guardian:PrimingBeam+1","Guardian:ShieldCharger","Guardian:HyperBeam_Guardian"],"picked":"SKIP","floor":48},{"not_picked":["Guardian:Harden","Guardian:Reroute"],"picked":"Guardian:SentryBeam+1","floor":50},{"not_picked":["Guardian:Gem_Lightblue","Guardian:BronzeOrb"],"picked":"Guardian:FloatingOrbs","floor":51},{"not_picked":["Guardian:Gem_Cyan","Guardian:Gem_Green"],"picked":"Guardian:Repulse","floor":54}],"player_experience":1787173,"relics_obtained":[{"floor":4,"key":"testmod-RealStoneCalender"},{"floor":9,"key":"Mummified Hand"},{"floor":11,"key":"MagicDraw3"},{"floor":12,"key":"Replay:WaspNest"},{"floor":26,"key":"ZombieArmy"},{"floor":28,"key":"Pear"},{"floor":47,"key":"Orichalcum"},{"floor":54,"key":"Replay:Baseball"}],"event_choices":[{"cards_removed":["Guardian:Strike_Guardian"],"damage_healed":0,"gold_gain":0,"player_choice":"Card Removal","damage_taken":0,"max_hp_gain":0,"max_hp_loss":0,"event_name":"The Cleric","floor":15,"gold_loss":0},{"damage_healed":0,"gold_gain":0,"player_choice":"Ignored","damage_taken":0,"max_hp_gain":0,"max_hp_loss":0,"event_name":"给自己的盒子","floor":24,"gold_loss":0},{"damage_healed":0,"gold_gain":0,"player_choice":"Ignored","damage_taken":0,"max_hp_gain":0,"max_hp_loss":0,"event_name":"Mysterious Sphere","floor":42,"gold_loss":0},{"damage_healed":0,"gold_gain":0,"player_choice":"Full Heal","damage_taken":0,"max_hp_gain":0,"max_hp_loss":0,"event_name":"Wheel of Change","floor":45,"gold_loss":0}],"is_beta":false,"boss_relics":[{"not_picked":["testmod-Prudence","Guardian:ModeShifterPlus"],"picked":"testmod-NegativeEmotionEnhancer"},{"not_picked":["ReplayTheSpireMod:DimensionalGlitch","Honey Jar"],"picked":"SoulBox"}],"items_purged_floors":[31,41,55],"is_endless":false,"potions_floor_spawned":[12,17,18,28,33,34,35,47,51,54],"ascension_level":0}}