{"host":"tom9euzqew4po1rs","time":1613421711,"event":{"mods":["BaseMod","Curses Come First","Downfall","Minty Spire (QoL Compilation)","Quick Restart","Rare Cards Sparkle","Replay The Spire","StSLib"],"gold_per_floor":[114,7,22,22,40,40,56,56,56,83,83,102,118,118,118,219,219,236,209,220,64,64,64,64,64,64,64,117,137,154,169,169,180,180,180,180,180],"floor_reached":35,"language":"ENG","playtime":2277,"items_purged":[],"score":251,"play_id":"51b5537b-aad6-4929-abc1-8fa55c181758","local_time":"20210215154151","is_ascension_mode":false,"campfire_choices":[{"data":"bronze:AlphaBuild","floor":6,"key":"SMITH"},{"data":"bronze:ItsAFeature","floor":8,"key":"SMITH"},{"floor":11,"key":"RECALL"},{"data":"bronze:Allocate","floor":15,"key":"SMITH"},{"floor":23,"key":"REST"},{"floor":27,"key":"REST"},{"floor":32,"key":"REST"},{"data":"bronze:BuggyMess","floor":34,"key":"SMITH"}],"circlet_count":0,"master_deck":["bronze:Strike","bronze:Strike","bronze:Strike","bronze:Defend","bronze:Defend","bronze:Defend","bronze:Defend","bronze:Replicate","bronze:Goto","bronze:BuggyMess","bronze:Allocate+1","bronze:ItsAFeature+1","bronze:BugBarrage","bronze:AlphaBuild+1","bronze:ClassDefault","bronze:Repulsor","bronze:BurnOut","bronze:Optimize","bronze:Mutator","CurseOfTheBell","bronze:MaxOutput+1","bronze:BitShift","bronze:ChildClass+1","bronze:DelayedGuard","bronze:ChosenStrike+1","bronze:BurnOut","bronze:FineTuning","bronze:BuggyMess+1","bronze:ChildClass","bronze:MaxOutput+1","bronze:Verify+1","bronze:BronzeOrb+1","bronze:ChosenStrike"],"relics":["bronze:BronzeCore","Matryoshka","Replay:Mystery Machine","Strawberry","Calling Bell","Centennial Puzzle","Frozen Egg 2","Prayer Wheel","Toy Ornithopter","Omamori","Garlic"],"acts_visited":["Exordium","TheCity"],"potions_floor_usage":[12,13,29,33,33,35],"damage_taken":[{"damage":0,"enemies":"Small Slimes","floor":1,"turns":3},{"damage":6,"enemies":"Jaw Worm","floor":3,"turns":6},{"damage":1,"enemies":"Cultist","floor":5,"turns":3},{"damage":12,"enemies":"3 Louse","floor":7,"turns":5},{"damage":0,"enemies":"Looter","floor":12,"turns":2},{"damage":0,"enemies":"Lots of Slimes","floor":13,"turns":6},{"damage":44,"enemies":"Hexaghost","floor":16,"turns":11},{"damage":23,"enemies":"Chosen","floor":18,"turns":7},{"damage":21,"enemies":"2 Thieves","floor":19,"turns":5},{"damage":25,"enemies":"Centurion and Healer","floor":20,"turns":4},{"damage":13,"enemies":"Snake Plant","floor":29,"turns":4},{"damage":21,"enemies":"Snecko","floor":30,"turns":4},{"damage":17,"enemies":"Centurion and Healer","floor":31,"turns":6},{"damage":4,"enemies":"Chosen and Byrds","floor":33,"turns":4},{"damage":56,"enemies":"Automaton","floor":35,"turns":8}],"seed_played":"-5410346763076867196","potions_obtained":[{"floor":1,"key":"SkillPotion"},{"floor":7,"key":"LifebloodPotion"},{"floor":19,"key":"Languid Potion"},{"floor":29,"key":"LiquidBronze"},{"floor":31,"key":"Fire Potion"},{"floor":33,"key":"Dexterity Potion"}],"is_trial":false,"path_per_floor":["M","$","M","?","M","R","M","R","T","T","R","M","M","?","R","B",null,"M","M","M","$","?","R","?","PTL","PTL","R","T","M","M","M","R","M","R","B"],"character_chosen":"THE_AUTOMATON","items_purchased":["bronze:Allocate","bronze:ItsAFeature","Toy Ornithopter"],"campfire_rested":3,"item_purchase_floors":[2,2,21],"current_hp_per_floor":[75,75,69,69,68,68,56,56,56,63,63,63,63,82,82,38,82,59,38,13,13,13,37,37,37,37,61,61,53,32,15,39,45,45,0,0,0],"gold":180,"neow_bonus":"RANDOM_EVENT","is_daily":false,"chose_seed":false,"campfire_upgraded":4,"win_rate":0.0,"timestamp":1613421711,"path_taken":["M","$","M","?","M","R","M","R","T","?","R","M","M","?","R","BOSS","M","?","M","$","?","R","?","PTL","PTL","R","T","M","M","M","R","M","R","BOSS"],"items_purchased_type":["Card","Card","Relic"],"build_version":"2020-12-22","purchased_purges":0,"victory":false,"max_hp_per_floor":[75,75,75,75,75,75,75,75,75,82,82,82,82,82,82,82,82,82,82,82,82,82,82,82,82,82,82,82,82,82,82,82,82,82,82,82,82],"card_choices":[{"not_picked":["bronze:NullPointer","bronze:Deprecate"],"picked":"bronze:BuggyMess","floor":1},{"not_picked":["bronze:Shield","bronze:Invalidate"],"picked":"bronze:BugBarrage","floor":3},{"not_picked":["bronze:Iterate","bronze:Turbo"],"picked":"bronze:ClassDefault","floor":5},{"not_picked":["bronze:Frontload","bronze:NullPointer"],"picked":"bronze:Repulsor","floor":7},{"not_picked":["bronze:Invalidate","bronze:Backtrace"],"picked":"bronze:BurnOut","floor":12},{"not_picked":["bronze:BronzeOrb","bronze:Flail"],"picked":"bronze:Optimize","floor":13},{"not_picked":["bronze:HardenedForm","bronze:SpaghettiCode"],"picked":"bronze:Mutator","floor":16},{"not_picked":["bronze:WildBeam","bronze:Turbo"],"picked":"bronze:MaxOutput+1","floor":18},{"not_picked":["bronze:BronzeArmor","bronze:Boost"],"picked":"bronze:BitShift","floor":18},{"not_picked":["bronze:Shield+1","bronze:Safeguard"],"picked":"bronze:ChildClass+1","floor":19},{"not_picked":["bronze:Deprecate+1","bronze:DarkDash+1","bronze:Turbo"],"picked":"SKIP","floor":19},{"not_picked":["bronze:WildBeam","bronze:Shield+1"],"picked":"bronze:DelayedGuard","floor":20},{"not_picked":["bronze:BuggyMess","bronze:Iterate+1"],"picked":"bronze:ChosenStrike+1","floor":20},{"not_picked":["bronze:OilSpill+1","bronze:DelayedSlice"],"picked":"bronze:FineTuning","floor":29},{"not_picked":["bronze:AlphaBuild","bronze:FineTuning"],"picked":"bronze:BuggyMess","floor":29},{"not_picked":["bronze:Optimize+1","bronze:ClassDefault+1"],"picked":"bronze:ChildClass","floor":30},{"not_picked":["bronze:ForceShield","bronze:Frontload"],"picked":"bronze:MaxOutput+1","floor":30},{"not_picked":["bronze:BugBarrage","bronze:NullPointer"],"picked":"bronze:Verify+1","floor":31},{"not_picked":["bronze:Return","bronze:CloningBeam","bronze:CutThrough"],"picked":"SKIP","floor":31},{"not_picked":["bronze:Invalidate","bronze:Turbo"],"picked":"bronze:BronzeOrb+1","floor":33},{"not_picked":["bronze:Philosophize","bronze:BuggyMess"],"picked":"bronze:ChosenStrike","floor":33}],"player_experience":155260,"relics_obtained":[{"floor":9,"key":"Matryoshka"},{"floor":10,"key":"Replay:Mystery Machine"},{"floor":10,"key":"Strawberry"},{"floor":17,"key":"Centennial Puzzle"},{"floor":17,"key":"Frozen Egg 2"},{"floor":17,"key":"Prayer Wheel"},{"floor":28,"key":"Omamori"},{"floor":28,"key":"Garlic"}],"event_choices":[{"damage_healed":0,"gold_gain":0,"player_choice":"Donut","damage_taken":0,"max_hp_gain":5,"max_hp_loss":0,"event_name":"Big Fish","floor":0,"gold_loss":0},{"damage_healed":19,"gold_gain":0,"player_choice":"Full Heal","damage_taken":0,"max_hp_gain":0,"max_hp_loss":0,"event_name":"Wheel of Change","floor":14,"gold_loss":0},{"damage_healed":0,"gold_gain":0,"player_choice":"Ignored","damage_taken":0,"max_hp_gain":0,"max_hp_loss":0,"event_name":"Vampires","floor":22,"gold_loss":0},{"damage_healed":0,"gold_gain":0,"player_choice":"Copied","damage_taken":0,"max_hp_gain":0,"max_hp_loss":0,"event_name":"Duplicator","floor":24,"gold_loss":0,"cards_obtained":["bronze:BurnOut"]}],"is_beta":false,"boss_relics":[{"not_picked":["Ectoplasm","Runic Pyramid"],"picked":"Calling Bell"}],"items_purged_floors":[],"is_endless":false,"potions_floor_spawned":[1,7,19,29,31,33],"killed_by":"Automaton","ascension_level":0}}