{"host":"rq7gz685gkaokql0","time":1613348069,"event":{"mods":["BaseMod","Infinite Spire","Minty Spire (QoL Compilation)","Replay The Spire","StSLib"],"gold_per_floor":[111,127,127,127,127,127,165,165,165,189,20,20,20,36,36,132,132,155,171,171,189,210,210,243,243,243,287,314,314,341,372,384,487,499,529,816,852,877,910,922,975,1018,1054,1066,1103,1127,486,499,499,590,590,590],"floor_reached":51,"language":"ENG","playtime":2525,"items_purged":["Regret"],"score":1455,"play_id":"6e950c31-4853-4451-ab7c-e4448c172d6f","local_time":"20210214141429","is_ascension_mode":true,"campfire_choices":[{"floor":6.0,"key":"REST"},{"floor":13.0,"key":"REST"},{"floor":15.0,"key":"REST"},{"data":"Envenom","floor":23.0,"key":"SMITH"},{"floor":25.0,"key":"REST"},{"floor":32.0,"key":"REST"},{"floor":40.0,"key":"REST"},{"data":"1","floor":44.0,"key":"LIFT"},{"data":"2","floor":49.0,"key":"LIFT"}],"circlet_count":0,"master_deck":["AscendersBane","Strike_G","Strike_G","Strike_G","Strike_G","Strike_G","Defend_G","Defend_G+1","Defend_G+1","Defend_G","Defend_G","Survivor","Neutralize","Dodge and Roll+1","Footwork","Injury","Slice","Dagger Spray","Cloak And Dagger","Envenom+1","Dash","Toxin Wave","Dagger Spray","PiercingWail","Blur","Sucker Punch+1","infinitespire:Punishment","ReplayTheSpireMod:Chaos Vortex","infinitespire:Gouge","Blade Dance+1","Cloak And Dagger+1","ReplayTheSpireMod:From All Sides","Bane+1","Regret","Footwork","Deadly Poison","Bouncing Flask","Poison Darts","Crippling Poison+1","Looming Evil","Enlightenment+1","Poisoned Stab","Noxious Fumes","Deadly Poison+1","Venomology"],"relics":["Black Star","StoneCalendar","Golden Idol","Lizard Tail","Mercury Hourglass","Thread and Needle","Snack Pack","Blue Doll","Tiny Chest","SacredBark","Potion Belt","Happy Flower","Ninja Scroll","Replay:Mystery Machine","ReplayTheSpireMod:TigerMarble","Bag of Preparation","MawBank","ChewingGum","War Paint","Replay:Towering Pillar of Hats","Girya","infinitespire:Beetle Shell","MawBank","ReplayTheSpireMod:Ring of Challenge","Ring of Fangs","ReplayFunnel","TheAbacus"],"acts_visited":["Exordium","TheCity","TheBeyond"],"potions_floor_usage":[50,51,51],"damage_taken":[{"damage":6.0,"enemies":"Small Slimes","floor":1.0,"turns":4.0},{"damage":25.0,"enemies":"Jaw Worm","floor":2.0,"turns":8.0},{"damage":35.0,"enemies":"Replay:BlueRogue","floor":7.0,"turns":22.0},{"damage":5.0,"enemies":"2 Louse","floor":10.0,"turns":2.0},{"damage":2.0,"enemies":"Looter","floor":14.0,"turns":3.0},{"damage":11.0,"enemies":"The Guardian","floor":16.0,"turns":10.0},{"damage":21.0,"enemies":"Spheric Guardian","floor":18.0,"turns":7.0},{"damage":4.0,"enemies":"3 Byrds","floor":19.0,"turns":4.0},{"damage":20.0,"enemies":"Centurion and Healer","floor":21.0,"turns":7.0},{"damage":20.0,"enemies":"Snecko","floor":22.0,"turns":7.0},{"damage":31.0,"enemies":"Slavers","floor":24.0,"turns":4.0},{"damage":26.0,"enemies":"Nightmare","floor":27.0,"turns":10.0},{"damage":4.0,"enemies":"Snake Plant","floor":30.0,"turns":2.0},{"damage":0.0,"enemies":"Sentry and Sphere","floor":31.0,"turns":3.0},{"damage":29.0,"enemies":"Automaton","floor":33.0,"turns":9.0},{"damage":18.0,"enemies":"3 Shapes","floor":35.0,"turns":5.0},{"damage":27.0,"enemies":"3 Darklings","floor":37.0,"turns":4.0},{"damage":5.0,"enemies":"Transient","floor":38.0,"turns":6.0},{"damage":14.0,"enemies":"Sphere and 2 Shapes","floor":39.0,"turns":3.0},{"damage":16.0,"enemies":"Reptomancer","floor":41.0,"turns":7.0},{"damage":1.0,"enemies":"Mind Bloom Boss Battle","floor":42.0,"turns":6.0},{"damage":3.0,"enemies":"3 Darklings","floor":48.0,"turns":3.0},{"damage":52,"enemies":"Donu and Deca","floor":50,"turns":8},{"damage":57,"enemies":"Replay:Hell Engine","floor":51,"turns":9}],"seed_played":"4629539146194920786","potions_obtained":[{"floor":10.0,"key":"Regen Potion"},{"floor":14.0,"key":"Strength Potion"},{"floor":16.0,"key":"SpeedPotion"},{"floor":18.0,"key":"PowerPotion"},{"floor":19.0,"key":"SteroidPotion"},{"floor":20.0,"key":"LiquidBronze"},{"floor":24.0,"key":"Swift Potion"},{"floor":27.0,"key":"SpeedPotion"},{"floor":31.0,"key":"Block Potion"},{"floor":35.0,"key":"Venom Potion"},{"floor":41.0,"key":"SmokeBomb"},{"floor":50,"key":"Explosive Potion"}],"is_trial":false,"path_per_floor":["M","M","?","?","?","R","E","T","T","M","$","?","R","M","R","B",null,"M","M","?","M","M","R","E","R","T","NM","T","AVR","M","M","R","B",null,"M","?","M","M","M","R","E","?","T","R","T","?","$","M","R","B","B"],"character_chosen":"THE_SILENT","items_purchased":["Blue Doll","ReplayFunnel","TheAbacus","Dexterity Potion","Adrenaline Potion","Enlightenment+1","Poisoned Stab","Noxious Fumes"],"campfire_rested":6,"item_purchase_floors":[11,47,47,47,47,47,47,47],"current_hp_per_floor":[53,28,28,28,28,47,12,12,12,9,9,4,23,23,42,39,59,42,40,40,24,51,51,20,39,39,19,19,19,19,21,40,25,56,42,42,25,28,20,39,33,42,42,42,42,42,42,45,45,3,0,0],"gold":590,"neow_bonus":"BOSS_RELIC","is_daily":false,"chose_seed":false,"campfire_upgraded":1,"win_rate":0.0,"timestamp":1613348069,"path_taken":["M","M","?","?","?","R","E","?","T","M","$","?","R","M","R","BOSS","M","M","?","?","?","R","E","R","T","NM","?","AVR","M","M","R","BOSS","M","?","M","?","M","R","E","?","T","R","?","?","?","?","R","BOSS","BOSS"],"items_purchased_type":["Relic","Relic","Relic","Potion","Potion","Card","Card","Card"],"build_version":"2020-12-22","purchased_purges":1,"victory":false,"max_hp_per_floor":[66,66,66,66,66,66,66,66,66,66,66,66,66,66,66,66,66,66,66,66,66,66,66,66,66,66,66,66,66,66,66,66,66,66,66,66,66,66,66,66,66,66,66,66,66,66,66,66,66,66,66,66],"card_choices":[{"not_picked":["Expertise","Escape Plan"],"picked":"Dodge and Roll","floor":1.0},{"not_picked":["ReplayTheSpireMod:Tripwire","Backstab"],"picked":"Footwork","floor":2.0},{"not_picked":["Concentrate","Eviscerate"],"picked":"Slice","floor":7.0},{"not_picked":["Blade Dance","Bane"],"picked":"Dagger Spray","floor":10.0},{"not_picked":["Hidden Blade","ReplayTheSpireMod:The Works"],"picked":"Cloak And Dagger","floor":14.0},{"not_picked":["Adrenaline","Replay:Bag of Tricks"],"picked":"Envenom","floor":16.0},{"not_picked":["Backstab","Distraction"],"picked":"Dash","floor":18.0},{"not_picked":["Deadly Poison","Outmaneuver"],"picked":"Toxin Wave","floor":19.0},{"not_picked":["Backflip","Slice+1"],"picked":"Dagger Spray","floor":21.0},{"not_picked":["Underhanded Strike","Backflip"],"picked":"PiercingWail","floor":22.0},{"not_picked":["Dodge and Roll","Footwork"],"picked":"Blur","floor":24.0},{"not_picked":["Flying Knee","Masterful Stab"],"picked":"Sucker Punch+1","floor":27.0},{"not_picked":["Dodge and Roll+1","Dagger Spray"],"picked":"Blade Dance+1","floor":30.0},{"not_picked":["Flying Knee","ReplayTheSpireMod:Necrosis"],"picked":"Cloak And Dagger+1","floor":31.0},{"not_picked":["Phantasmal Killer","Poison Darts"],"picked":"ReplayTheSpireMod:From All Sides","floor":33.0},{"not_picked":["Outmaneuver+1","Underhanded Strike"],"picked":"Bane+1","floor":35.0},{"not_picked":["Backflip","Dash"],"picked":"Footwork","floor":37.0},{"not_picked":["Expertise+1","Blade Dance"],"picked":"Deadly Poison","floor":38.0},{"not_picked":["Setup","Masterful Stab"],"picked":"Bouncing Flask","floor":39.0},{"not_picked":["Finisher","Sucker Punch"],"picked":"Poison Darts","floor":41.0},{"not_picked":["Prepared","Dodge and Roll"],"picked":"Crippling Poison+1","floor":42.0},{"not_picked":["Dodge and Roll+1","Sneak Up"],"picked":"Deadly Poison+1","floor":48.0},{"not_picked":["infinitespire:Neurotoxin","Glass Knife"],"picked":"Venomology","floor":50}],"player_experience":1295922,"relics_obtained":[{"floor":7.0,"key":"Lizard Tail"},{"floor":7.0,"key":"Mercury Hourglass"},{"floor":8.0,"key":"Thread and Needle"},{"floor":9.0,"key":"Snack Pack"},{"floor":24.0,"key":"Potion Belt"},{"floor":24.0,"key":"Happy Flower"},{"floor":26.0,"key":"Ninja Scroll"},{"floor":27.0,"key":"Replay:Mystery Machine"},{"floor":27.0,"key":"ReplayTheSpireMod:TigerMarble"},{"floor":28.0,"key":"Bag of Preparation"},{"floor":41.0,"key":"War Paint"},{"floor":41.0,"key":"Replay:Towering Pillar of Hats"},{"floor":42.0,"key":"Girya"},{"floor":43.0,"key":"infinitespire:Beetle Shell"},{"floor":45.0,"key":"MawBank"},{"floor":46.0,"key":"ReplayTheSpireMod:Ring of Challenge"},{"floor":46.0,"key":"Ring of Fangs"}],"event_choices":[{"damage_healed":0.0,"max_hp_gain":0.0,"max_hp_loss":0.0,"gold_gain":0.0,"event_name":"Big Fish","player_choice":"Box","floor":4.0,"gold_loss":0.0,"damage_taken":0.0,"relics_obtained":["StoneCalendar"],"cards_obtained":["Regret"]},{"damage_healed":0.0,"max_hp_gain":0.0,"max_hp_loss":0.0,"gold_gain":0.0,"event_name":"Golden Idol","player_choice":"Take Wound","floor":5.0,"gold_loss":0.0,"damage_taken":0.0,"relics_obtained":["Golden Idol"],"cards_obtained":["Injury"]},{"damage_healed":0.0,"max_hp_gain":0.0,"max_hp_loss":0.0,"gold_gain":0.0,"event_name":"Scrap Ooze","player_choice":"Success","floor":12.0,"gold_loss":0.0,"damage_taken":5.0,"relics_obtained":["Tiny Chest"]},{"damage_healed":0.0,"max_hp_gain":0.0,"max_hp_loss":0.0,"gold_gain":0.0,"event_name":"Lab","player_choice":"Got Potions","floor":20.0,"gold_loss":0.0,"damage_taken":0.0},{"damage_healed":0.0,"max_hp_gain":0.0,"max_hp_loss":0.0,"gold_gain":275.0,"event_name":"Golden Shrine","player_choice":"Desecrate","floor":36.0,"gold_loss":0.0,"damage_taken":0.0,"cards_obtained":["Regret"]},{"damage_healed":0.0,"max_hp_gain":0.0,"max_hp_loss":0.0,"gold_gain":0.0,"event_name":"MindBloom","player_choice":"Fight","floor":42.0,"gold_loss":0.0,"damage_taken":0.0}],"is_beta":false,"boss_relics":[{"not_picked":["ReplayTheSpireMod:DimensionalGlitch","Cursed Key"],"picked":"SacredBark"},{"not_picked":["Sozu","Coffee Dripper"],"picked":"ChewingGum"}],"items_purged_floors":[47],"is_endless":true,"potions_floor_spawned":[10,14,16,18,19,24,27,31,35,41,50],"killed_by":"Replay:Hell Engine","ascension_level":20}}