{"host":"8rqsnaeml9gxb0kp","time":1613357702,"event":{"mods":["AchievementEnabler","BaseMod","Colored Powertips","Dark Map","Minty Spire (QoL Compilation)","Rare Cards Sparkle","Relic Stats","StSLib","slay the spire mod where everything is the same but ironclad has a cowboy hat"],"gold_per_floor":[115,115,135,155,174,174,203,271,340,340,196,196,371,51,51,147,147,161,161,34,49,49,49,69,100,147,164,184,197,197,215,215,311,311,328,328,346,398,156,156,156,182,233,245,259,259,270,319,319,319],"floor_reached":51,"language":"ENG","playtime":2923,"items_purged":["Doubt"],"score":971,"play_id":"5f50755e-454e-4016-9b43-0fa6c6c17b56","local_time":"20210214185502","is_ascension_mode":true,"campfire_choices":[{"data":"1","floor":6.0,"key":"LIFT"},{"data":"2","floor":10.0,"key":"LIFT"},{"data":"3","floor":12.0,"key":"LIFT"},{"floor":15.0,"key":"REST"},{"data":"PiercingWail","floor":23.0,"key":"SMITH"},{"data":"Eviscerate","floor":30.0,"key":"SMITH"},{"data":"Acrobatics","floor":32.0,"key":"SMITH"},{"floor":40.0,"key":"REST"},{"floor":46.0,"key":"REST"},{"data":"Footwork","floor":49,"key":"SMITH"}],"circlet_count":0,"master_deck":["Strike_G","Strike_G","Strike_G","Strike_G","Strike_G","Defend_G","Defend_G","Defend_G+1","Defend_G+1","Survivor","Neutralize","Eviscerate+1","Predator","Quick Slash","All Out Attack","PiercingWail+1","Storm of Steel","CurseOfTheBell","Footwork+1","Dagger Throw+1","Storm of Steel","Accuracy+1","Tactician","Backflip","Dagger Spray","PiercingWail+1","Acrobatics+1","A Thousand Cuts","Riddle With Holes+1","Crippling Poison+1","Footwork","Blade Dance","Dodge and Roll","Acrobatics+1","Outmaneuver+1"],"relics":["Ring of the Snake","Girya","FaceOfCleric","Tough Bandages","Meat on the Bone","TwistedFunnel","Membership Card","Ornamental Fan","Calling Bell","Potion Belt","Shuriken","Dead Branch","Kunai","Bronze Scales","Smiling Mask","SlaversCollar","Du-Vu Doll","Bag of Marbles","War Paint","Art of War","Ancient Tea Set","Anchor"],"acts_visited":["Exordium","TheCity","TheBeyond"],"potions_floor_usage":[],"damage_taken":[{"damage":2.0,"enemies":"2 Louse","floor":1.0,"turns":4.0},{"damage":0.0,"enemies":"Cultist","floor":3.0,"turns":3.0},{"damage":4.0,"enemies":"Jaw Worm","floor":4.0,"turns":3.0},{"damage":9.0,"enemies":"Looter","floor":5.0,"turns":3.0},{"damage":26.0,"enemies":"Gremlin Nob","floor":7.0,"turns":4.0},{"damage":0.0,"enemies":"Slime Boss","floor":16.0,"turns":8.0},{"damage":0.0,"enemies":"3 Byrds","floor":18.0,"turns":3.0},{"damage":0.0,"enemies":"Spheric Guardian","floor":21.0,"turns":3.0},{"damage":5.0,"enemies":"3 Cultists","floor":24.0,"turns":4.0},{"damage":4.0,"enemies":"Slavers","floor":25.0,"turns":4.0},{"damage":0.0,"enemies":"Centurion and Healer","floor":27.0,"turns":4.0},{"damage":0.0,"enemies":"Snake Plant","floor":28.0,"turns":3.0},{"damage":5.0,"enemies":"Sentry and Sphere","floor":29.0,"turns":4.0},{"damage":0.0,"enemies":"Cultist and Chosen","floor":31.0,"turns":3.0},{"damage":53.0,"enemies":"Automaton","floor":33.0,"turns":7.0},{"damage":23.0,"enemies":"3 Darklings","floor":35.0,"turns":6.0},{"damage":0.0,"enemies":"3 Shapes","floor":37.0,"turns":2.0},{"damage":19.0,"enemies":"2 Orb Walkers","floor":38.0,"turns":3.0},{"damage":14.0,"enemies":"Nemesis","floor":42.0,"turns":5.0},{"damage":37.0,"enemies":"Transient","floor":44.0,"turns":5.0},{"damage":0.0,"enemies":"4 Shapes","floor":45.0,"turns":1.0},{"damage":7,"enemies":"Maw","floor":47,"turns":9},{"damage":53,"enemies":"Awakened One","floor":50,"turns":10}],"seed_played":"-8738760929267279772","potions_obtained":[{"floor":1.0,"key":"ColorlessPotion"},{"floor":4.0,"key":"SteroidPotion"},{"floor":7.0,"key":"Regen Potion"},{"floor":16.0,"key":"EssenceOfSteel"},{"floor":18.0,"key":"SneckoOil"},{"floor":24.0,"key":"Strength Potion"},{"floor":25.0,"key":"Poison Potion"},{"floor":42.0,"key":"Weak Potion"},{"floor":45.0,"key":"Poison Potion"}],"is_trial":false,"path_per_floor":["M","?","M","M","M","R","E","?","T","R","$","R","?","$","R","B",null,"M","?","$","M","?","R","M","E","T","M","M","M","R","M","R","B",null,"M","?","M","?","$","R","?","E","T","M","M","R","M","T","R","B",null],"character_chosen":"THE_SILENT","items_purchased":["TwistedFunnel","Membership Card","Ornamental Fan","Kunai","Bag of Marbles","Footwork","Blade Dance","Dodge and Roll","War Paint"],"campfire_rested":3,"item_purchase_floors":[11,14,14,20,39,39,39,39,39],"current_hp_per_floor":[61,61,62,59,51,51,26,26,26,26,26,26,26,26,46,47,63,64,64,64,65,65,65,61,58,58,59,60,56,56,57,57,17,62,40,40,41,44,44,68,68,55,55,31,44,68,62,62,62,22],"gold":319,"neow_bonus":"ONE_RARE_RELIC","is_daily":false,"chose_seed":false,"campfire_upgraded":4,"win_rate":0.0,"timestamp":1613357702,"path_taken":["M","?","M","?","M","R","E","?","T","R","$","R","?","$","R","BOSS","M","?","$","M","?","R","M","E","T","?","M","M","R","?","R","BOSS","M","?","M","?","$","R","?","E","T","M","M","R","M","?","R","BOSS"],"items_purchased_type":["Relic","Relic","Relic","Relic","Relic","Card","Card","Card","Relic"],"build_version":"2020-12-22","purchased_purges":1,"victory":true,"max_hp_per_floor":[63,63,64,65,66,66,67,67,67,67,67,67,67,67,67,68,68,69,69,69,70,70,70,71,72,72,73,74,75,75,76,76,77,77,78,78,79,80,80,80,80,81,81,82,83,83,84,84,84,85],"relic_stats":{"counters":[23,101],"Dead Branch":[150],"War Paint":["Defend_G","Defend_G"],"Smiling Mask":0,"Tough Bandages":[474],"FaceOfCleric":22,"Ornamental Fan":[208],"Shuriken":[49],"Bronze Scales":[164],"Art of War":[3],"Kunai":[47],"obtain_stats":[{"TwistedFunnel":11,"Potion Belt":17,"Girya":0,"Dead Branch":17,"War Paint":39,"Smiling Mask":26,"Ancient Tea Set":43,"Calling Bell":17,"Du-Vu Doll":38,"SlaversCollar":34,"Tough Bandages":7,"Anchor":48,"FaceOfCleric":2,"Ornamental Fan":14,"Shuriken":17,"Bronze Scales":25,"Bag of Marbles":39,"Art of War":42,"Membership Card":14,"Kunai":20,"Ring of the Snake":0,"Meat on the Bone":9},{"TwistedFunnel":5,"Potion Belt":6,"Girya":0,"Dead Branch":6,"War Paint":18,"Smiling Mask":10,"Ancient Tea Set":19,"Calling Bell":6,"Du-Vu Doll":18,"SlaversCollar":15,"Tough Bandages":5,"Anchor":22,"FaceOfCleric":1,"Ornamental Fan":5,"Shuriken":6,"Bronze Scales":10,"Bag of Marbles":18,"Art of War":19,"Membership Card":5,"Kunai":7,"Ring of the Snake":0,"Meat on the Bone":5},{"TwistedFunnel":17,"Potion Belt":25,"Girya":0,"Dead Branch":25,"War Paint":71,"Smiling Mask":39,"Ancient Tea Set":76,"Calling Bell":25,"Du-Vu Doll":71,"SlaversCollar":60,"Tough Bandages":17,"Anchor":91,"FaceOfCleric":4,"Ornamental Fan":17,"Shuriken":25,"Bronze Scales":39,"Bag of Marbles":71,"Art of War":76,"Membership Card":17,"Kunai":28,"Ring of the Snake":0,"Meat on the Bone":17}],"Ring of the Snake":[46],"Meat on the Bone":60},"card_choices":[{"not_picked":["Reflex","Underhanded Strike"],"picked":"Eviscerate","floor":1.0},{"not_picked":["Bane","Infinite Blades"],"picked":"Predator","floor":3.0},{"not_picked":["Poisoned Stab","Calculated Gamble"],"picked":"Quick Slash","floor":4.0},{"not_picked":["Endless Agony","Deadly Poison"],"picked":"All Out Attack","floor":5.0},{"not_picked":["Expertise","Setup"],"picked":"PiercingWail","floor":7.0},{"not_picked":["Corpse Explosion","Die Die Die"],"picked":"Storm of Steel","floor":16.0},{"not_picked":["Expertise","Masterful Stab"],"picked":"Footwork","floor":18.0},{"not_picked":["Backstab","Infinite Blades"],"picked":"Dagger Throw+1","floor":21.0},{"not_picked":["Bouncing Flask","Bane"],"picked":"Accuracy+1","floor":24.0},{"not_picked":["Predator","Blur"],"picked":"Tactician","floor":25.0},{"not_picked":["Slice","Quick Slash"],"picked":"Backflip","floor":27.0},{"not_picked":["Bouncing Flask+1","Deflect"],"picked":"Dagger Spray","floor":28.0},{"not_picked":["Dagger Spray","Slice+1"],"picked":"PiercingWail+1","floor":29.0},{"not_picked":["Expertise","Wraith Form v2"],"picked":"Acrobatics","floor":31.0},{"not_picked":["Die Die Die","Adrenaline"],"picked":"A Thousand Cuts","floor":33.0},{"not_picked":["Deadly Poison+1","Calculated Gamble"],"picked":"Riddle With Holes+1","floor":35.0},{"not_picked":["Backstab+1","Sucker Punch+1"],"picked":"Crippling Poison+1","floor":37.0},{"not_picked":["Expertise","Deflect","Tactician"],"picked":"SKIP","floor":42.0},{"not_picked":["Poisoned Stab+1","Slice+1"],"picked":"Acrobatics+1","floor":44.0},{"not_picked":["Quick Slash","Sucker Punch+1"],"picked":"Outmaneuver+1","floor":45.0},{"not_picked":["Sucker Punch+1","Dagger Spray","Deadly Poison+1"],"picked":"SKIP","floor":47}],"player_experience":232086,"relics_obtained":[{"floor":7.0,"key":"Tough Bandages"},{"floor":9.0,"key":"Meat on the Bone"},{"floor":17.0,"key":"Potion Belt"},{"floor":17.0,"key":"Shuriken"},{"floor":17.0,"key":"Dead Branch"},{"floor":25.0,"key":"Bronze Scales"},{"floor":26.0,"key":"Smiling Mask"},{"floor":38.0,"key":"Du-Vu Doll"},{"floor":42.0,"key":"Art of War"},{"floor":43.0,"key":"Ancient Tea Set"},{"floor":48,"key":"Anchor"}],"event_choices":[{"damage_healed":0.0,"max_hp_gain":0.0,"max_hp_loss":0.0,"gold_gain":0.0,"event_name":"FaceTrader","player_choice":"Trade","floor":2.0,"gold_loss":0.0,"damage_taken":0.0,"relics_obtained":["FaceOfCleric"]},{"damage_healed":0.0,"max_hp_gain":0.0,"max_hp_loss":0.0,"gold_gain":68.0,"event_name":"Golden Wing","player_choice":"Gained Gold","floor":8.0,"gold_loss":0.0,"damage_taken":0.0},{"damage_healed":0.0,"max_hp_gain":0.0,"max_hp_loss":0.0,"gold_gain":175.0,"event_name":"Liars Game","player_choice":"AGREE","floor":13.0,"gold_loss":0.0,"damage_taken":0.0,"cards_obtained":["Doubt"]},{"damage_healed":0.0,"max_hp_gain":0.0,"max_hp_loss":0.0,"gold_gain":0.0,"event_name":"Beggar","player_choice":"Ignored","floor":19.0,"gold_loss":0.0,"damage_taken":0.0},{"damage_healed":0.0,"max_hp_gain":0.0,"max_hp_loss":0.0,"gold_gain":0.0,"event_name":"Duplicator","player_choice":"Copied","floor":22.0,"gold_loss":0.0,"damage_taken":0.0,"cards_obtained":["Storm of Steel"]},{"cards_removed":["Defend_G"],"damage_healed":0.0,"max_hp_gain":0.0,"max_hp_loss":0.0,"gold_gain":0.0,"event_name":"Falling","player_choice":"Removed Skill","floor":36.0,"gold_loss":0.0,"damage_taken":0.0},{"damage_healed":0.0,"max_hp_gain":0.0,"max_hp_loss":0.0,"gold_gain":0.0,"event_name":"Mysterious Sphere","player_choice":"Fight","floor":38.0,"gold_loss":0.0,"damage_taken":0.0},{"damage_healed":0.0,"max_hp_gain":0.0,"max_hp_loss":0.0,"gold_gain":0.0,"event_name":"Tomb of Lord Red Mask","player_choice":"Ignored","floor":41.0,"gold_loss":0.0,"damage_taken":0.0}],"is_beta":false,"boss_relics":[{"not_picked":["Fusion Hammer","Coffee Dripper"],"picked":"Calling Bell"},{"not_picked":["Ring of the Serpent","Tiny House"],"picked":"SlaversCollar"}],"items_purged_floors":[14],"is_endless":false,"potions_floor_spawned":[1,4,7,16,18,24,25,31,42,45],"ascension_level":5}}