{"host":"k5t0mjadqheapa3b","time":1613367470,"event":{"mods":["BaseMod","Colored Map","Marisa£®ÏF”Í°°ƒß¿Ì…≥£©","Minty Spire (QoL Compilation)","Remilia£®¿Ÿ√◊¿Ú—«£©","Shop Mod","The Servant 0.9.4"],"gold_per_floor":[99,24,24,24,24,24,24,24,24,0,0,0,0,0,0,0,0,0,0,0,0,0,0,0,0,0,0,0,0,0,0,0,0,0,0,0,0,0,0,0,0,0,0,0,0,0,0,0,0,0],"floor_reached":51,"language":"ZHS","playtime":2369,"items_purged":[],"score":778,"play_id":"5d93abdd-ad4b-4302-913f-79926abd9c70","local_time":"20210215133750","is_ascension_mode":false,"campfire_choices":[{"data":"Comet","floor":12,"key":"SMITH"},{"data":"ForgedInTime","floor":15,"key":"SMITH"},{"data":"MurderousAura","floor":23,"key":"SMITH"},{"data":"Potential","floor":29,"key":"SMITH"},{"floor":32,"key":"REST"},{"data":"SurpressingFire","floor":41,"key":"SMITH"},{"floor":49,"key":"REST"}],"circlet_count":0,"master_deck":["Strike_S","Strike_S","Strike_S+1","Defend_S","Defend_S","Defend_S","Defend_S","KidneyShot+1","Exchange","TimeWarp","Comet+1","Potential+1","Moonlight","ForgedInTime+1","InstantArmor","Rearm","MurderousAura+1","GearUp","Barrier+1","Potential+1","SurpressingFire+1","Sabotage","ShiftingGears+1","Dilation","Reset","FastForward+1","Spin+1","Luminosity+1"],"relics":["Ectoplasm","Oddly Smooth Stone","Whetstone","Dream Catcher","Busted Crown","PreservedInsect","Toy Ornithopter","MysterySword","Vajra","Bag of Preparation","Red Mask"],"acts_visited":["Exordium","TheCity","TheBeyond"],"potions_floor_usage":[6,16,16,16,25,28,33,37,39,44,50],"damage_taken":[{"damage":0.0,"enemies":"Cultist","floor":1.0,"turns":4.0},{"damage":6.0,"enemies":"Jaw Worm","floor":4.0,"turns":4.0},{"damage":11,"enemies":"Lagavulin","floor":6,"turns":7},{"damage":4,"enemies":"Small Slimes","floor":7,"turns":3},{"damage":4,"enemies":"Looter","floor":10,"turns":3},{"damage":2,"enemies":"Lots of Slimes","floor":11,"turns":3},{"damage":0,"enemies":"Blue Slaver","floor":13,"turns":4},{"damage":0,"enemies":"Hexaghost","floor":16,"turns":5},{"damage":0,"enemies":"Shell Parasite","floor":18,"turns":3},{"damage":0,"enemies":"2 Thieves","floor":19,"turns":4},{"damage":0,"enemies":"Chosen and Byrds","floor":21,"turns":6},{"damage":3,"enemies":"Snake Plant","floor":22,"turns":6},{"damage":0,"enemies":"3 Cultists","floor":25,"turns":4},{"damage":0,"enemies":"Snecko","floor":27,"turns":4},{"damage":14,"enemies":"Book of Stabbing","floor":28,"turns":4},{"damage":0,"enemies":"Centurion and Healer","floor":30,"turns":5},{"damage":4,"enemies":"Champ","floor":33,"turns":6},{"damage":43,"enemies":"3 Shapes","floor":35,"turns":4},{"damage":4,"enemies":"Orb Walker","floor":37,"turns":3},{"damage":5,"enemies":"Maw","floor":39,"turns":8},{"damage":6,"enemies":"Giant Head","floor":40,"turns":7},{"damage":0,"enemies":"3 Darklings","floor":42,"turns":5},{"damage":0,"enemies":"Sphere and 2 Shapes","floor":44,"turns":5},{"damage":13,"enemies":"Spire Growth","floor":47,"turns":5},{"damage":31,"enemies":"Awakened One","floor":50,"turns":13}],"seed_played":"4937439460432649492","potions_obtained":[{"floor":4.0,"key":"Fire Potion"},{"floor":7,"key":"Fire Potion"},{"floor":10,"key":"GamblersBrew"},{"floor":13,"key":"PowerPotion"},{"floor":19,"key":"EssenceOfSteel"},{"floor":21,"key":"GamblersBrew"},{"floor":22,"key":"Strength Potion"},{"floor":27,"key":"FairyPotion"},{"floor":33,"key":"AttackPotion"},{"floor":35,"key":"ColorlessPotion"},{"floor":39,"key":"Ancient Potion"},{"floor":42,"key":"GamblersBrew"}],"is_trial":false,"path_per_floor":["M","$","?","M","?","E","M","?","T","M","M","R","M","$","R","B",null,"M","M","?","M","M","R","?","M","T","M","E","R","M","?","R","B",null,"M","$","M","?","M","E","R","M","T","M","?","?","M","?","R","B",null],"character_chosen":"THE_SERVANT","items_purchased":["RealityMarble"],"campfire_rested":2,"item_purchase_floors":[2],"current_hp_per_floor":[65,65,53,47,65,54,50,50,50,46,44,44,44,44,44,44,65,65,65,65,65,62,62,62,62,62,62,48,48,48,37,58,59,70,27,27,28,61,61,55,55,55,55,60,60,60,47,47,58,27],"gold":0,"neow_bonus":"BOSS_RELIC","is_daily":false,"chose_seed":false,"campfire_upgraded":5,"win_rate":0.0,"timestamp":1613367470,"path_taken":["M","?","?","M","?","E","?","?","T","?","M","R","M","$","R","BOSS","M","M","?","M","M","R","?","?","T","M","E","R","M","?","R","BOSS","M","$","M","?","M","E","R","M","T","M","?","?","?","?","R","BOSS"],"items_purchased_type":["Card"],"build_version":"2020-12-22","purchased_purges":0,"victory":true,"max_hp_per_floor":[65,65,65,65,65,65,65,65,65,65,65,65,65,65,65,65,65,65,65,65,65,65,65,65,65,65,65,65,65,65,70,70,70,70,70,70,70,61,61,61,61,61,61,61,61,61,61,58,58,58],"card_choices":[{"not_picked":["Rearm","Rewind"],"picked":"TimeWarp","floor":1.0},{"not_picked":["Barrier","Unruled"],"picked":"Comet","floor":4.0},{"not_picked":["Replace","Rewind"],"picked":"Potential","floor":6},{"not_picked":["Hightail","Potential"],"picked":"Moonlight","floor":7},{"not_picked":["Revamp","Hightail"],"picked":"ForgedInTime","floor":10},{"not_picked":["Unruled","ShatteredReality"],"picked":"InstantArmor","floor":11},{"not_picked":["Rewind","Hightail"],"picked":"Rearm","floor":13},{"not_picked":["Dilation","FloweringNight"],"picked":"MurderousAura","floor":16},{"not_picked":[],"picked":"GearUp","floor":18},{"not_picked":["Alleviate"],"picked":"SKIP","floor":19},{"not_picked":[],"picked":"Barrier+1","floor":21},{"not_picked":[],"picked":"Comet","floor":22},{"not_picked":[],"picked":"Potential+1","floor":25},{"not_picked":[],"picked":"SurpressingFire","floor":27},{"not_picked":["Foresight+1"],"picked":"SKIP","floor":28},{"not_picked":[],"picked":"Sabotage","floor":30},{"not_picked":[],"picked":"ShiftingGears+1","floor":32},{"not_picked":[],"picked":"Dilation","floor":33},{"not_picked":["FastForward"],"picked":"SKIP","floor":35},{"not_picked":[],"picked":"Reset","floor":37},{"not_picked":[],"picked":"FastForward+1","floor":39},{"not_picked":["Replace+1"],"picked":"SKIP","floor":40},{"not_picked":[],"picked":"Spin+1","floor":42},{"not_picked":["Ricochet"],"picked":"SKIP","floor":44},{"not_picked":[],"picked":"Luminosity+1","floor":47}],"player_experience":42058,"relics_obtained":[{"floor":6,"key":"Whetstone"},{"floor":9,"key":"Dream Catcher"},{"floor":26,"key":"PreservedInsect"},{"floor":28,"key":"Toy Ornithopter"},{"floor":40,"key":"Vajra"},{"floor":43,"key":"Bag of Preparation"}],"event_choices":[{"damage_healed":0.0,"max_hp_gain":0.0,"max_hp_loss":0.0,"gold_gain":0.0,"event_name":"Scrap Ooze","player_choice":"Success","floor":3.0,"gold_loss":0.0,"damage_taken":12.0,"relics_obtained":["Oddly Smooth Stone"]},{"cards_removed":["RealityMarble"],"damage_healed":18.0,"max_hp_gain":0.0,"max_hp_loss":0.0,"gold_gain":0.0,"event_name":"Bonfire Elementals","player_choice":"Offered Uncommon","floor":5.0,"gold_loss":0.0,"damage_taken":0.0},{"damage_healed":0,"gold_gain":0,"player_choice":"Ignored","damage_taken":0,"max_hp_gain":0,"max_hp_loss":0,"event_name":"NoteForYourself","floor":8,"gold_loss":0},{"damage_healed":0,"gold_gain":99,"player_choice":"Stole From Cult","damage_taken":0,"max_hp_gain":0,"max_hp_loss":0,"event_name":"Nest","floor":20,"gold_loss":0},{"cards_removed":["Strike_S"],"damage_healed":0,"gold_gain":0,"player_choice":"Purged","damage_taken":0,"max_hp_gain":0,"max_hp_loss":0,"event_name":"Purifier","floor":24,"gold_loss":0},{"damage_healed":0,"gold_gain":0,"player_choice":"Shed Blood","damage_taken":16,"max_hp_gain":5,"max_hp_loss":0,"event_name":"Forgotten Altar","floor":31,"gold_loss":0},{"damage_healed":61,"gold_gain":0,"player_choice":"Heal","damage_taken":0,"max_hp_gain":0,"max_hp_loss":9,"event_name":"The Moai Head","floor":38,"gold_loss":0},{"damage_healed":0,"gold_gain":0,"player_choice":"Paid","damage_taken":0,"relics_obtained":["Red Mask"],"max_hp_gain":0,"max_hp_loss":0,"event_name":"Tomb of Lord Red Mask","floor":45,"gold_loss":0},{"cards_removed":["Comet"],"damage_healed":0,"gold_gain":0,"player_choice":"Removed Attack","damage_taken":0,"max_hp_gain":0,"max_hp_loss":0,"event_name":"Falling","floor":46,"gold_loss":0},{"damage_healed":0,"gold_gain":0,"player_choice":"Max HP","damage_taken":0,"max_hp_gain":0,"max_hp_loss":3,"event_name":"Winding Halls","floor":48,"gold_loss":0}],"is_beta":false,"boss_relics":[{"not_picked":["Snecko Eye","Pandora\u0027s Box"],"picked":"Busted Crown"},{"not_picked":["Coffee Dripper","Black Star"],"picked":"MysterySword"}],"items_purged_floors":[],"is_endless":false,"potions_floor_spawned":[4,7,10,13,19,21,22,27,33,35,39,42],"ascension_level":0}}