{"host":"jr8vrtwn64siegs0","time":1613416619,"event":{"mods":["2.2 Compatiblity","BaseMod","Better Third Choice","BetterRewards","Colored Map","Downfall","Friendly Minions","Hubris","Jorbs\u0027s Wanderer Trilogy","Minty Spire (QoL Compilation)","Quick Restart","Shop Mod","StSLib","The Bug Knight","everything is the same but u backflip on backflip"],"gold_per_floor":[111,123,141,159,178,208,208,236,262,272,306,231,181,210,160,257,257,257,257,257,257,257,257,257,257,257,207,207,207,207,207,157,157,157,157,157,157,157,157,157,157,107,107,107,57,57,7,7,7,7],"floor_reached":51,"language":"ENG","playtime":8424,"items_purged":[],"score":1124,"play_id":"bde4e48e-9d20-4102-afd0-c1cf1d039b2f","local_time":"20210215111659","daily_mods":["Draft","Colorless Cards","Heirloom","Flight"],"is_ascension_mode":false,"campfire_choices":[{"data":"Slimebound:LevelUp","floor":13,"key":"SMITH"},{"data":"Panacea","floor":15,"key":"SMITH"},{"data":"Slimebound:Darklings","floor":27,"key":"SMITH"},{"data":"Slimebound:MassFeed","floor":32,"key":"SMITH"},{"data":"Slimebound:Overexert","floor":42,"key":"SMITH"},{"data":"Slimebound:WasteNot","floor":45,"key":"SMITH"},{"data":"Slimebound:RallyTheTroops","floor":47,"key":"SMITH"},{"data":"Slimebound:ViciousTackle","floor":49,"key":"SMITH"}],"circlet_count":0,"master_deck":["Slimebound:SplitAcid","Slimebound:SlimeSpikes","Dramatic Entrance","Slimebound:SlimeTap","Panacea+1","Slimebound:ViciousTackle+1","Slimebound:SlimeSpikes","Slimebound:GoopSpray","Slimebound:LivingWall","Slimebound:SlimeSpikes","Slimebound:SplitMire","Slimebound:Prepare","Slimebound:SplitAcid","Slimebound:LevelUp+1","Slimebound:Prepare","Slimebound:SplitBruiser","Slimebound:Schlurp","Slimebound:SpikyOuterGoop","Slimebound:SlimeSpikes","Slimebound:Replication","Slimebound:SplitSpecialist","Slimebound:MassFeed+1","Slimebound:CheckThePlaybook","Slimebound:RallyTheTroops+1","Slimebound:Darklings+1","Slimebound:Overexert+1","Slimebound:Dissolve+1","Slimebound:Darklings","Slimebound:FormOfPuddle","Slimebound:WasteNot+1","Slimebound:RainOfGoop+1","Discovery+1"],"relics":["Slimebound:AbsorbEndCombat","Bird Faced Urn","Bronze Scales","hexamod:BolsterEngine","Ancient Tea Set","Slimebound:StickyStick","Slimebound:GreedOozeRelic","Guardian:PocketSentry","Ectoplasm","hubris:Icosahedron","PreservedInsect","Bag of Preparation","MealTicket","Centennial Puzzle","hubris:BottledHeart","hubris:Backtick","hubris:PeanutButter","Eternal Feather","hubris:BottledRain","Slimebound:PreparedRelic","Akabeko","The Courier"],"acts_visited":["Exordium","TheCity","TheBeyond"],"potions_floor_usage":[8,8,11,39,50,50,50],"damage_taken":[{"damage":3,"enemies":"Small Slimes","floor":1,"turns":1},{"damage":0,"enemies":"Jaw Worm","floor":2,"turns":2},{"damage":2,"enemies":"2 Louse","floor":3,"turns":2},{"damage":0,"enemies":"Lots of Slimes","floor":4,"turns":1},{"damage":0,"enemies":"Large Slime","floor":5,"turns":5},{"damage":0,"enemies":"Lagavulin","floor":6,"turns":5},{"damage":10,"enemies":"HollowMod:MossKnight","floor":8,"turns":4},{"damage":0,"enemies":"Blue Slaver","floor":10,"turns":4},{"damage":0,"enemies":"3 Sentries","floor":11,"turns":2},{"damage":6,"enemies":"Gremlin Nob","floor":14,"turns":4},{"damage":5,"enemies":"The Guardian","floor":16,"turns":7},{"damage":7,"enemies":"3 Byrds","floor":18,"turns":3},{"damage":2,"enemies":"Shell Parasite","floor":19,"turns":4},{"damage":11,"enemies":"Slavers","floor":23,"turns":4},{"damage":5,"enemies":"Gremlin Leader","floor":24,"turns":5},{"damage":0,"enemies":"Book of Stabbing","floor":28,"turns":3},{"damage":0,"enemies":"Chosen and Byrds","floor":30,"turns":3},{"damage":0,"enemies":"Automaton","floor":33,"turns":8},{"damage":0,"enemies":"3 Shapes","floor":35,"turns":2},{"damage":0,"enemies":"3 Darklings","floor":39,"turns":5},{"damage":0,"enemies":"Reptomancer","floor":40,"turns":3},{"damage":0,"enemies":"Giant Head","floor":41,"turns":7},{"damage":0,"enemies":"4 Shapes","floor":44,"turns":2},{"damage":0,"enemies":"Reptomancer","floor":46,"turns":4},{"damage":0,"enemies":"Giant Head","floor":48,"turns":3},{"damage":0,"enemies":"Awakened One","floor":50,"turns":9}],"seed_played":"9003420454566724693","potions_obtained":[{"floor":4,"key":"Fire Potion"},{"floor":5,"key":"FearPotion"},{"floor":6,"key":"AttackPotion"},{"floor":8,"key":"ColorlessPotion"},{"floor":16,"key":"AttackPotion"},{"floor":29,"key":"EssenceOfSteel"},{"floor":30,"key":"champ:CounterPotion"},{"floor":40,"key":"SpeedPotion"},{"floor":41,"key":"hexamod:SoulburnPotion"},{"floor":46,"key":"DistilledChaos"}],"is_trial":true,"path_per_floor":["M","M","M","M","M","E","?","E","T","M","E","?","R","E","R","B",null,"M","M","?","?","?","E","E","$","T","R","E","?","M","?","R","B",null,"M","?","?","?","M","E","E","R","T","M","R","E","R","E","R","B",null],"character_chosen":"SLIMEBOUND","items_purchased":[],"campfire_rested":0,"item_purchase_floors":[],"current_hp_per_floor":[62,64,63,63,65,65,65,61,61,65,65,65,65,61,61,64,65,60,65,65,65,59,50,49,49,49,49,56,56,62,1,1,1,1,1,1,1,1,1,1,1,1,1,1,1,1,1,1,1,1],"gold":7,"neow_bonus":"","is_daily":false,"chose_seed":false,"campfire_upgraded":8,"win_rate":0.0,"timestamp":1613416619,"path_taken":["M","M","M","M","M","E","?","E","T","M","E","?","R","E","R","BOSS","M","M","?","?","?","E","E","?","T","R","E","?","?","?","R","BOSS","M","?","?","?","M","E","E","R","T","?","R","E","R","E","R","BOSS"],"items_purchased_type":[],"build_version":"2020-12-22","purchased_purges":0,"victory":true,"max_hp_per_floor":[65,65,65,65,65,65,65,65,65,65,65,65,65,65,65,65,65,65,65,65,65,59,59,59,59,59,59,62,62,62,1,1,1,1,1,1,1,1,1,1,1,1,1,1,1,1,1,1,1,1],"card_choices":[{"not_picked":["Slimebound:SamplingLick","Slimebound:ItLooksTasty"],"picked":"Slimebound:SplitAcid","floor":0},{"not_picked":["Slimebound:SplitMire","Slimebound:ViciousTackle"],"picked":"Slimebound:SlimeSpikes","floor":0},{"not_picked":["Slimebound:ServeAndProtect","Slimebound:Gluttony"],"picked":"Dramatic Entrance","floor":0},{"not_picked":["Slimebound:SplitLeeching","Slimebound:SlimeSpikes"],"picked":"Slimebound:SlimeTap","floor":0},{"not_picked":["Slimebound:SlimeBrawl","Slimebound:Repurpose"],"picked":"Panacea","floor":0},{"not_picked":["Slimebound:SplitMire","Slimebound:SlimeTap"],"picked":"Slimebound:ViciousTackle","floor":0},{"not_picked":["Slimebound:SplitAcid","Slimebound:Prepare"],"picked":"Slimebound:SlimeSpikes","floor":0},{"not_picked":["Slimebound:GoopTackle","Slimebound:ComboTackle"],"picked":"Slimebound:GoopSpray","floor":0},{"not_picked":["Slimebound:SplitMire","Slimebound:SlimeSpikes"],"picked":"Slimebound:LivingWall","floor":0},{"not_picked":["hubris:Insight","Slimebound:GoopTackle"],"picked":"Slimebound:SlimeSpikes","floor":0},{"not_picked":["Enlightenment","Slimebound:Prepare"],"picked":"Slimebound:SplitMire","floor":0},{"not_picked":["Slimebound:FinishingTackle","Slimebound:ItLooksTasty"],"picked":"Slimebound:Prepare","floor":0},{"not_picked":["Slimebound:LeechEnergy","Slimebound:Equalize"],"picked":"Slimebound:SplitAcid","floor":0},{"not_picked":["Slimebound:HauntingLick","Slimebound:ItLooksTasty"],"picked":"Slimebound:LevelUp","floor":0},{"not_picked":["Slimebound:GoopTackle","Slimebound:LeechingTouch"],"picked":"Slimebound:Prepare","floor":0},{"not_picked":["Slimebound:ComboTackle","Slimebound:SlimeBrawl"],"picked":"Slimebound:SplitBruiser","floor":1},{"not_picked":["Madness","Slimebound:LivingWall"],"picked":"Slimebound:Schlurp","floor":2},{"not_picked":["Slimebound:Schlurp","Madness"],"picked":"Slimebound:SpikyOuterGoop","floor":3},{"not_picked":["Slimebound:SplitMire","Slimebound:PressTheAttack"],"picked":"Slimebound:SlimeSpikes","floor":4},{"not_picked":["Slimebound:SlimeSpikes","Slimebound:HauntingLick"],"picked":"Slimebound:Replication","floor":5},{"not_picked":["Slimebound:SplitMire","Slimebound:RollThrough"],"picked":"Magnetism","floor":6},{"not_picked":["Slimebound:Schlurp","Purity","Slimebound:GoopTackle"],"picked":"SKIP","floor":8},{"not_picked":["Slimebound:LeechEnergy","Slimebound:SlimeSpikes","Slimebound:GoopTackle"],"picked":"SKIP","floor":10},{"not_picked":["Slimebound:SpikyOuterGoop","Slimebound:GoopTackle","Slimebound:ComboTackle"],"picked":"SKIP","floor":11},{"not_picked":["Finesse","Slimebound:SlimeSpikes"],"picked":"Slimebound:SplitSpecialist","floor":14},{"not_picked":["Slimebound:PrepareCrush","Violence"],"picked":"Slimebound:MassFeed","floor":16},{"not_picked":["Slimebound:LeechingTouch","Slimebound:Schlurp","Slimebound:SplitBruiser"],"picked":"SKIP","floor":18},{"not_picked":["Slimebound:Prepare","Slimebound:FlameTackle","Slimebound:ComboTackle"],"picked":"SKIP","floor":19},{"not_picked":["Slimebound:GoopTackle+1","Slimebound:Schlurp"],"picked":"Slimebound:RallyTheTroops","floor":23},{"not_picked":["Slimebound:Schlurp+1","Slimebound:Nibble"],"picked":"Slimebound:Darklings","floor":24},{"not_picked":["Slimebound:Schlurp","Slimebound:ComboTackle","Slimebound:ItLooksTasty"],"picked":"SKIP","floor":28},{"not_picked":["Slimebound:SplitBruiser","Slimebound:GoopSpray","Slimebound:SlimeSpikes+1"],"picked":"SKIP","floor":30},{"not_picked":["Secret Weapon","Slimebound:PrepareCrush"],"picked":"Slimebound:Overexert","floor":33},{"not_picked":["Slimebound:BestDefense","Slimebound:PressTheAttack"],"picked":"Slimebound:Dissolve+1","floor":35},{"not_picked":["Slimebound:SamplingLick","Slimebound:ComboTackle","Slimebound:HauntingLick+1"],"picked":"SKIP","floor":39},{"not_picked":["Panacea","Slimebound:PressTheAttack"],"picked":"Slimebound:FormOfPuddle","floor":40},{"not_picked":["Panacea+1","Slimebound:ProtectTheBoss","Slimebound:Chomp"],"picked":"SKIP","floor":41},{"not_picked":["Panacea+1","Slimebound:ProtectTheBoss","Slimebound:Chomp"],"picked":"SKIP","floor":41},{"not_picked":["Slimebound:ComboTackle","Slimebound:Schlurp"],"picked":"Slimebound:WasteNot","floor":44},{"not_picked":["Slimebound:PrepareCrush","Slimebound:LeechEnergy"],"picked":"Slimebound:RainOfGoop+1","floor":46},{"not_picked":["Slimebound:RollThrough+1","Secret Weapon"],"picked":"Discovery+1","floor":48}],"player_experience":607805,"relics_obtained":[{"floor":6,"key":"Bronze Scales"},{"floor":8,"key":"hexamod:BolsterEngine"},{"floor":9,"key":"Ancient Tea Set"},{"floor":11,"key":"Slimebound:StickyStick"},{"floor":14,"key":"Guardian:PocketSentry"},{"floor":23,"key":"PreservedInsect"},{"floor":24,"key":"Bag of Preparation"},{"floor":26,"key":"MealTicket"},{"floor":28,"key":"Centennial Puzzle"},{"floor":40,"key":"Eternal Feather"},{"floor":41,"key":"hubris:BottledRain"},{"floor":43,"key":"Slimebound:PreparedRelic"},{"floor":46,"key":"Akabeko"},{"floor":48,"key":"The Courier"}],"event_choices":[{"damage_healed":0,"gold_gain":0,"player_choice":"Grow","damage_taken":0,"max_hp_gain":0,"max_hp_loss":0,"event_name":"Living Wall","floor":7,"gold_loss":0,"cards_upgraded":["Magnetism"]},{"damage_healed":0,"gold_gain":0,"player_choice":"Got Potions","damage_taken":0,"max_hp_gain":0,"max_hp_loss":0,"event_name":"Lab","floor":29,"gold_loss":0},{"damage_healed":0,"gold_gain":0,"player_choice":"Max HP","damage_taken":0,"max_hp_gain":0,"max_hp_loss":0,"event_name":"Winding Halls","floor":36,"gold_loss":0},{"damage_healed":0,"gold_gain":0,"player_choice":"Ignored","damage_taken":0,"max_hp_gain":0,"max_hp_loss":0,"event_name":"Tomb of Lord Red Mask","floor":38,"gold_loss":0}],"is_beta":false,"boss_relics":[{"not_picked":["hubris:GrandSneckoEye","Snecko Eye"],"picked":"Ectoplasm"},{"not_picked":["Astrolabe","hubris:Stopwatch"],"picked":"hubris:Backtick"}],"items_purged_floors":[],"is_endless":false,"potions_floor_spawned":[4,5,6,8,16,30,33,40,41,46,48],"ascension_level":0}}