{"host":"6pcojuaa041y50xg","time":1613382450,"event":{"mods":["2.2 Compatiblity","Act Like it!","Arknights","BaseMod","Better Match","Better Third Choice","BetterRewards","ChefMod","Colored Powertips","Conspire","Ekko","GifTheSpireLib","Halation","Hallownest","Hermit","Hubris","Infinite Spire","Mad Scientist","Minty Spire (QoL Compilation)","Pale of the Ancients","Rare Cards Sparkle","Reliquary","StSLib","Stuff the Spire","SuperFastMode","The Animator","The Blackbeard","The Bladedancer","The Bug Knight","The Gatherer","The Hierophant","The IronCluck","The Judge","The Jungle","The Marked","The Necromancer","The Runesmith","The Servant 0.9.4","The Valiant","The Witch","TheSwordswoman","Trackpad","Wandering Minibosses","everything is the same but u backflip on backflip"],"gold_per_floor":[119,139,150,425,444,475,475,475,475],"floor_reached":8,"language":"ENG","playtime":392,"items_purged":[],"score":58,"play_id":"65f4c7a2-66bc-45b7-add2-aaa723cc867e","local_time":"20210215014730","is_ascension_mode":false,"campfire_choices":[{"data":"hermit:Covet","floor":7,"key":"SMITH"}],"circlet_count":0,"master_deck":["hermit:Strike_Hermit","hermit:Strike_Hermit","hermit:Strike_Hermit","hermit:Strike_Hermit","hermit:Defend_Hermit","hermit:Defend_Hermit","hermit:Defend_Hermit","hermit:Defend_Hermit","hermit:Snapshot","hermit:Covet+1","Finesse","hermit:NoHoldsBarred","hermit:LoneWolf","hermit:SprayPray","Regret","hermit:SprayPray","hermit:Feint"],"relics":["hermit:Momento","reliquary:TuningFork"],"acts_visited":["Exordium"],"potions_floor_usage":[6,8],"damage_taken":[{"damage":1,"enemies":"Jaw Worm","floor":1,"turns":3},{"damage":5,"enemies":"conspire:RoseBush","floor":2,"turns":2},{"damage":0,"enemies":"2 Louse","floor":3,"turns":2},{"damage":2,"enemies":"2 Fungi Beasts","floor":5,"turns":2},{"damage":30,"enemies":"3 Sentries","floor":6,"turns":7},{"damage":44,"enemies":"Lagavulin","floor":8,"turns":7}],"seed_played":"-5105204472204547784","potions_obtained":[{"floor":2,"key":"Energy Potion"},{"floor":3,"key":"Weak Potion"}],"is_trial":false,"path_per_floor":["M","M","M","?","M","E","R","E"],"character_chosen":"HERMIT","items_purchased":[],"campfire_rested":0,"item_purchase_floors":[],"current_hp_per_floor":[74,69,69,69,67,37,37,0,0],"gold":475,"neow_bonus":"RANDOM_COLORLESS","is_daily":false,"chose_seed":false,"campfire_upgraded":1,"win_rate":0.0,"timestamp":1613382450,"path_taken":["M","M","M","?","?","E","R","E"],"items_purchased_type":[],"build_version":"2020-12-22","purchased_purges":0,"victory":false,"max_hp_per_floor":[75,75,75,75,75,75,75,75,75],"card_choices":[{"not_picked":["hubris:Ssssneak","PanicButton"],"picked":"Finesse","floor":0},{"not_picked":["hermit:HighCaliber","hermit:BodyArmor"],"picked":"hermit:NoHoldsBarred","floor":1},{"not_picked":["hermit:Scavenge","hermit:Manifest"],"picked":"hermit:LoneWolf","floor":2},{"not_picked":["hermit:WideOpen","hermit:Dive"],"picked":"hermit:SprayPray","floor":3},{"not_picked":["hermit:Midnight","hermit:WideOpen"],"picked":"hermit:SprayPray","floor":5},{"not_picked":["hermit:Determination","hermit:TakeAim"],"picked":"hermit:Feint","floor":6}],"player_experience":521868,"relics_obtained":[{"floor":6,"key":"reliquary:TuningFork"}],"event_choices":[{"damage_healed":0,"gold_gain":275,"player_choice":"Desecrate","damage_taken":0,"max_hp_gain":0,"max_hp_loss":0,"event_name":"Golden Shrine","floor":4,"gold_loss":0,"cards_obtained":["Regret"]}],"is_beta":false,"boss_relics":[],"items_purged_floors":[],"is_endless":false,"potions_floor_spawned":[2,3],"killed_by":"Lagavulin","ascension_level":0}}