{"host":"04x9isxu4s2lvye3","time":1613421792,"event":{"mods":["BaseMod","Colored Powertips","Highlight Path","Minty Spire (QoL Compilation)"],"gold_per_floor":[114,114,125,141,141,141,176,176,202,228,228,240,254,219,219,321,321,336,33,53,70,70,105,105,122,122,142,159,170,85,185,185,285,285,297,145,145,160,180,180,209,10,36,67,67,79,124,136,136,136],"floor_reached":51,"language":"ENG","playtime":2733,"items_purged":["Strike_R"],"score":1011,"play_id":"a3d2737c-b32b-4f7f-b841-f699c4bd487c","local_time":"20210215154312","is_ascension_mode":true,"campfire_choices":[{"data":"Uppercut","floor":6.0,"key":"SMITH"},{"data":"Shrug It Off","floor":8.0,"key":"SMITH"},{"data":"Berserk","floor":11.0,"key":"SMITH"},{"data":"Battle Trance","floor":15.0,"key":"SMITH"},{"data":"Apotheosis","floor":24.0,"key":"SMITH"},{"data":"Demon Form","floor":32.0,"key":"SMITH"},{"data":"Limit Break","floor":40.0,"key":"SMITH"},{"data":"Flame Barrier","floor":45,"key":"SMITH"},{"floor":49,"key":"REST"}],"circlet_count":0,"master_deck":["Defend_R","Defend_R","Defend_R","Defend_R","Bash+1","Battle Trance+1","Thunderclap","Uppercut+1","Bash","Shrug It Off+1","Berserk+1","Demon Form+1","Clothesline","Apotheosis+1","Flame Barrier+1","Warcry","Inflame","Bite","Bite","Bite","Bite","Bite","Anger+1","Impervious","Limit Break+1","Bloodletting+1","Master of Strategy","Inflame+1","Doubt","Heavy Blade+1","Metallicize+1","Parasite","Flame Barrier+1","Metallicize+1"],"relics":["Burning Blood","Bronze Scales","FossilizedHelix","Orichalcum","Centennial Puzzle","Velvet Choker","Ornamental Fan","Boot","Strawberry","Bird Faced Urn","Matryoshka","Cursed Key","Vajra","Red Skull","Potion Belt","Frozen Egg 2","Dream Catcher","Molten Egg 2","Calipers"],"acts_visited":["Exordium","TheCity","TheBeyond"],"potions_floor_usage":[47,50,50],"damage_taken":[{"damage":3.0,"enemies":"2 Louse","floor":1.0,"turns":3.0},{"damage":5.0,"enemies":"Small Slimes","floor":3.0,"turns":3.0},{"damage":1.0,"enemies":"Cultist","floor":4.0,"turns":4.0},{"damage":46.0,"enemies":"Lagavulin","floor":7.0,"turns":7.0},{"damage":17.0,"enemies":"3 Sentries","floor":10.0,"turns":8.0},{"damage":0.0,"enemies":"2 Fungi Beasts","floor":12.0,"turns":3.0},{"damage":0.0,"enemies":"Looter","floor":13.0,"turns":3.0},{"damage":16.0,"enemies":"Hexaghost","floor":16.0,"turns":9.0},{"damage":20.0,"enemies":"2 Thieves","floor":18.0,"turns":4.0},{"damage":0.0,"enemies":"Spheric Guardian","floor":20.0,"turns":4.0},{"damage":11.0,"enemies":"Centurion and Healer","floor":21.0,"turns":5.0},{"damage":52.0,"enemies":"Slavers","floor":23.0,"turns":5.0},{"damage":30.0,"enemies":"Snake Plant","floor":25.0,"turns":4.0},{"damage":6.0,"enemies":"Shelled Parasite and Fungi","floor":27.0,"turns":3.0},{"damage":8.0,"enemies":"Centurion and Healer","floor":28.0,"turns":5.0},{"damage":0.0,"enemies":"Snake Plant","floor":29.0,"turns":3.0},{"damage":4.0,"enemies":"Colosseum Slavers","floor":31.0,"turns":5.0},{"damage":9.0,"enemies":"Colosseum Nobs","floor":31.0,"turns":4.0},{"damage":14.0,"enemies":"Collector","floor":33.0,"turns":10.0},{"damage":23.0,"enemies":"3 Darklings","floor":35.0,"turns":5.0},{"damage":8.0,"enemies":"3 Shapes","floor":38.0,"turns":3.0},{"damage":6.0,"enemies":"Spire Growth","floor":39.0,"turns":4.0},{"damage":40,"enemies":"Reptomancer","floor":41,"turns":6},{"damage":0,"enemies":"Nemesis","floor":44,"turns":5},{"damage":13,"enemies":"Jaw Worm Horde","floor":46,"turns":3},{"damage":48,"enemies":"2 Orb Walkers","floor":47,"turns":6},{"damage":18,"enemies":"Writhing Mass","floor":48,"turns":5},{"damage":54,"enemies":"Donu and Deca","floor":50,"turns":7}],"seed_played":"1980908294876562336","potions_obtained":[{"floor":4.0,"key":"LiquidBronze"},{"floor":7.0,"key":"ColorlessPotion"},{"floor":10.0,"key":"Fire Potion"},{"floor":12.0,"key":"LiquidBronze"},{"floor":13.0,"key":"SkillPotion"},{"floor":18.0,"key":"PowerPotion"},{"floor":20.0,"key":"SteroidPotion"},{"floor":23.0,"key":"BlessingOfTheForge"},{"floor":29.0,"key":"SkillPotion"},{"floor":33.0,"key":"Block Potion"},{"floor":38.0,"key":"LiquidMemories"},{"floor":46,"key":"BloodPotion"},{"floor":47,"key":"BlessingOfTheForge"},{"floor":48,"key":"Block Potion"}],"is_trial":false,"path_per_floor":["M","?","M","M","?","R","E","R","T","E","R","M","M","?","R","B",null,"M","$","M","M","?","E","R","M","T","M","M","M","?","?","R","B",null,"M","$","?","M","M","R","E","$","T","E","R","M","?","M","R","B",null],"character_chosen":"IRONCLAD","items_purchased":["Apotheosis","Flame Barrier","Vajra","Potion Belt","Energy Potion"],"campfire_rested":1,"item_purchase_floors":[19,19,36,42,42],"current_hp_per_floor":[75,72,73,78,78,78,38,38,38,27,27,33,39,59,59,49,72,58,58,64,59,56,25,25,9,9,21,33,51,58,63,63,63,63,63,63,58,63,63,63,48,48,48,63,63,63,38,46,63,33],"gold":136,"neow_bonus":"UPGRADE_CARD","is_daily":false,"chose_seed":false,"campfire_upgraded":8,"win_rate":0.0,"timestamp":1613421792,"path_taken":["M","?","M","M","?","R","E","R","T","E","R","M","?","?","R","BOSS","M","$","M","M","?","E","R","M","T","M","M","M","?","?","R","BOSS","M","$","?","M","M","R","E","$","T","E","R","M","?","M","R","BOSS"],"items_purchased_type":["Card","Card","Relic","Relic","Potion"],"build_version":"2020-12-22","purchased_purges":1,"victory":true,"max_hp_per_floor":[80,80,80,80,80,80,80,80,80,80,80,80,80,80,80,80,80,80,80,80,80,56,56,56,56,56,56,56,56,63,63,63,63,63,63,63,63,63,63,63,63,63,63,63,63,63,63,63,63,63],"card_choices":[{"not_picked":["Armaments","Anger"],"picked":"Battle Trance","floor":1.0},{"not_picked":["Battle Trance","Dropkick"],"picked":"Thunderclap","floor":3.0},{"not_picked":["Wild Strike","Spot Weakness"],"picked":"Uppercut","floor":4.0},{"not_picked":["Perfected Strike","Feel No Pain"],"picked":"Shrug It Off","floor":7.0},{"not_picked":["Pummel","Cleave"],"picked":"Berserk","floor":10.0},{"not_picked":["Body Slam","Cleave","Flex"],"picked":"SKIP","floor":12.0},{"not_picked":["Rage","Headbutt","Anger"],"picked":"SKIP","floor":13.0},{"not_picked":["Double Tap","Barricade"],"picked":"Demon Form","floor":16.0},{"not_picked":["Shrug It Off","Pommel Strike"],"picked":"Clothesline","floor":18.0},{"not_picked":["Clash+1","Perfected Strike"],"picked":"Warcry","floor":20.0},{"not_picked":["Disarm","Iron Wave"],"picked":"Inflame","floor":21.0},{"not_picked":["Iron Wave","Sword Boomerang+1"],"picked":"Anger+1","floor":23.0},{"not_picked":["Headbutt","Twin Strike","Flex"],"picked":"SKIP","floor":25.0},{"not_picked":["Clash","Cleave+1","Pommel Strike"],"picked":"SKIP","floor":27.0},{"not_picked":["Wild Strike","Bloodletting+1"],"picked":"Impervious","floor":28.0},{"not_picked":["Rupture","Hemokinesis","Wild Strike"],"picked":"SKIP","floor":29.0},{"not_picked":["Bludgeon","Demon Form"],"picked":"Limit Break","floor":33.0},{"not_picked":["Anger+1","Clash+1"],"picked":"Bloodletting+1","floor":35.0},{"not_picked":["Jack Of All Trades","Purity"],"picked":"Master of Strategy","floor":37.0},{"not_picked":["Havoc+1","Cleave","Pommel Strike+1"],"picked":"SKIP","floor":38.0},{"not_picked":["Iron Wave+1","Fire Breathing"],"picked":"Inflame+1","floor":39.0},{"not_picked":["Power Through","Twin Strike","Disarm"],"picked":"SKIP","floor":41},{"not_picked":["Infernal Blade","Cleave+1"],"picked":"Heavy Blade+1","floor":44},{"not_picked":["Thunderclap+1","Warcry+1","Pommel Strike+1"],"picked":"SKIP","floor":46},{"not_picked":["Reckless Charge+1","Ghostly Armor+1"],"picked":"Metallicize+1","floor":47},{"not_picked":["Dropkick+1","Clash+1"],"picked":"Flame Barrier+1","floor":48},{"not_picked":["Infernal Blade","Second Wind+1"],"picked":"Metallicize+1","floor":49}],"player_experience":303549,"relics_obtained":[{"floor":7.0,"key":"FossilizedHelix"},{"floor":9.0,"key":"Orichalcum"},{"floor":10.0,"key":"Centennial Puzzle"},{"floor":23.0,"key":"Ornamental Fan"},{"floor":26.0,"key":"Boot"},{"floor":31.0,"key":"Bird Faced Urn"},{"floor":31.0,"key":"Matryoshka"},{"floor":41,"key":"Red Skull"},{"floor":43,"key":"Frozen Egg 2"},{"floor":43,"key":"Dream Catcher"},{"floor":44,"key":"Molten Egg 2"},{"floor":47,"key":"Calipers"}],"event_choices":[{"damage_healed":0.0,"max_hp_gain":0.0,"max_hp_loss":0.0,"gold_gain":0.0,"event_name":"Scrap Ooze","player_choice":"Success","floor":2.0,"gold_loss":0.0,"damage_taken":3.0,"relics_obtained":["Bronze Scales"]},{"damage_healed":0.0,"max_hp_gain":0.0,"max_hp_loss":0.0,"gold_gain":0.0,"event_name":"Match and Keep!","player_choice":"1 cards matched","floor":5.0,"gold_loss":0.0,"damage_taken":0.0,"cards_obtained":["Bash"]},{"damage_healed":20.0,"max_hp_gain":0.0,"max_hp_loss":0.0,"gold_gain":0.0,"event_name":"The Cleric","player_choice":"Healed","floor":14.0,"gold_loss":35.0,"damage_taken":0.0},{"damage_healed":0.0,"max_hp_gain":0.0,"max_hp_loss":24.0,"gold_gain":0.0,"event_name":"Vampires","player_choice":"Became a vampire","floor":22.0,"gold_loss":0.0,"damage_taken":0.0,"cards_obtained":["Bite","Bite","Bite","Bite","Bite"]},{"damage_healed":0.0,"max_hp_gain":0.0,"max_hp_loss":0.0,"gold_gain":0.0,"event_name":"Addict","player_choice":"Obtained Relic","floor":30.0,"gold_loss":85.0,"damage_taken":0.0,"relics_obtained":["Strawberry"]},{"damage_healed":0.0,"max_hp_gain":0.0,"max_hp_loss":0.0,"gold_gain":0.0,"event_name":"Colosseum","player_choice":"Fight","floor":31.0,"gold_loss":0.0,"damage_taken":0.0},{"damage_healed":0.0,"max_hp_gain":0.0,"max_hp_loss":0.0,"gold_gain":0.0,"event_name":"Colosseum","player_choice":"Fought Nobs","floor":31.0,"gold_loss":0.0,"damage_taken":0.0},{"damage_healed":0.0,"max_hp_gain":0.0,"max_hp_loss":0.0,"gold_gain":0.0,"event_name":"SensoryStone","player_choice":"Memory 2","floor":37.0,"gold_loss":0.0,"damage_taken":5.0},{"damage_healed":0,"gold_gain":0,"player_choice":"Fight","damage_taken":0,"max_hp_gain":0,"max_hp_loss":0,"event_name":"Mysterious Sphere","floor":47,"gold_loss":0}],"is_beta":false,"boss_relics":[{"not_picked":["SacredBark","Tiny House"],"picked":"Velvet Choker"},{"not_picked":["Busted Crown","Runic Pyramid"],"picked":"Cursed Key"}],"items_purged_floors":[19],"is_endless":false,"potions_floor_spawned":[4,7,10,12,13,18,20,23,29,31,33,38,46,47,48],"ascension_level":6}}