{"host":"d6oxvn0vsgxeumax","time":1613409298,"event":{"mods":["BaseMod","Better Altar","Better Match","Better Note","Better Sensory Stone","Better Skull","Better Third Choice","BetterRewards","Bossed Relics","Colored Powertips","Defuse TimeMaze Blight","Downfall","Hubris","Infinite Spire","Minty Spire (QoL Compilation)","Relic Sorter","Replay The Spire","Shop Mod","Spicy Shops","Spire Arcade","StSLib","The Bug Knight"],"gold_per_floor":[99,114,114,129,129,129,129,129],"floor_reached":6,"language":"ENG","playtime":296,"items_purged":[],"score":36,"play_id":"f1321c9d-f214-4d36-9847-72a3563a2333","local_time":"20210215111458","is_ascension_mode":true,"campfire_choices":[{"floor":1.0,"key":"RECALL"}],"circlet_count":0,"master_deck":["Guardian:Strike_Guardian","Guardian:Strike_Guardian","Guardian:Strike_Guardian","Guardian:Strike_Guardian","Guardian:Defend_Guardian","Guardian:Defend_Guardian","Guardian:Defend_Guardian","Guardian:Defend_Guardian","Guardian:CurlUp","Guardian:TwinSlam","Guardian:Gem_Crimson"],"relics":["m_SnakeBloodCore","WingedGreaves","hubris:FruitBowl","Singing Bowl","hubris:EvacipatedBox","infinitespire:Cubic Diamond"],"acts_visited":["Exordium"],"potions_floor_usage":[6,6],"damage_taken":[{"damage":0.0,"enemies":"Cultist","floor":2.0,"turns":4.0},{"damage":0.0,"enemies":"2 Louse","floor":4.0,"turns":3.0},{"damage":11,"enemies":"3 Sentries","floor":6,"turns":6}],"seed_played":"5605377064849558927","potions_obtained":[{"floor":2.0,"key":"LifebloodPotion"},{"floor":4.0,"key":"Reflective Coating"}],"is_trial":false,"path_per_floor":["R","M","$","M","?","E"],"character_chosen":"GUARDIAN","items_purchased":["hubris:FruitBowl","Singing Bowl","hubris:EvacipatedBox"],"campfire_rested":0,"item_purchase_floors":[3,3,3],"current_hp_per_floor":[56,56,1,4,4,0,0,0],"gold":129,"neow_bonus":"ONE_RARE_RELIC","is_daily":false,"chose_seed":false,"campfire_upgraded":0,"win_rate":0.0,"timestamp":1613409298,"path_taken":["R","M","?","?","?","E"],"items_purchased_type":["Relic","Relic","Relic"],"build_version":"2020-12-22","purchased_purges":0,"victory":false,"max_hp_per_floor":[80,80,80,83,83,83,83,83],"card_choices":[{"not_picked":["Guardian:Recover","Guardian:EvasiveProtocol"],"picked":"Guardian:Gem_Crimson","floor":2.0},{"not_picked":["Guardian:CrystalBeam","Guardian:Reroute","Guardian:Recover"],"picked":"Singing Bowl","floor":4.0}],"player_experience":1092581,"relics_obtained":[],"event_choices":[],"is_beta":false,"boss_relics":[],"items_purged_floors":[],"is_endless":false,"potions_floor_spawned":[2,4],"killed_by":"3 Sentries","ascension_level":1}}