{"host":"6hzrz31j95f2y1pa","time":1613371359,"event":{"mods":["BaseMod","Colored Map","Downfall","Minty Spire (QoL Compilation)","StSLib"],"gold_per_floor":[99,118,2,22,33,58,84,104,136,36,36,36,55,4,20,121,121,121,132,407,48,59,91,116,141,152,167,187,268,294,294,305,405,405,205,216,91,104,104,104,104,130,148,183,183,195,195,245,257,257,257,289,86,86,86,86,86,86],"floor_reached":56,"language":"ENG","playtime":3013,"items_purged":["Regret","bronze:Strike","bronze:Strike"],"score":1313,"play_id":"18dfac4e-7e02-45f8-8837-ae5b10732a2e","local_time":"20210215014239","is_ascension_mode":true,"campfire_choices":[{"data":"bronze:Goto","floor":1.0,"key":"SMITH"},{"data":"bronze:Branch","floor":10,"key":"SMITH"},{"floor":18,"key":"RECALL"},{"data":"bronze:Virus","floor":35,"key":"SMITH"},{"data":"bronze:Optimize","floor":40,"key":"SMITH"},{"floor":54,"key":"REST"}],"circlet_count":0,"master_deck":["bronze:Strike","bronze:Strike","bronze:Defend","bronze:Defend","bronze:Defend+1","bronze:Defend","bronze:Replicate","bronze:Goto+1","bronze:Overheat","bronze:Philosophize","bronze:Invalidate+1","bronze:OilSpill","bronze:DelayedSlice","bronze:Branch+1","bronze:FollowUp","bronze:Separator","bronze:Terminator+1","bronze:DazingPulse","bronze:GetLatest+1","bronze:Constructor+1","bronze:Optimize+1","bronze:CutThrough","bronze:TinkerersToolbox+1","bronze:DelayedGuard+1","bronze:Flail","bronze:Boost+1","expansioncontent:QuickStudy+1","bronze:ForceShield+1","bronze:Virus+1","bronze:Overheat","Parasite","expansioncontent:YouAreMine+1","bronze:Deprecate+1","Panache"],"relics":["bronze:BronzeCore","Guardian:PocketSentry","War Paint","CaptainsWheel","downfall:HeartBlessingGreen","Toxic Egg 2","Runic Pyramid","Vajra","Strawberry","Bottled Flame","Happy Flower","Cursed Key","downfall:HeartBlessingRed","downfall:HeartBlessingBlue","Singing Bowl","Torii","bronze:SilverBullet","Prayer Wheel","Akabeko"],"acts_visited":["Exordium","TheCity","TheBeyond","TheEnding"],"potions_floor_usage":[9,14,19,21,26,30,52,56,56,56,56,56],"damage_taken":[{"damage":2.0,"enemies":"2 Louse","floor":2.0,"turns":3.0},{"damage":0.0,"enemies":"downfall:FleeingMerchant","floor":3.0,"turns":4.0},{"damage":9,"enemies":"Jaw Worm","floor":4,"turns":3},{"damage":0,"enemies":"Cultist","floor":5,"turns":2},{"damage":17,"enemies":"Lagavulin","floor":6,"turns":5},{"damage":0,"enemies":"3 Louse","floor":8,"turns":2},{"damage":2,"enemies":"3 Sentries","floor":9,"turns":4},{"damage":0,"enemies":"3 Sentries","floor":12,"turns":1},{"damage":0,"enemies":"Gremlin Gang","floor":13,"turns":3},{"damage":0,"enemies":"downfall:FleeingMerchant","floor":14,"turns":4},{"damage":0,"enemies":"Large Slime","floor":15,"turns":4},{"damage":16,"enemies":"DF_ARCHETYPE_STREAMLINE","floor":16,"turns":7},{"damage":0,"enemies":"Chosen","floor":19,"turns":3},{"damage":3,"enemies":"downfall:FleeingMerchant","floor":21,"turns":4},{"damage":7,"enemies":"downfall:LooterAlt2","floor":22,"turns":4},{"damage":0,"enemies":"Book of Stabbing","floor":23,"turns":4},{"damage":7,"enemies":"Gremlin Leader","floor":25,"turns":6},{"damage":12,"enemies":"Snecko","floor":26,"turns":3},{"damage":1,"enemies":"Snake Plant","floor":27,"turns":4},{"damage":3,"enemies":"Centurion and Healer","floor":28,"turns":5},{"damage":0,"enemies":"downfall:FleeingMerchant","floor":29,"turns":1},{"damage":5,"enemies":"Book of Stabbing","floor":30,"turns":5},{"damage":0,"enemies":"Sentry and Sphere","floor":32,"turns":3},{"damage":24,"enemies":"WA_ARCHETYPE_CALM","floor":33,"turns":8},{"damage":4,"enemies":"3 Darklings","floor":36,"turns":2},{"damage":7,"enemies":"3 Shapes","floor":38,"turns":3},{"damage":0,"enemies":"Giant Head","floor":42,"turns":5},{"damage":0,"enemies":"3 Darklings","floor":43,"turns":3},{"damage":0,"enemies":"Reptomancer","floor":44,"turns":4},{"damage":0,"enemies":"4 Shapes","floor":46,"turns":3},{"damage":10,"enemies":"4 Shapes","floor":48,"turns":4},{"damage":0,"enemies":"Jaw Worm Horde","floor":49,"turns":2},{"damage":9,"enemies":"SI_POISON_ARCHETYPE","floor":50,"turns":10},{"damage":46,"enemies":"downfall:CharBossMerchant","floor":52,"turns":8},{"damage":23,"enemies":"downfall:NeowBoss","floor":55,"turns":12},{"damage":83,"enemies":"downfall:NeowBossFinal","floor":56,"turns":8}],"seed_played":"7140801428794511631","potions_obtained":[{"floor":4,"key":"Energy Potion"},{"floor":6,"key":"Fire Potion"},{"floor":8,"key":"DistilledChaos"},{"floor":9,"key":"Weak Potion"},{"floor":16,"key":"ColorlessPotion"},{"floor":22,"key":"Fruit Juice"},{"floor":23,"key":"Ancient Potion"},{"floor":28,"key":"EntropicBrew"},{"floor":32,"key":"hexamod:SoulburnPotion"},{"floor":43,"key":"DistilledChaos"},{"floor":46,"key":"Regen Potion"}],"is_trial":false,"path_per_floor":["R","M","$","M","M","E","T","M","E","R","?","?","M","$","M","B",null,"R","M","?","$","M","E","T","E","M","M","M","$","E","?","M","B",null,"R","M","$","M","?","R","T","E","M","E","T","M","?","?","M","B",null,"E","$","R","B","B"],"character_chosen":"THE_AUTOMATON","items_purchased":["bronze:Invalidate","bronze:OilSpill","bronze:Optimize","Vajra","bronze:DelayedGuard+1","bronze:Flail","expansioncontent:QuickStudy","bronze:Deprecate+1","Panache"],"campfire_rested":1,"item_purchase_floors":[3,3,14,21,21,21,29,53,53],"current_hp_per_floor":[70,68,68,59,59,42,42,42,40,40,33,33,33,33,33,17,62,62,62,62,59,52,59,59,52,45,44,41,41,36,36,36,12,70,80,76,76,69,69,69,69,71,73,75,75,77,77,69,73,64,101,57,57,91,68,0,0,0],"gold":86,"neow_bonus":"TEN_PERCENT_HP_BONUS","is_daily":false,"chose_seed":false,"campfire_upgraded":4,"win_rate":0.0,"timestamp":1613371359,"path_taken":["R","M","$","M","M","E","T","M","E","R","?","?","?","?","M","BOSS","R","M","?","$","M","E","T","E","?","M","M","$","E","?","M","BOSS","R","M","?","?","?","R","T","E","M","E","?","M","?","?","M","BOSS","E","$","R","BOSS","BOSS"],"items_purchased_type":["Card","Card","Card","Relic","Card","Card","Card","Card","Card"],"build_version":"2020-12-22","purchased_purges":3,"victory":false,"max_hp_per_floor":[77,77,77,77,77,77,77,77,77,77,77,77,77,77,77,77,77,77,77,77,77,77,84,84,84,89,89,89,89,89,89,89,89,89,99,99,99,99,99,99,99,101,103,105,105,107,107,109,113,113,113,115,115,115,115,115,115,115],"card_choices":[{"not_picked":["bronze:WildBeam","bronze:BronzeArmor"],"picked":"bronze:Overheat","floor":2.0},{"not_picked":["bronze:Iterate","bronze:BitShift"],"picked":"bronze:Philosophize","floor":3.0},{"not_picked":["bronze:ForLoop","bronze:Frontload"],"picked":"bronze:DelayedSlice","floor":4},{"not_picked":["bronze:Shield","bronze:Iterate"],"picked":"bronze:Branch","floor":5},{"not_picked":["bronze:ChildClass","bronze:ChosenStrike"],"picked":"bronze:FollowUp","floor":6},{"not_picked":["bronze:Fortify","bronze:Branch","bronze:BugBarrage"],"picked":"SKIP","floor":8},{"not_picked":["bronze:Shell","bronze:ForLoop"],"picked":"bronze:Separator","floor":9},{"not_picked":["bronze:Turbo+1","bronze:CutThrough"],"picked":"bronze:Terminator+1","floor":12},{"not_picked":[],"picked":"bronze:DazingPulse","floor":12},{"not_picked":["bronze:Separator","bronze:Frontload+1"],"picked":"bronze:GetLatest+1","floor":13},{"not_picked":["bronze:BitShift+1","bronze:Fortify"],"picked":"bronze:Constructor+1","floor":14},{"not_picked":["bronze:BugBarrage","bronze:CutThrough","bronze:Constructor+1"],"picked":"SKIP","floor":15},{"not_picked":["bronze:BugBarrage","bronze:Constructor+1"],"picked":"bronze:CutThrough","floor":15},{"not_picked":["bronze:HyperBeam","bronze:Verify"],"picked":"bronze:TinkerersToolbox+1","floor":16},{"not_picked":["bronze:Constructor+1","bronze:Terminator+1","bronze:Safeguard+1"],"picked":"SKIP","floor":19},{"not_picked":["bronze:Backtrace","bronze:ChosenStrike","bronze:Shield+1"],"picked":"SKIP","floor":21},{"not_picked":["bronze:OilSpill","bronze:BitShift+1","bronze:Invalidate+1"],"picked":"SKIP","floor":22},{"not_picked":["bronze:Separator","bronze:Overload+1","bronze:Flail"],"picked":"SKIP","floor":23},{"not_picked":["bronze:Frontload+1","bronze:Verify","bronze:Separator"],"picked":"SKIP","floor":25},{"not_picked":["bronze:OilSpill","bronze:Shield+1","bronze:Turbo+1"],"picked":"SKIP","floor":26},{"not_picked":["bronze:BuggyMess+1","bronze:Flail","bronze:GetLatest+1"],"picked":"SKIP","floor":27},{"not_picked":["bronze:WildBeam+1","bronze:Shield+1"],"picked":"bronze:Boost+1","floor":28},{"not_picked":["bronze:Flail","bronze:Allocate+1"],"picked":"bronze:InfiniteBeams","floor":29},{"not_picked":["bronze:CutThrough+1","bronze:Frontload+1","bronze:ForceShield+1"],"picked":"SKIP","floor":30},{"not_picked":["bronze:CutThrough+1","bronze:Frontload+1"],"picked":"bronze:ForceShield+1","floor":30},{"not_picked":["bronze:DarkDash+1","bronze:Iterate+1","bronze:BugBarrage"],"picked":"SKIP","floor":32},{"not_picked":["bronze:TinkerersToolbox+1","bronze:FindAndReplace+1"],"picked":"bronze:Virus","floor":33},{"not_picked":["bronze:Overheat","bronze:WildBeam","bronze:Iterate"],"picked":"SKIP","floor":36},{"not_picked":["bronze:Overheat","bronze:WildBeam","bronze:Iterate"],"picked":"SKIP","floor":36},{"not_picked":["bronze:WildBeam","bronze:Iterate"],"picked":"bronze:Overheat","floor":36},{"not_picked":["bronze:OilSpill+1","bronze:ChildClass+1","bronze:Turbo+1"],"picked":"SKIP","floor":38},{"not_picked":["bronze:Turbo+1","bronze:DelayedSlice","bronze:Allocate+1"],"picked":"Singing Bowl","floor":42},{"not_picked":["bronze:Separator","bronze:Turbo+1","bronze:Return+1"],"picked":"Singing Bowl","floor":43},{"not_picked":["bronze:Turbo+1","bronze:GetLatest+1","bronze:Shield+1"],"picked":"Singing Bowl","floor":44},{"not_picked":["bronze:Allocate+1","bronze:WhirlingStrike+1","bronze:OilSpill+1"],"picked":"Singing Bowl","floor":46},{"not_picked":["expansioncontent:PrepareCrush","expansioncontent:PolyBeam"],"picked":"expansioncontent:YouAreMine","floor":47},{"not_picked":["bronze:Format+1","bronze:ItsAFeature+1","bronze:Branch+1"],"picked":"Singing Bowl","floor":48},{"not_picked":["bronze:BuggyMess+1","bronze:ClassDefault","bronze:ForceShield+1"],"picked":"Singing Bowl","floor":49},{"not_picked":["bronze:Frontload+1","bronze:Boost+1","bronze:ChildClass+1"],"picked":"Singing Bowl","floor":49},{"not_picked":["bronze:Frontload+1","bronze:WhirlingStrike+1","bronze:BugBarrage"],"picked":"Singing Bowl","floor":52}],"player_experience":1442924,"relics_obtained":[{"floor":6,"key":"Guardian:PocketSentry"},{"floor":7,"key":"War Paint"},{"floor":9,"key":"CaptainsWheel"},{"floor":23,"key":"Strawberry"},{"floor":25,"key":"Bottled Flame"},{"floor":30,"key":"Happy Flower"},{"floor":41,"key":"Singing Bowl"},{"floor":42,"key":"Torii"},{"floor":44,"key":"bronze:SilverBullet"},{"floor":48,"key":"Prayer Wheel"},{"floor":52,"key":"Akabeko"}],"event_choices":[{"damage_healed":0,"gold_gain":0,"player_choice":"Success","damage_taken":7,"relics_obtained":["Toxic Egg 2"],"max_hp_gain":0,"max_hp_loss":0,"event_name":"Scrap Ooze","floor":11,"gold_loss":0},{"cards_removed":["bronze:InfiniteBeams"],"damage_healed":0,"gold_gain":0,"player_choice":"Removed Power","damage_taken":0,"max_hp_gain":0,"max_hp_loss":0,"event_name":"Falling","floor":39,"gold_loss":0}],"is_beta":false,"boss_relics":[{"not_picked":["SacredBark","bronze:ElectromagneticCoil"],"picked":"Runic Pyramid"},{"not_picked":["Astrolabe","Runic Dome"],"picked":"Cursed Key"}],"items_purged_floors":[21,29,37],"is_endless":false,"potions_floor_spawned":[4,6,8,9,13,16,22,23,25,28,32,36,43,46,49],"killed_by":"downfall:NeowBossFinal","ascension_level":9}}