{"host":"8rqsnaeml9gxb0kp","time":1613354709,"event":{"mods":["AchievementEnabler","BaseMod","Colored Powertips","Dark Map","Minty Spire (QoL Compilation)","Rare Cards Sparkle","Relic Stats","StSLib","slay the spire mod where everything is the same but ironclad has a cowboy hat"],"gold_per_floor":[115,125,46,57,72,72,101,101,155,172,172,207,172,189,189,292,292,310,310,310],"floor_reached":19,"language":"ENG","playtime":849,"items_purged":[],"score":224,"play_id":"a304f43f-2e68-48d2-a10a-845ae507216f","local_time":"20210214180509","is_ascension_mode":true,"campfire_choices":[{"data":"Dash","floor":6.0,"key":"SMITH"},{"data":"PiercingWail","floor":8.0,"key":"SMITH"},{"floor":11.0,"key":"REST"},{"floor":15.0,"key":"REST"}],"circlet_count":0,"master_deck":["Strike_G","Strike_G","Strike_G","Strike_G","Strike_G","Defend_G","Defend_G","Defend_G","Defend_G","Defend_G","Survivor","Neutralize","Dash+1","Finisher","Caltrops","Dagger Throw","Deadly Poison","PiercingWail+1","Acrobatics","Reflex","Burst","Blade Dance"],"relics":["Ring of the Serpent","NeowsBlessing","Letter Opener","MealTicket","Vajra"],"acts_visited":["Exordium","TheCity"],"potions_floor_usage":[],"damage_taken":[{"damage":0.0,"enemies":"Small Slimes","floor":1.0,"turns":1.0},{"damage":0.0,"enemies":"Cultist","floor":2.0,"turns":1.0},{"damage":0.0,"enemies":"Jaw Worm","floor":4.0,"turns":1.0},{"damage":1.0,"enemies":"2 Fungi Beasts","floor":5.0,"turns":3.0},{"damage":32.0,"enemies":"Gremlin Nob","floor":7.0,"turns":5.0},{"damage":11.0,"enemies":"Exordium Thugs","floor":10.0,"turns":3.0},{"damage":22.0,"enemies":"3 Sentries","floor":12.0,"turns":9.0},{"damage":12.0,"enemies":"Gremlin Gang","floor":14.0,"turns":5.0},{"damage":24.0,"enemies":"Hexaghost","floor":16.0,"turns":11.0},{"damage":25,"enemies":"Chosen","floor":18,"turns":6},{"damage":48,"enemies":"Spheric Guardian","floor":19,"turns":5}],"seed_played":"-3163980817049093663","potions_obtained":[{"floor":1.0,"key":"SneckoOil"},{"floor":7.0,"key":"DistilledChaos"},{"floor":14.0,"key":"Regen Potion"}],"is_trial":false,"path_per_floor":["M","M","$","M","M","R","E","R","T","M","R","E","?","M","R","B",null,"M","M"],"character_chosen":"THE_SILENT","items_purchased":["Caltrops"],"campfire_rested":2,"item_purchase_floors":[3],"current_hp_per_floor":[70,70,70,70,69,69,37,37,37,26,47,25,42,30,51,42,63,38,0,0],"gold":310,"neow_bonus":"THREE_ENEMY_KILL","is_daily":false,"chose_seed":false,"campfire_upgraded":2,"win_rate":0.0,"timestamp":1613354709,"path_taken":["M","M","$","M","M","R","E","R","T","M","R","E","?","M","R","BOSS","M","M"],"items_purchased_type":["Card"],"build_version":"2020-12-22","purchased_purges":0,"victory":false,"max_hp_per_floor":[70,70,70,70,70,70,70,70,70,70,70,70,70,70,70,70,70,70,70,70],"relic_stats":{"counters":[11,50],"MealTicket":0,"Letter Opener":[22],"obtain_stats":[{"NeowsBlessing":0,"Vajra":12,"MealTicket":9,"Letter Opener":7,"Ring of the Serpent":17,"Ring of the Snake":0},{"NeowsBlessing":0,"Vajra":7,"MealTicket":5,"Letter Opener":5,"Ring of the Serpent":9,"Ring of the Snake":0},{"NeowsBlessing":0,"Vajra":23,"MealTicket":11,"Letter Opener":11,"Ring of the Serpent":39,"Ring of the Snake":0}]},"card_choices":[{"not_picked":["PiercingWail","Blur"],"picked":"Dash","floor":1.0},{"not_picked":["Cloak And Dagger","Riddle With Holes"],"picked":"Finisher","floor":2.0},{"not_picked":["Quick Slash","Blade Dance"],"picked":"Dagger Throw","floor":4.0},{"not_picked":["Underhanded Strike","Cloak And Dagger"],"picked":"Deadly Poison","floor":5.0},{"not_picked":["Prepared","Grand Finale"],"picked":"PiercingWail","floor":7.0},{"not_picked":["Dagger Throw","Infinite Blades"],"picked":"Acrobatics","floor":10.0},{"not_picked":["Quick Slash","Sucker Punch"],"picked":"Reflex","floor":12.0},{"not_picked":["Prepared","Skewer","Expertise"],"picked":"SKIP","floor":14.0},{"not_picked":["Corpse Explosion","Adrenaline"],"picked":"Burst","floor":16.0},{"not_picked":["Cloak And Dagger","Deflect"],"picked":"Blade Dance","floor":18}],"player_experience":231237,"relics_obtained":[{"floor":7.0,"key":"Letter Opener"},{"floor":9.0,"key":"MealTicket"},{"floor":12.0,"key":"Vajra"}],"event_choices":[{"damage_healed":17.0,"max_hp_gain":0.0,"max_hp_loss":0.0,"gold_gain":0.0,"event_name":"The Cleric","player_choice":"Healed","floor":13.0,"gold_loss":35.0,"damage_taken":0.0}],"is_beta":false,"boss_relics":[{"not_picked":["Black Star","Sozu"],"picked":"Ring of the Serpent"}],"items_purged_floors":[],"is_endless":false,"potions_floor_spawned":[1,7,14],"killed_by":"Spheric Guardian","ascension_level":5}}