{"host":"1mv6gj0zv8k9e9tz","time":1613400303,"event":{"mods":["AchievementEnabler","BaseMod","Better Third Choice","Colored Map","DeckTracker","Highlight Path","KOR Keyword Fix","Keyboard Shortcuts","Minty Spire (QoL Compilation)","Permanent Neow","Quick Restart","Rare Cards Sparkle","StSLib","SuperFastMode","everything is the same but u backflip on backflip"],"gold_per_floor":[118,130,150,169,169,169,182,182,234,234,234,249,266,191,191,262,312,323,323,334,352,352,367,367,367,367],"floor_reached":25,"language":"KOR","playtime":645,"items_purged":["Strike_B"],"score":384,"play_id":"b8bd5418-4a9e-449f-b6c0-0608a2d165a6","local_time":"20210215234503","is_ascension_mode":true,"campfire_choices":[{"data":"Zap","floor":6.0,"key":"SMITH"},{"data":"Dualcast","floor":8.0,"key":"SMITH"},{"data":"Go for the Eyes","floor":10.0,"key":"SMITH"},{"data":"All For One","floor":15.0,"key":"SMITH"},{"floor":24,"key":"REST"}],"circlet_count":0,"master_deck":["AscendersBane","Strike_B","Strike_B","Defend_B","Defend_B","Defend_B","Defend_B","Zap+1","Dualcast+1","All For One+1","Conserve Battery","Sweeping Beam","Steam","Go for the Eyes+1","Seek+1","Gash","Auto Shields","Aggregate+1"],"relics":["Cracked Core","Tiny House","SsserpentHead"],"acts_visited":["Exordium","TheCity"],"potions_floor_usage":[23,25,25],"damage_taken":[{"damage":1.0,"enemies":"Cultist","floor":1.0,"turns":3.0},{"damage":1.0,"enemies":"2 Louse","floor":2.0,"turns":2.0},{"damage":0.0,"enemies":"Jaw Worm","floor":3.0,"turns":4.0},{"damage":15.0,"enemies":"Red Slaver","floor":4.0,"turns":4.0},{"damage":5.0,"enemies":"Blue Slaver","floor":7.0,"turns":3.0},{"damage":0.0,"enemies":"Exordium Thugs","floor":12.0,"turns":3.0},{"damage":4.0,"enemies":"2 Fungi Beasts","floor":13.0,"turns":4.0},{"damage":23.0,"enemies":"Slime Boss","floor":16.0,"turns":6.0},{"damage":10.0,"enemies":"Shell Parasite","floor":18.0,"turns":5.0},{"damage":0.0,"enemies":"Chosen","floor":20.0,"turns":5.0},{"damage":40.0,"enemies":"Sentry and Sphere","floor":21.0,"turns":6.0},{"damage":12,"enemies":"Snake Plant","floor":23,"turns":6},{"damage":35,"enemies":"Book of Stabbing","floor":25,"turns":5}],"seed_played":"5490669556864077145","potions_obtained":[{"floor":2.0,"key":"Fruit Juice"},{"floor":4.0,"key":"Strength Potion"},{"floor":12.0,"key":"Fire Potion"},{"floor":17.0,"key":"EssenceOfSteel"},{"floor":18.0,"key":"Strength Potion"},{"floor":21.0,"key":"FearPotion"},{"floor":23,"key":"Weak Potion"}],"is_trial":false,"path_per_floor":["M","M","M","M","?","R","M","R","T","R","?","M","M","$","R","B",null,"M","?","M","M","?","M","R","E"],"character_chosen":"DEFECT","items_purchased":[],"campfire_rested":1,"item_purchase_floors":[],"current_hp_per_floor":[63,67,67,52,57,57,52,52,52,52,52,52,48,48,48,25,72,62,62,62,22,22,10,35,0,0],"gold":367,"neow_bonus":"ONE_RANDOM_RARE_CARD","is_daily":false,"chose_seed":false,"campfire_upgraded":4,"win_rate":0.0,"timestamp":1613400303,"path_taken":["M","M","M","M","?","R","M","R","T","R","?","M","M","$","R","BOSS","M","?","M","?","?","M","R","E"],"items_purchased_type":[],"build_version":"2020-12-22","purchased_purges":1,"victory":false,"max_hp_per_floor":[71,76,76,76,81,81,81,81,81,81,81,81,81,81,81,81,86,86,86,86,86,86,86,86,86,86],"card_choices":[{"not_picked":["Barrage","Static Discharge"],"picked":"Conserve Battery","floor":1.0},{"not_picked":["Force Field","Doom and Gloom","Compile Driver"],"picked":"SKIP","floor":2.0},{"not_picked":["Streamline","Stack"],"picked":"Sweeping Beam","floor":3.0},{"not_picked":["Hello World","Blizzard"],"picked":"Steam","floor":4.0},{"not_picked":["White Noise","Genetic Algorithm"],"picked":"Go for the Eyes","floor":7.0},{"not_picked":["Hello World","Stack","Compile Driver"],"picked":"SKIP","floor":12.0},{"not_picked":["Steam Power","Aggregate","Steam"],"picked":"SKIP","floor":13.0},{"not_picked":["Buffer","Thunder Strike"],"picked":"Seek","floor":16.0},{"not_picked":["Go for the Eyes","Rebound"],"picked":"Gash","floor":17.0},{"not_picked":["Go for the Eyes","Cold Snap","Turbo"],"picked":"SKIP","floor":18.0},{"not_picked":["Chill","Reprogram"],"picked":"Aggregate+1","floor":20.0},{"not_picked":["Cold Snap","Heatsinks","Turbo"],"picked":"SKIP","floor":21.0},{"not_picked":["Loop+1","Lockon","Reprogram"],"picked":"SKIP","floor":23}],"player_experience":651381,"relics_obtained":[],"event_choices":[{"damage_healed":0.0,"max_hp_gain":5.0,"max_hp_loss":0.0,"gold_gain":0.0,"event_name":"Big Fish","player_choice":"Donut","floor":5.0,"gold_loss":0.0,"damage_taken":0.0},{"damage_healed":0.0,"max_hp_gain":0.0,"max_hp_loss":0.0,"gold_gain":0.0,"event_name":"betterThird:BetterSerpent","player_choice":"Ignored","floor":11.0,"gold_loss":0.0,"damage_taken":234.0},{"damage_healed":0.0,"max_hp_gain":0.0,"max_hp_loss":0.0,"gold_gain":0.0,"cards_transformed":["Strike_B"],"event_name":"Transmorgrifier","player_choice":"Transformed","floor":19.0,"gold_loss":0.0,"damage_taken":0.0,"cards_obtained":["Auto Shields"]},{"damage_healed":0.0,"max_hp_gain":0.0,"max_hp_loss":0.0,"gold_gain":0.0,"event_name":"FaceTrader","player_choice":"Trade","floor":22.0,"gold_loss":0.0,"damage_taken":0.0,"relics_obtained":["SsserpentHead"]}],"is_beta":false,"boss_relics":[{"not_picked":["Runic Dome","Sozu"],"picked":"Tiny House"}],"items_purged_floors":[14],"is_endless":false,"potions_floor_spawned":[2,4,12,18,21,23],"killed_by":"Book of Stabbing","ascension_level":19}}