{"host":"8efry9zhj4tjp5kw","time":1613427055,"event":{"mods":["Act Like it!","Aspiration","Bard","BaseMod","Beaked The Cultist","Colored Map","Colored Powertips","Conspire","Downfall","Glutton Mod","Halation","Hallownest","Hermit","Highlight Path","Hubris","Infinite Spire","Jedi Mod","Jorbs\u0027s Wanderer Trilogy","Koishi","Mad Scientist","Marisa????????","Mimic Mod","Minty Spire (QoL Compilation)","Reworked Bosses","Shop Mod","StSLib","The Administrix","The Construct","The Disciple","The Jungle","The Mystic","The Necromancer","The Servant 0.9.4","Unceasing Turn Reminder"],"gold_per_floor":[99,112,112,125,35,35,62,97,115,141,141,175,175,187,198,303,303,303,317,317,317,329,347,347,347,363,448,448,195,220,232,232,232,232],"floor_reached":32,"language":"ENG","playtime":1764,"items_purged":["Guardian:Strike_Guardian"],"score":363,"play_id":"a180ab32-1ff3-45a6-b795-2996064edbce","local_time":"20210215231055","is_ascension_mode":true,"campfire_choices":[{"data":"Guardian:TwinSlam","floor":1.0,"key":"SMITH"},{"data":"Guardian:HyperBeam_Guardian","floor":11,"key":"SMITH"},{"data":"Guardian:Suspension","floor":13,"key":"SMITH"},{"data":"Guardian:FloatingOrbs","floor":18,"key":"SMITH"},{"floor":28,"key":"REST"}],"circlet_count":0,"master_deck":["Guardian:Strike_Guardian","Guardian:Strike_Guardian","Guardian:Strike_Guardian","Guardian:Defend_Guardian","Guardian:Defend_Guardian","Guardian:Defend_Guardian","Guardian:Defend_Guardian","Guardian:CurlUp","Guardian:TwinSlam+1","Guardian:PrimingBeam+1","Guardian:MultiBeam","Guardian:HyperBeam_Guardian+1","Guardian:ShieldCharger","Guardian:Suspension+1","Guardian:FloatingOrbs+1","Guardian:TimeSifter","Guardian:SentryBeam","Guardian:BronzeOrb","Guardian:Orbwalk+1","Guardian:Gem_Synthetic","Guardian:StasisEngine","Guardian:PrismaticBeam"],"relics":["Guardian:ModeShifter","aspiration:ChemicalBlood","aspiration:EmptySkull","Gambling Chip","Tiny Chest","Philosopher\u0027s Stone","Nloth\u0027s Gift","Nunchaku","Matryoshka","conspire:TopHat"],"acts_visited":["Exordium","TheCity"],"potions_floor_usage":[10,16,22,26,29,30,31],"damage_taken":[{"damage":1.0,"enemies":"Jaw Worm","floor":2.0,"turns":5.0},{"damage":0.0,"enemies":"Cultist","floor":4.0,"turns":3.0},{"damage":5.0,"enemies":"downfall:FleeingMerchant","floor":5.0,"turns":4.0},{"damage":4.0,"enemies":"3 Sentries","floor":8.0,"turns":2.0},{"damage":3.0,"enemies":"conspire:RoseBush","floor":9.0,"turns":1.0},{"damage":6,"enemies":"Gremlin Nob","floor":10,"turns":3},{"damage":7,"enemies":"Lagavulin","floor":12,"turns":5},{"damage":1,"enemies":"Red Slaver","floor":14,"turns":2},{"damage":13,"enemies":"Exordium Thugs","floor":15,"turns":2},{"damage":0,"enemies":"DF_ARCHETYPE_STREAMLINE","floor":16,"turns":8},{"damage":12,"enemies":"conspire:FuzzyDice","floor":19,"turns":6},{"damage":11,"enemies":"downfall:LooterAlt2","floor":22,"turns":2},{"damage":19,"enemies":"Snake Plant","floor":23,"turns":4},{"damage":14,"enemies":"3 Cultists","floor":26,"turns":3},{"damage":20,"enemies":"downfall:FleeingMerchant","floor":29,"turns":4},{"damage":6,"enemies":"conspire:SneckoGhost","floor":30,"turns":4},{"damage":0,"enemies":"conspire:HollyBat","floor":31,"turns":5},{"damage":9,"enemies":"Snecko","floor":32,"turns":2}],"seed_played":"-8174939876029696475","potions_obtained":[{"floor":8.0,"key":"champ:CounterPotion"},{"floor":10,"key":"SpeedPotion"},{"floor":12,"key":"Strength Potion"},{"floor":19,"key":"CultistPotion"},{"floor":22,"key":"SpeedPotion"},{"floor":23,"key":"Regen Potion"},{"floor":29,"key":"infinitespire:BlackPotion"},{"floor":29,"key":"SneckoOil"}],"is_trial":false,"path_per_floor":["R","M","?","M","$","?","T","E","M","E","R","E","R","M","M","B",null,"R","M","?","?","M","M","T","T","M","?","R","$","E","M","M"],"character_chosen":"GUARDIAN","items_purchased":["Guardian:HyperBeam_Guardian","Guardian:Gem_Synthetic"],"campfire_rested":1,"item_purchase_floors":[5,29],"current_hp_per_floor":[71,70,70,70,65,65,65,61,58,52,64,57,60,59,46,46,72,72,60,60,60,49,30,30,30,28,12,33,13,7,7,0,0,0],"gold":232,"neow_bonus":"ONE_RARE_RELIC","is_daily":false,"chose_seed":false,"campfire_upgraded":4,"win_rate":0.0,"timestamp":1613427055,"path_taken":["R","M","?","?","$","?","T","E","M","E","R","E","R","M","M","BOSS","R","M","?","?","M","?","T","?","M","?","R","$","E","M","M"],"items_purchased_type":["Card","Card"],"build_version":"2020-12-22","purchased_purges":1,"victory":false,"max_hp_per_floor":[72,72,72,72,72,72,72,72,72,72,72,72,72,72,72,72,72,72,72,72,72,72,72,72,72,72,72,72,72,72,72,72,72,72],"card_choices":[{"not_picked":["Guardian:BodySlam","Guardian:TemporalShield"],"picked":"Guardian:PrimingBeam","floor":2.0},{"not_picked":["Guardian:ShieldSpikes","Guardian:Gem_Cyan"],"picked":"Guardian:MultiBeam","floor":4.0},{"not_picked":["Guardian:Gem_Lightblue","Guardian:Planning"],"picked":"Guardian:Gem_Red","floor":5.0},{"not_picked":["Guardian:FierceBash","Guardian:Gem_Lightblue"],"picked":"Guardian:Gem_Cyan","floor":8.0},{"not_picked":["Guardian:TemporalShield","Guardian:PrimingBeam","Guardian:WalkerClaw"],"picked":"SKIP","floor":9.0},{"not_picked":["Guardian:Gem_Green","Guardian:VentSteam"],"picked":"Guardian:ShieldCharger","floor":10},{"not_picked":["Guardian:GatlingBeam","Guardian:Recover"],"picked":"Guardian:Suspension","floor":12},{"not_picked":["Guardian:TemporalStrike","Guardian:CrystalBeam","Guardian:ShieldCharger"],"picked":"SKIP","floor":14},{"not_picked":["Guardian:RefractedBeam","Guardian:WalkerClaw"],"picked":"Guardian:FloatingOrbs","floor":15},{"not_picked":["Guardian:HyperBeam_Guardian","Guardian:CompilePackage"],"picked":"Guardian:TimeSifter","floor":16},{"not_picked":["Guardian:WalkerClaw","Guardian:Planning"],"picked":"Guardian:SentryBeam","floor":19},{"not_picked":["Guardian:BronzeArmor","Guardian:DecasProtection"],"picked":"Guardian:BronzeOrb","floor":22},{"not_picked":["Guardian:TimeBomb","Guardian:Gem_Yellow"],"picked":"Guardian:Gem_Fragmented","floor":23},{"not_picked":["Guardian:Reroute","Guardian:Gem_Green"],"picked":"Guardian:Gem_Red","floor":26},{"not_picked":["Guardian:TemporalStrike","Guardian:SpikerProtocol"],"picked":"Guardian:Orbwalk+1","floor":29},{"not_picked":["Guardian:BronzeOrb","Guardian:Gem_Purple"],"picked":"Guardian:StasisEngine","floor":30},{"not_picked":["Guardian:DonusPower+1","Guardian:Gem_Yellow"],"picked":"Guardian:PrismaticBeam","floor":31}],"player_experience":1132693,"relics_obtained":[{"floor":7.0,"key":"aspiration:ChemicalBlood"},{"floor":8.0,"key":"aspiration:EmptySkull"},{"floor":10,"key":"Gambling Chip"},{"floor":12,"key":"Tiny Chest"},{"floor":24,"key":"Nunchaku"},{"floor":25,"key":"Matryoshka"},{"floor":30,"key":"conspire:TopHat"}],"event_choices":[{"damage_healed":0,"gold_gain":0,"player_choice":"Ignored","damage_taken":0,"max_hp_gain":0,"max_hp_loss":0,"event_name":"Ghosts","floor":20,"gold_loss":0}],"is_beta":false,"boss_relics":[{"not_picked":["halation:HeavySnake","hubris:CrackedHourglass"],"picked":"Philosopher\u0027s Stone"}],"items_purged_floors":[29],"is_endless":false,"potions_floor_spawned":[8,10,12,15,19,22,23],"killed_by":"Snecko","ascension_level":2}}