{"host":"2no1vwhhkhf0ohz3","time":1613364303,"event":{"mods":["AchievementEnabler","BaseMod","BetterRewards","Colored Map","DeckTracker","Keyboard Shortcuts","Minty Spire (QoL Compilation)","SuperFastMode"],"gold_per_floor":[119,167,167,184,211,253,253,253,253,296,325,325,325,344,368,368,479,538,559,579,598,598,598,598,149,175,251,251,260,115,144,153,153,264,264,274,333,12,28,28,28,53,96,96,121,144,0,44,60,60,60,60],"floor_reached":51,"language":"KOR","playtime":1102,"items_purged":["Writhe"],"score":993,"play_id":"735e3ebf-5f02-4608-ae2d-9da6e1feef55","local_time":"20210215134503","is_ascension_mode":true,"campfire_choices":[{"data":"Bash","floor":7,"key":"SMITH"},{"data":"Perfected Strike","floor":13,"key":"SMITH"},{"data":"Perfected Strike","floor":16,"key":"SMITH"},{"data":"Limit Break","floor":24,"key":"SMITH"},{"data":"Perfected Strike","floor":28,"key":"SMITH"},{"data":"Inflame","floor":33,"key":"SMITH"},{"data":"Pommel Strike","floor":41,"key":"SMITH"},{"floor":50,"key":"RECALL"}],"circlet_count":0,"master_deck":["AscendersBane","Strike_R","Strike_R+1","Strike_R","Strike_R","Strike_R","Defend_R+1","Defend_R","Defend_R","Defend_R","Bash+1","Pommel Strike+1","Flex+1","Spot Weakness+1","Perfected Strike+1","Shrug It Off","Perfected Strike+1","Limit Break+1","Perfected Strike+1","Twin Strike","Pommel Strike","Twin Strike","Inflame+1","Twin Strike","Evolve","Twin Strike","Inflame","Impervious","Twin Strike","Shrug It Off","Shockwave","Ghostly Armor+1","Double Tap","Parasite","Bloodletting+1"],"relics":["Burning Blood","NeowsBlessing","Akabeko","CeramicFish","Tiny Chest","Pantograph","Nunchaku","Tiny House","Nilry\u0027s Codex","War Paint","Matryoshka","Self Forming Clay","Meat on the Bone","Bag of Marbles","Mark of Pain","StoneCalendar","Mummified Hand","InkBottle","Sundial","Bottled Tornado","Ancient Tea Set","Singing Bowl","Red Mask","Pear"],"acts_visited":["Exordium","TheCity","TheBeyond"],"potions_floor_usage":[3,10,20,26,31,34,34,34,43,45,51],"damage_taken":[{"damage":0,"enemies":"Cultist","floor":1,"turns":1},{"damage":0,"enemies":"Small Slimes","floor":4,"turns":1},{"damage":0,"enemies":"Lagavulin","floor":6,"turns":1},{"damage":20,"enemies":"3 Sentries","floor":10,"turns":9},{"damage":12,"enemies":"Jaw Worm","floor":11,"turns":3},{"damage":14,"enemies":"Lots of Slimes","floor":14,"turns":4},{"damage":0,"enemies":"Large Slime","floor":15,"turns":5},{"damage":9,"enemies":"Slime Boss","floor":17,"turns":9},{"damage":12,"enemies":"Chosen","floor":19,"turns":2},{"damage":29,"enemies":"3 Byrds","floor":20,"turns":5},{"damage":12,"enemies":"Cultist and Chosen","floor":21,"turns":4},{"damage":6,"enemies":"Shelled Parasite and Fungi","floor":26,"turns":2},{"damage":0,"enemies":"Snake Plant","floor":31,"turns":2},{"damage":54,"enemies":"Automaton","floor":34,"turns":6},{"damage":10,"enemies":"3 Shapes","floor":36,"turns":4},{"damage":27,"enemies":"Mind Bloom Boss Battle","floor":37,"turns":6},{"damage":0,"enemies":"Orb Walker","floor":39,"turns":1},{"damage":10,"enemies":"Jaw Worm Horde","floor":42,"turns":3},{"damage":6,"enemies":"Reptomancer","floor":43,"turns":4},{"damage":8,"enemies":"Giant Head","floor":45,"turns":5},{"damage":25,"enemies":"Writhing Mass","floor":46,"turns":4},{"damage":45,"enemies":"Nemesis","floor":48,"turns":5},{"damage":48,"enemies":"Transient","floor":49,"turns":5},{"damage":49,"enemies":"Awakened One","floor":51,"turns":2}],"seed_played":"-1730977785147296632","potions_obtained":[{"floor":1,"key":"Block Potion"},{"floor":3,"key":"Fruit Juice"},{"floor":3,"key":"BlessingOfTheForge"},{"floor":3,"key":"BlessingOfTheForge"},{"floor":10,"key":"Weak Potion"},{"floor":17,"key":"FearPotion"},{"floor":18,"key":"HeartOfIron"},{"floor":21,"key":"Fire Potion"},{"floor":26,"key":"Explosive Potion"},{"floor":31,"key":"DuplicationPotion"},{"floor":42,"key":"AttackPotion"},{"floor":43,"key":"AttackPotion"},{"floor":48,"key":"Energy Potion"}],"is_trial":false,"path_per_floor":["M","T","?","M","T","E","R","?","T","E","M","M","R","M","M","R","B",null,"M","M","M","?","T","R","$","M","T","R","?","$","M","?","R","B",null,"M","?","$","M","T","R","M","E","T","E","M","?","E","M","R","B"],"character_chosen":"IRONCLAD","items_purchased":["Twin Strike","War Paint","Matryoshka","Twin Strike","Evolve","Shrug It Off","Shockwave","Mummified Hand"],"campfire_rested":0,"item_purchase_floors":[25,25,25,30,30,38,38,38],"current_hp_per_floor":[78,78,83,85,85,85,85,85,85,71,65,65,65,57,63,63,82,89,83,60,54,38,38,38,38,38,38,38,38,38,56,56,56,45,79,75,69,69,75,75,75,71,71,71,71,66,66,49,21,21,0,0],"gold":60,"neow_bonus":"THREE_ENEMY_KILL","is_daily":false,"chose_seed":false,"campfire_upgraded":7,"win_rate":0.0,"timestamp":1613364303,"path_taken":["M","?","?","?","?","E","R","?","T","E","M","M","R","?","M","R","BOSS","M","M","M","?","?","R","$","M","T","R","?","$","M","?","R","BOSS","M","?","$","M","?","R","M","E","T","E","M","?","E","M","R","BOSS"],"items_purchased_type":["Card","Relic","Relic","Card","Card","Card","Card","Relic"],"build_version":"2020-12-22","purchased_purges":1,"victory":false,"max_hp_per_floor":[80,80,85,85,85,85,85,85,85,85,85,85,85,85,85,85,85,90,90,90,90,90,90,90,90,90,90,90,90,90,90,90,90,90,90,90,90,90,90,90,90,90,90,90,92,94,94,104,106,106,106,106],"card_choices":[{"not_picked":["Dual Wield","Feel No Pain","Cleave"],"picked":"SKIP","floor":1},{"not_picked":["Flex","Disarm"],"picked":"Pommel Strike","floor":4},{"not_picked":["Heavy Blade","Blood for Blood"],"picked":"Flex","floor":6},{"not_picked":["Wild Strike","Blood for Blood"],"picked":"Spot Weakness","floor":10},{"not_picked":["Battle Trance","Metallicize"],"picked":"Perfected Strike","floor":11},{"not_picked":["Combust","Twin Strike"],"picked":"Shrug It Off","floor":14},{"not_picked":["True Grit","Blood for Blood"],"picked":"Perfected Strike","floor":15},{"not_picked":["Bludgeon","Feed"],"picked":"Limit Break","floor":17},{"not_picked":["Heavy Blade","True Grit"],"picked":"Perfected Strike","floor":18},{"not_picked":["Iron Wave","Anger"],"picked":"Twin Strike","floor":19},{"not_picked":["Wild Strike","Anger","Thunderclap"],"picked":"SKIP","floor":20},{"not_picked":["Iron Wave","Clash"],"picked":"Pommel Strike","floor":21},{"not_picked":["Sentinel","Thunderclap"],"picked":"Inflame","floor":26},{"not_picked":["Uppercut","Fire Breathing"],"picked":"Twin Strike","floor":31},{"not_picked":["Exhume","Bludgeon"],"picked":"Impervious","floor":34},{"not_picked":["Thunderclap","Reckless Charge+1","Flex"],"picked":"SKIP","floor":36},{"not_picked":["Searing Blow+1","Evolve"],"picked":"Twin Strike","floor":37},{"not_picked":["Armaments","Clothesline+1","Anger+1"],"picked":"SKIP","floor":39},{"not_picked":["Clothesline","True Grit"],"picked":"Ghostly Armor+1","floor":42},{"not_picked":["Fire Breathing","Headbutt"],"picked":"Double Tap","floor":43},{"not_picked":["Headbutt+1","Clothesline","Bloodletting"],"picked":"Singing Bowl","floor":45},{"not_picked":["Evolve","Clash","True Grit+1"],"picked":"Singing Bowl","floor":46},{"not_picked":["Headbutt+1","Cleave+1"],"picked":"Bloodletting+1","floor":48},{"not_picked":["Pummel+1","Iron Wave","Brutality"],"picked":"Singing Bowl","floor":49}],"player_experience":299261,"relics_obtained":[{"floor":2,"key":"Akabeko"},{"floor":5,"key":"CeramicFish"},{"floor":6,"key":"Tiny Chest"},{"floor":9,"key":"Pantograph"},{"floor":10,"key":"Nunchaku"},{"floor":22,"key":"Nilry\u0027s Codex"},{"floor":27,"key":"Self Forming Clay"},{"floor":27,"key":"Meat on the Bone"},{"floor":37,"key":"StoneCalendar"},{"floor":40,"key":"InkBottle"},{"floor":40,"key":"Sundial"},{"floor":43,"key":"Bottled Tornado"},{"floor":44,"key":"Ancient Tea Set"},{"floor":45,"key":"Singing Bowl"},{"floor":48,"key":"Pear"}],"event_choices":[{"damage_healed":0,"gold_gain":0,"player_choice":"Got Potions","damage_taken":0,"max_hp_gain":0,"max_hp_loss":0,"event_name":"Lab","floor":3,"gold_loss":0},{"damage_healed":0,"gold_gain":0,"player_choice":"Upgraded","damage_taken":0,"max_hp_gain":0,"max_hp_loss":0,"event_name":"Upgrade Shrine","floor":8,"gold_loss":0,"cards_upgraded":["Flex"]},{"damage_healed":0,"gold_gain":0,"player_choice":"Obtained Book","damage_taken":16,"max_hp_gain":0,"max_hp_loss":0,"event_name":"Cursed Tome","floor":22,"gold_loss":0},{"damage_healed":0,"gold_gain":0,"player_choice":"Opened","damage_taken":0,"relics_obtained":["Bag of Marbles"],"max_hp_gain":0,"max_hp_loss":0,"event_name":"The Mausoleum","floor":29,"gold_loss":0,"cards_obtained":["Writhe"]},{"damage_healed":0,"gold_gain":0,"player_choice":"Read","damage_taken":0,"max_hp_gain":0,"max_hp_loss":0,"event_name":"The Library","floor":32,"gold_loss":0,"cards_obtained":["Inflame"]},{"damage_healed":0,"gold_gain":0,"player_choice":"Fight","damage_taken":0,"max_hp_gain":0,"max_hp_loss":0,"event_name":"MindBloom","floor":37,"gold_loss":0},{"damage_healed":0,"gold_gain":0,"player_choice":"Paid","damage_taken":0,"relics_obtained":["Red Mask"],"max_hp_gain":0,"max_hp_loss":0,"event_name":"Tomb of Lord Red Mask","floor":47,"gold_loss":144}],"is_beta":false,"boss_relics":[{"not_picked":["Runic Pyramid","Runic Dome"],"picked":"Tiny House"},{"not_picked":["Pandora\u0027s Box","Fusion Hammer"],"picked":"Mark of Pain"}],"items_purged_floors":[30],"is_endless":false,"potions_floor_spawned":[1,10,11,14,17,21,26,31,42,43,48],"killed_by":"Awakened One","ascension_level":10}}