{"host":"dcj2yvrgcvh5dl2s","time":1613358047,"event":{"mods":["BaseMod","Bestiary","Better Note","Block Reminder","Colored Powertips","Curses Come First","DeckTracker","Displayed Cursed Tome","Minty Spire (QoL Compilation)","Quick Restart","Rare Cards Sparkle","Relic Stats","StSLib"],"gold_per_floor":[16,91,105,123,13,48,48,78,149,149,180,192,208,220,220,322,322,337,337,287,306,24,52,52,82,82,108,108,125,143,143,143,248,248,260,273,273,273,30,65,84,104,113,147,156,169,192,29,29,29,29],"floor_reached":50,"language":"ENG","playtime":3087,"items_purged":["Strike_G","Writhe","Injury"],"score":904,"play_id":"7758be83-b376-48cc-8269-6f3ba8ffebec","local_time":"20210215130047","is_ascension_mode":true,"campfire_choices":[{"floor":7,"key":"REST"},{"floor":10,"key":"REST"},{"floor":15,"key":"REST"},{"data":"Neutralize","floor":24,"key":"SMITH"},{"data":"Adrenaline","floor":28,"key":"SMITH"},{"floor":32,"key":"REST"},{"floor":49,"key":"REST"}],"circlet_count":0,"master_deck":["Strike_G","Strike_G","Strike_G","Defend_G","Defend_G","Defend_G","Defend_G","Defend_G","Survivor","Neutralize+1","Heel Hook","Accuracy","Noxious Fumes","Footwork","Distraction","Envenom","Dagger Spray","Cloak And Dagger","Backflip","Adrenaline+1","Heel Hook","Heel Hook","PiercingWail","Quick Slash+1","Escape Plan","Cloak And Dagger","Deflect+1","Malaise","Blade Dance","Blade Dance","Riddle With Holes","Injury","Neutralize+1","Cloak And Dagger+1","Chrysalis","Blade Dance+1","Slice"],"relics":["Ring of the Snake","Torii","Snake Skull","Ninja Scroll","PreservedInsect","Cursed Key","MutagenicStrength","Gremlin Horn","InkBottle","Oddly Smooth Stone","HornCleat","Tiny Chest","Runic Dome","Darkstone Periapt","DollysMirror","CeramicFish","Blue Candle","Anchor"],"acts_visited":["Exordium","TheCity","TheBeyond"],"potions_floor_usage":[8,8,50],"damage_taken":[{"damage":0.0,"enemies":"Cultist","floor":1.0,"turns":4.0},{"damage":8,"enemies":"Jaw Worm","floor":3,"turns":5},{"damage":0,"enemies":"2 Louse","floor":4,"turns":3},{"damage":28,"enemies":"3 Sentries","floor":6,"turns":10},{"damage":31,"enemies":"Gremlin Nob","floor":8,"turns":6},{"damage":23,"enemies":"Lagavulin","floor":11,"turns":7},{"damage":9,"enemies":"Exordium Thugs","floor":12,"turns":4},{"damage":9,"enemies":"Exordium Wildlife","floor":13,"turns":2},{"damage":9,"enemies":"3 Louse","floor":14,"turns":3},{"damage":14,"enemies":"Slime Boss","floor":16,"turns":9},{"damage":0,"enemies":"3 Byrds","floor":18,"turns":4},{"damage":1,"enemies":"Chosen","floor":21,"turns":3},{"damage":1,"enemies":"Gremlin Leader","floor":23,"turns":5},{"damage":0,"enemies":"Slavers","floor":25,"turns":4},{"damage":1,"enemies":"Gremlin Leader","floor":27,"turns":4},{"damage":0,"enemies":"Snecko","floor":29,"turns":4},{"damage":1,"enemies":"Chosen and Byrds","floor":30,"turns":4},{"damage":55,"enemies":"Collector","floor":33,"turns":10},{"damage":18,"enemies":"3 Darklings","floor":35,"turns":5},{"damage":6,"enemies":"Orb Walker","floor":36,"turns":3},{"damage":0,"enemies":"Reptomancer","floor":40,"turns":3},{"damage":9,"enemies":"Jaw Worm Horde","floor":41,"turns":3},{"damage":17,"enemies":"Writhing Mass","floor":42,"turns":5},{"damage":2,"enemies":"Giant Head","floor":44,"turns":5},{"damage":3,"enemies":"3 Darklings","floor":46,"turns":6},{"damage":0,"enemies":"Jaw Worm Horde","floor":47,"turns":3},{"damage":146,"enemies":"Time Eater","floor":50,"turns":15}],"seed_played":"-5125039876736909422","potions_obtained":[{"floor":1.0,"key":"Regen Potion"},{"floor":3,"key":"SpeedPotion"},{"floor":14,"key":"GhostInAJar"},{"floor":16,"key":"FairyPotion"},{"floor":27,"key":"FairyPotion"}],"is_trial":false,"path_per_floor":["M","?","M","M","$","E","R","E","T","R","E","M","M","M","R","B",null,"M","?","?","M","$","E","R","E","T","E","R","M","M","?","R","B",null,"M","M","?","T","$","E","M","M","T","E","?","M","M","$","R","B"],"character_chosen":"THE_SILENT","items_purchased":["Footwork","Gremlin Horn","Heel Hook","DollysMirror","Slice"],"campfire_rested":5,"item_purchase_floors":[5,22,22,39,48],"current_hp_per_floor":[77,69,61,61,61,33,58,42,42,67,44,35,26,17,42,28,70,70,70,70,69,69,68,68,68,68,67,67,67,66,66,84,29,70,52,46,46,52,52,52,43,26,32,30,30,27,27,27,55,0,0],"gold":29,"neow_bonus":"TWENTY_PERCENT_HP_BONUS","is_daily":false,"chose_seed":false,"campfire_upgraded":2,"win_rate":0.0,"timestamp":1613358047,"path_taken":["M","?","M","M","$","E","R","E","T","R","E","M","M","?","R","BOSS","M","?","?","M","$","E","R","E","T","E","R","M","?","?","R","BOSS","M","M","?","?","?","E","M","M","T","E","?","M","M","$","R","BOSS"],"items_purchased_type":["Card","Relic","Card","Relic","Card"],"build_version":"2020-12-22","purchased_purges":3,"victory":false,"max_hp_per_floor":[84,84,84,84,84,84,84,84,84,84,84,84,84,84,84,84,84,84,84,84,84,84,84,84,84,84,84,84,84,84,84,84,84,84,84,84,84,90,90,90,90,90,96,96,96,96,96,96,96,96,96],"relic_stats":{"Darkstone Periapt":12,"Torii":44,"Gremlin Horn":[27,27],"counters":[27,139],"CeramicFish":45,"Blue Candle":[4],"Snake Skull":[387],"PreservedInsect":314,"Cursed Key":3,"Tiny Chest":1,"obtain_stats":[{"Darkstone Periapt":38,"Torii":6,"Gremlin Horn":22,"CeramicFish":40,"Blue Candle":43,"Oddly Smooth Stone":25,"Snake Skull":8,"PreservedInsect":11,"Cursed Key":17,"Runic Dome":34,"Anchor":44,"HornCleat":26,"Ninja Scroll":9,"DollysMirror":39,"MutagenicStrength":19,"Tiny Chest":27,"InkBottle":23,"Ring of the Snake":0},{"Darkstone Periapt":20,"Torii":4,"Gremlin Horn":12,"CeramicFish":21,"Blue Candle":23,"Oddly Smooth Stone":14,"Snake Skull":5,"PreservedInsect":6,"Cursed Key":10,"Runic Dome":18,"Anchor":24,"HornCleat":14,"Ninja Scroll":5,"DollysMirror":20,"MutagenicStrength":11,"Tiny Chest":15,"InkBottle":13,"Ring of the Snake":0},{"Darkstone Periapt":99,"Torii":22,"Gremlin Horn":60,"CeramicFish":102,"Blue Candle":110,"Oddly Smooth Stone":69,"Snake Skull":28,"PreservedInsect":35,"Cursed Key":53,"Runic Dome":91,"Anchor":115,"HornCleat":69,"Ninja Scroll":28,"DollysMirror":99,"MutagenicStrength":57,"Tiny Chest":73,"InkBottle":65,"Ring of the Snake":0}],"InkBottle":[55],"Ring of the Snake":[54]},"card_choices":[{"not_picked":["Expertise","Flying Knee"],"picked":"Heel Hook","floor":1.0},{"not_picked":["Choke","Deflect"],"picked":"Accuracy","floor":3},{"not_picked":["Dagger Throw","Underhanded Strike"],"picked":"Noxious Fumes","floor":4},{"not_picked":["Deflect","Prepared"],"picked":"Distraction","floor":6},{"not_picked":["Flechettes","Catalyst"],"picked":"Envenom","floor":8},{"not_picked":["Bane","PiercingWail"],"picked":"Dagger Spray","floor":11},{"not_picked":["Distraction","Infinite Blades"],"picked":"Cloak And Dagger","floor":12},{"not_picked":["PiercingWail","Endless Agony"],"picked":"Backflip","floor":13},{"not_picked":["Endless Agony","Concentrate","Poisoned Stab"],"picked":"SKIP","floor":14},{"not_picked":["Phantasmal Killer","Storm of Steel"],"picked":"Adrenaline","floor":16},{"not_picked":["Bane+1","Underhanded Strike","PiercingWail"],"picked":"SKIP","floor":18},{"not_picked":["Acrobatics","Slice"],"picked":"Heel Hook","floor":21},{"not_picked":["All Out Attack+1","Endless Agony"],"picked":"PiercingWail","floor":23},{"not_picked":["Endless Agony+1","Eviscerate"],"picked":"Quick Slash+1","floor":25},{"not_picked":["Masterful Stab","Sucker Punch"],"picked":"Escape Plan","floor":27},{"not_picked":["Well Laid Plans","Setup+1"],"picked":"Cloak And Dagger","floor":29},{"not_picked":["Outmaneuver+1","Acrobatics+1"],"picked":"Deflect+1","floor":30},{"not_picked":["Venomology","Night Terror"],"picked":"Malaise","floor":33},{"not_picked":["Reflex+1","Finisher+1"],"picked":"Blade Dance","floor":35},{"not_picked":["Prepared+1","Dagger Spray+1"],"picked":"Blade Dance","floor":36},{"not_picked":["Dagger Throw+1","Flying Knee+1","Deadly Poison"],"picked":"SKIP","floor":40},{"not_picked":["Quick Slash","Flechettes+1","Poisoned Stab"],"picked":"SKIP","floor":41},{"not_picked":["Deadly Poison","Deflect","Outmaneuver+1"],"picked":"SKIP","floor":42},{"not_picked":["Heel Hook","Night Terror"],"picked":"Cloak And Dagger+1","floor":44},{"not_picked":["Trip","PanicButton"],"picked":"Chrysalis","floor":45},{"not_picked":["Flying Knee","Bane","Sucker Punch+1"],"picked":"SKIP","floor":46},{"not_picked":["Dagger Throw+1","Backstab+1"],"picked":"Blade Dance+1","floor":47}],"player_experience":2411364,"relics_obtained":[{"floor":6,"key":"Torii"},{"floor":8,"key":"Snake Skull"},{"floor":9,"key":"Ninja Scroll"},{"floor":11,"key":"PreservedInsect"},{"floor":23,"key":"InkBottle"},{"floor":25,"key":"Oddly Smooth Stone"},{"floor":26,"key":"HornCleat"},{"floor":27,"key":"Tiny Chest"},{"floor":38,"key":"Darkstone Periapt"},{"floor":40,"key":"CeramicFish"},{"floor":43,"key":"Blue Candle"},{"floor":44,"key":"Anchor"}],"event_choices":[{"damage_healed":0,"gold_gain":75,"player_choice":"Touch","damage_taken":8,"max_hp_gain":0,"max_hp_loss":0,"event_name":"FaceTrader","floor":2,"gold_loss":0},{"damage_healed":0,"gold_gain":0,"player_choice":"Inject Mutagens","damage_taken":0,"relics_obtained":["MutagenicStrength"],"max_hp_gain":0,"max_hp_loss":0,"event_name":"Drug Dealer","floor":19,"gold_loss":0},{"damage_healed":0,"gold_gain":0,"player_choice":"Bet on Murderer","damage_taken":0,"max_hp_gain":0,"max_hp_loss":0,"event_name":"The Joust","floor":20,"gold_loss":50},{"damage_healed":0,"gold_gain":0,"player_choice":"0 cards matched","damage_taken":0,"max_hp_gain":0,"max_hp_loss":0,"event_name":"Match and Keep!","floor":31,"gold_loss":0,"cards_obtained":[]},{"damage_healed":0,"gold_gain":0,"cards_transformed":["Strike_G"],"player_choice":"Transformed","damage_taken":0,"max_hp_gain":0,"max_hp_loss":0,"event_name":"Transmorgrifier","floor":37,"gold_loss":0,"cards_obtained":["Riddle With Holes"]},{"damage_healed":0,"gold_gain":0,"player_choice":"Memory 1","damage_taken":0,"max_hp_gain":0,"max_hp_loss":0,"event_name":"SensoryStone","floor":45,"gold_loss":0}],"is_beta":false,"boss_relics":[{"not_picked":["Snecko Eye","Fusion Hammer"],"picked":"Cursed Key"},{"not_picked":["Velvet Choker","HoveringKite"],"picked":"Runic Dome"}],"items_purged_floors":[5,39,48],"is_endless":false,"potions_floor_spawned":[1,3,14,16,27,29,35,41,42,44,47],"killed_by":"Time Eater","ascension_level":6}}