{"host":"phy652c7lim9lcu2","time":1613400610,"event":{"mods":["BaseMod","Colored Powertips","Googly Eyes","Minty Spire (QoL Compilation)","Relic Stats","Spicy Shops","StSLib","everything is the same but u backflip on backflip"],"gold_per_floor":[118,136,136,13,32,64,64,164,164,199,215,215,231,74,74,172,172,172,172,172,172,172,172,172,172,172,172,172,172,172,172,172,172,172,172,172,172,51,51,51,51,51,51,51,0,0,0,0,0,0,0],"floor_reached":50,"language":"ENG","playtime":2063,"items_purged":["Regret","Decay"],"score":936,"play_id":"58ba126d-55e2-4f5c-9c5e-9d78fc148d90","local_time":"20210216005010","is_ascension_mode":true,"campfire_choices":[{"data":"Beam Cell","floor":15.0,"key":"SMITH"},{"floor":23.0,"key":"REST"},{"data":"Echo Form","floor":28.0,"key":"SMITH"},{"data":"Hologram","floor":32.0,"key":"SMITH"},{"data":"Defragment","floor":41,"key":"SMITH"},{"floor":49,"key":"RECALL"}],"circlet_count":0,"master_deck":["AscendersBane","Strike_B+1","Strike_B+1","Strike_B+1","Strike_B+1","Defend_B+1","Defend_B+1","Defend_B+1","Defend_B+1","Zap","Dualcast","Gash","Gash","Reinforced Body","Beam Cell+1","Hologram+1","White Noise+1","Cold Snap","Echo Form+1","Scrape+1","Hologram+1","Gash","Skim","Reinforced Body+1","Go for the Eyes+1","Reinforced Body","Machine Learning","Gash+1","Defragment+1","Echo Form"],"relics":["Cracked Core","Boot","Lizard Tail","Strawberry","Golden Idol","Thread and Needle","Mercury Hourglass","Chemical X","Ectoplasm","FaceOfCleric","Molten Egg 2","Orichalcum","Runic Dome","Gremlin Horn","Ornamental Fan","Red Mask"],"acts_visited":["TheCity","TheBeyond"],"potions_floor_usage":[33,33,40,48,48],"damage_taken":[{"damage":12.0,"enemies":"Small Slimes","floor":1.0,"turns":3.0},{"damage":2.0,"enemies":"Jaw Worm","floor":2.0,"turns":4.0},{"damage":0.0,"enemies":"Cultist","floor":5.0,"turns":2.0},{"damage":35.0,"enemies":"Gremlin Nob","floor":6.0,"turns":4.0},{"damage":9.0,"enemies":"3 Sentries","floor":10.0,"turns":9.0},{"damage":0.0,"enemies":"2 Fungi Beasts","floor":11.0,"turns":2.0},{"damage":1.0,"enemies":"Blue Slaver","floor":13.0,"turns":2.0},{"damage":4.0,"enemies":"Slime Boss","floor":16.0,"turns":9.0},{"damage":20.0,"enemies":"Shell Parasite","floor":18.0,"turns":6.0},{"damage":3.0,"enemies":"3 Byrds","floor":19.0,"turns":4.0},{"damage":8.0,"enemies":"Centurion and Healer","floor":21.0,"turns":5.0},{"damage":29.0,"enemies":"Shelled Parasite and Fungi","floor":22.0,"turns":5.0},{"damage":34.0,"enemies":"Slavers","floor":24.0,"turns":4.0},{"damage":0.0,"enemies":"Snake Plant","floor":27.0,"turns":4.0},{"damage":16.0,"enemies":"Gremlin Leader","floor":30.0,"turns":6.0},{"damage":0.0,"enemies":"3 Cultists","floor":31.0,"turns":4.0},{"damage":1,"enemies":"Collector","floor":33,"turns":7},{"damage":15,"enemies":"3 Darklings","floor":35,"turns":6},{"damage":6,"enemies":"3 Shapes","floor":39,"turns":3},{"damage":6,"enemies":"Reptomancer","floor":40,"turns":7},{"damage":12,"enemies":"Jaw Worm Horde","floor":46,"turns":3},{"damage":0,"enemies":"4 Shapes","floor":47,"turns":7},{"damage":0,"enemies":"Writhing Mass","floor":48,"turns":6},{"damage":42,"enemies":"Time Eater","floor":50,"turns":11}],"seed_played":"6271157940033163856","potions_obtained":[{"floor":1.0,"key":"Swift Potion"},{"floor":6.0,"key":"EssenceOfSteel"},{"floor":10.0,"key":"LiquidBronze"},{"floor":13.0,"key":"LiquidMemories"},{"floor":22.0,"key":"BlessingOfTheForge"},{"floor":24.0,"key":"Dexterity Potion"},{"floor":30.0,"key":"Fruit Juice"},{"floor":31.0,"key":"Strength Potion"},{"floor":33,"key":"SneckoOil"},{"floor":35,"key":"Weak Potion"},{"floor":40,"key":"DistilledChaos"},{"floor":46,"key":"Swift Potion"}],"is_trial":false,"path_per_floor":["M","M","?","$","M","E","?","?","T","E","M","?","M","$","R","B",null,"M","M","?","M","M","R","E","?","T","M","R","?","E","M","R","B",null,"M","?","?","$","M","E","R","?","T","$","?","M","M","M","R","B"],"character_chosen":"DEFECT","items_purchased":["Gash","Chemical X","Defragment"],"campfire_rested":1,"item_purchase_floors":[4,14,38],"current_hp_per_floor":[56,54,54,54,54,26,26,26,26,17,17,17,16,16,16,12,60,40,37,37,30,2,25,40,40,40,41,41,41,26,32,32,32,74,60,60,60,60,55,50,50,50,50,50,50,39,40,41,41,0,0],"gold":0,"neow_bonus":"RANDOM_COMMON_RELIC","is_daily":false,"chose_seed":false,"campfire_upgraded":4,"win_rate":0.0,"timestamp":1613400610,"path_taken":["M","M","?","$","M","E","?","?","T","E","?","?","M","$","R","BOSS","M","M","?","?","M","R","E","?","T","M","R","?","E","?","R","BOSS","M","?","?","$","M","E","R","?","T","$","?","?","M","M","R","BOSS"],"items_purchased_type":["Card","Relic","Card"],"build_version":"2020-12-22","purchased_purges":2,"victory":false,"max_hp_per_floor":[75,75,75,75,75,82,76,76,76,76,76,76,76,76,76,76,76,76,76,76,77,78,78,79,79,79,80,80,80,81,87,87,88,88,89,89,85,85,86,87,87,87,87,87,87,88,89,90,90,90,90],"relic_stats":{"Lizard Tail":39,"FaceOfCleric":13,"Gremlin Horn":[5,5],"counters":[24,123],"Golden Idol":116,"Ornamental Fan":[80],"Ectoplasm":408,"Chemical X":[51],"Orichalcum":[36],"Boot":[142],"obtain_stats":[{"Gremlin Horn":40,"Golden Idol":7,"Thread and Needle":9,"Orichalcum":30,"Boot":0,"Mercury Hourglass":10,"Runic Dome":34,"Lizard Tail":3,"FaceOfCleric":20,"Ornamental Fan":43,"Strawberry":6,"Molten Egg 2":24,"Ectoplasm":17,"Red Mask":45,"Chemical X":14,"Cracked Core":0},{"Gremlin Horn":20,"Golden Idol":4,"Thread and Needle":4,"Orichalcum":15,"Boot":0,"Mercury Hourglass":5,"Runic Dome":17,"Lizard Tail":2,"FaceOfCleric":10,"Ornamental Fan":20,"Strawberry":4,"Molten Egg 2":13,"Ectoplasm":8,"Red Mask":20,"Chemical X":7,"Cracked Core":0},{"Gremlin Horn":96,"Golden Idol":13,"Thread and Needle":13,"Orichalcum":69,"Boot":0,"Mercury Hourglass":22,"Runic Dome":80,"Lizard Tail":7,"FaceOfCleric":45,"Ornamental Fan":96,"Strawberry":13,"Molten Egg 2":59,"Ectoplasm":35,"Red Mask":96,"Chemical X":26,"Cracked Core":0}],"Mercury Hourglass":[458]},"card_choices":[{"not_picked":["Blizzard","Steam Power"],"picked":"Gash","floor":1.0},{"not_picked":["Blizzard","Leap"],"picked":"FTL","floor":2.0},{"not_picked":["Go for the Eyes","Conserve Battery"],"picked":"Reinforced Body","floor":5.0},{"not_picked":["Turbo","BootSequence"],"picked":"Beam Cell","floor":6.0},{"not_picked":["Tempest","Rainbow"],"picked":"Hologram","floor":10.0},{"not_picked":["Compile Driver","Barrage"],"picked":"White Noise","floor":11.0},{"not_picked":["Recycle","Sunder"],"picked":"Cold Snap","floor":13.0},{"not_picked":["Reboot","Hyperbeam"],"picked":"Echo Form","floor":16.0},{"not_picked":["Rip and Tear","Storm","Sweeping Beam"],"picked":"SKIP","floor":18.0},{"not_picked":["Heatsinks","Hologram"],"picked":"Scrape+1","floor":19.0},{"not_picked":["Leap","Turbo"],"picked":"Hologram","floor":21.0},{"not_picked":["Conserve Battery","Hologram"],"picked":"Gash","floor":22.0},{"not_picked":["Redo","Cold Snap+1"],"picked":"Skim","floor":24.0},{"not_picked":["Hologram","Defragment"],"picked":"Reinforced Body+1","floor":27.0},{"not_picked":["Steam Power","Ball Lightning+1"],"picked":"Go for the Eyes+1","floor":30.0},{"not_picked":["Compile Driver+1","Rip and Tear+1"],"picked":"Reinforced Body","floor":31.0},{"not_picked":["Echo Form","Meteor Strike+1"],"picked":"Machine Learning","floor":33},{"not_picked":["Coolheaded+1","Conserve Battery"],"picked":"Gash+1","floor":35},{"not_picked":["Rebound+1","Steam Power","Stack+1"],"picked":"SKIP","floor":39},{"not_picked":["Rip and Tear+1","Streamline+1","Genetic Algorithm+1"],"picked":"SKIP","floor":40},{"not_picked":["Turbo","Steam+1","Static Discharge"],"picked":"SKIP","floor":46},{"not_picked":["Steam+1","Redo"],"picked":"Echo Form","floor":47},{"not_picked":["Static Discharge","Steam","Barrage+1"],"picked":"SKIP","floor":48}],"player_experience":336827,"relics_obtained":[{"floor":6.0,"key":"Strawberry"},{"floor":9.0,"key":"Thread and Needle"},{"floor":10.0,"key":"Mercury Hourglass"},{"floor":24.0,"key":"Molten Egg 2"},{"floor":30.0,"key":"Orichalcum"},{"floor":40,"key":"Gremlin Horn"},{"floor":43,"key":"Ornamental Fan"}],"event_choices":[{"damage_healed":0.0,"max_hp_gain":0.0,"max_hp_loss":0.0,"gold_gain":0.0,"event_name":"Big Fish","player_choice":"Box","floor":3.0,"gold_loss":0.0,"damage_taken":0.0,"relics_obtained":["Lizard Tail"],"cards_obtained":["Regret"]},{"damage_healed":0.0,"max_hp_gain":0.0,"max_hp_loss":6.0,"gold_gain":0.0,"event_name":"Golden Idol","player_choice":"Lose Max HP","floor":7.0,"gold_loss":0.0,"damage_taken":0.0,"relics_obtained":["Golden Idol"]},{"damage_healed":0.0,"max_hp_gain":0.0,"max_hp_loss":0.0,"gold_gain":100.0,"event_name":"Golden Shrine","player_choice":"Pray","floor":8.0,"gold_loss":0.0,"damage_taken":0.0},{"damage_healed":0.0,"max_hp_gain":0.0,"max_hp_loss":0.0,"gold_gain":0.0,"event_name":"Living Wall","player_choice":"Grow","floor":12.0,"gold_loss":0.0,"damage_taken":0.0,"cards_upgraded":["White Noise"]},{"damage_healed":0.0,"max_hp_gain":0.0,"max_hp_loss":0.0,"gold_gain":0.0,"event_name":"FaceTrader","player_choice":"Trade","floor":20.0,"gold_loss":0.0,"damage_taken":0.0,"relics_obtained":["FaceOfCleric"]},{"damage_healed":0.0,"max_hp_gain":0.0,"max_hp_loss":0.0,"gold_gain":0.0,"event_name":"Back to Basics","player_choice":"Simplicity","floor":25.0,"gold_loss":0.0,"damage_taken":0.0,"cards_upgraded":["Strike_B","Strike_B","Strike_B","Strike_B","Defend_B","Defend_B","Defend_B","Defend_B"]},{"damage_healed":0.0,"max_hp_gain":0.0,"max_hp_loss":0.0,"gold_gain":0.0,"event_name":"Upgrade Shrine","player_choice":"Upgraded","floor":29.0,"gold_loss":0.0,"damage_taken":0.0,"cards_upgraded":["Hologram"]},{"damage_healed":0,"gold_gain":0,"player_choice":"Ignored","damage_taken":0,"max_hp_gain":0,"max_hp_loss":0,"event_name":"Mysterious Sphere","floor":36,"gold_loss":0},{"damage_healed":0,"gold_gain":0,"player_choice":"Max HP","damage_taken":0,"max_hp_gain":0,"max_hp_loss":4,"event_name":"Winding Halls","floor":37,"gold_loss":0},{"cards_removed":["FTL"],"damage_healed":0,"gold_gain":0,"player_choice":"Removed Attack","damage_taken":0,"max_hp_gain":0,"max_hp_loss":0,"event_name":"Falling","floor":42,"gold_loss":0},{"damage_healed":0,"gold_gain":0,"player_choice":"Paid","damage_taken":0,"relics_obtained":["Red Mask"],"max_hp_gain":0,"max_hp_loss":0,"event_name":"Tomb of Lord Red Mask","floor":45,"gold_loss":51}],"is_beta":false,"boss_relics":[{"not_picked":["Tiny House","Snecko Eye"],"picked":"Ectoplasm"},{"not_picked":["Velvet Choker","Inserter"],"picked":"Runic Dome"}],"items_purged_floors":[4,14],"is_endless":false,"potions_floor_spawned":[1,6,10,13,22,24,30,31,33,35,40,46],"killed_by":"Time Eater","ascension_level":13}}