{"host":"smeba5iqt06s46ur","time":1613393702,"event":{"mods":["BaseMod","Downfall","Hero for Fun","Highlight Path","Marisa£®ÏF”Í°°ƒß¿Ì…≥£©","Minty Spire (QoL Compilation)","READ ME - Guardian Mod","Replay The Spire","Shop Mod","StSLib","The Animator","The Bug Knight","The Cursed","The Disciple","The Necromancer","The Servant 0.9.4","[IsaacMod]“‘»ˆº‚À˛"],"gold_per_floor":[114,133,58,133,151,151,183,193,193,193,219,184,184,199,223,248,248,248,248],"floor_reached":18,"language":"ZHS","playtime":670,"items_purged":["Strike_R"],"score":131,"play_id":"179c2de2-ec86-4a8a-b7da-75d76fd3f20f","local_time":"20210215205502","is_ascension_mode":true,"campfire_choices":[{"data":"Massacre","floor":6,"key":"SMITH"}],"circlet_count":0,"master_deck":["Strike_R","Strike_R","Strike_R","Defend_R+1","Defend_R","Defend_R+1","Bash","Bomb","Massacre+1","Thunderclap","Life Link","Sever Soul","Seeing Red","Flame Barrier","Rampage"],"relics":["Burning Blood","HushsDoor","AnarchistCookbook","War Paint","Boot","Golden Idol"],"acts_visited":[],"potions_floor_usage":[7,18],"damage_taken":[{"damage":11,"enemies":"Cultist","floor":1,"turns":4},{"damage":14,"enemies":"2 Louse","floor":2,"turns":3},{"damage":0,"enemies":"Small Slimes","floor":5,"turns":3},{"damage":44,"enemies":"3 Sentries","floor":7,"turns":5},{"damage":9,"enemies":"Looter","floor":8,"turns":3},{"damage":7,"enemies":"3 Louse","floor":14,"turns":3},{"damage":18,"enemies":"Exordium Thugs","floor":15,"turns":3},{"damage":11,"enemies":"Looter","floor":16,"turns":3},{"damage":40,"enemies":"Hexaghost","floor":18,"turns":4}],"seed_played":"8957417652018001438","potions_obtained":[{"floor":2,"key":"bronze:BurnAndBuffPotion"},{"floor":15,"key":"SmokeBomb"},{"floor":16,"key":"Languid Potion"},{"floor":17,"key":"Toxic Potion"},{"floor":17,"key":"SteroidPotion"}],"is_trial":false,"path_per_floor":["M","M","$","?","M","R","E","M","PTL","PTL","T","?","?","M","M","M","R","B"],"character_chosen":"IRONCLAD","items_purchased":[],"campfire_rested":0,"item_purchase_floors":[],"current_hp_per_floor":[67,59,59,48,54,54,16,13,13,13,13,31,31,30,18,13,13,0,0],"gold":248,"neow_bonus":"REMOVE_TWO","is_daily":false,"chose_seed":false,"campfire_upgraded":1,"win_rate":0.0,"timestamp":1613393702,"path_taken":["M","M","$","?","?","R","E","M","PTL","PTL","T","?","?","M","M","M","R","BOSS"],"items_purchased_type":[],"build_version":"2020-12-22","purchased_purges":1,"victory":false,"max_hp_per_floor":[72,72,72,72,72,72,72,72,72,72,72,72,67,67,67,67,67,67,67],"card_choices":[{"not_picked":[],"picked":"Bomb","floor":0.0},{"not_picked":["Abandon","Power Through"],"picked":"Massacre","floor":1},{"not_picked":["Havoc","Run Through"],"picked":"Thunderclap","floor":2},{"not_picked":["Iron Wave","Eclipse"],"picked":"Life Link","floor":5},{"not_picked":["Havoc","Dark Embrace"],"picked":"Sever Soul","floor":7},{"not_picked":["Sever Soul","Armaments"],"picked":"Seeing Red","floor":8},{"not_picked":["Searing Blow","Perfected Strike"],"picked":"Flame Barrier","floor":14},{"not_picked":["Thunderclap","Dark Embrace"],"picked":"Rampage","floor":15},{"not_picked":["Evolve","Uppercut","Thunderclap"],"picked":"SKIP","floor":16}],"player_experience":426747,"relics_obtained":[{"floor":7,"key":"War Paint"},{"floor":11,"key":"Boot"}],"event_choices":[{"damage_healed":0,"gold_gain":75,"player_choice":"Gather Gold","damage_taken":11,"max_hp_gain":0,"max_hp_loss":0,"event_name":"World of Goop","floor":4,"gold_loss":0},{"damage_healed":18,"gold_gain":0,"player_choice":"Healed","damage_taken":0,"max_hp_gain":0,"max_hp_loss":0,"event_name":"The Cleric","floor":12,"gold_loss":35},{"damage_healed":0,"gold_gain":0,"player_choice":"Lose Max HP","damage_taken":0,"relics_obtained":["Golden Idol"],"max_hp_gain":0,"max_hp_loss":5,"event_name":"Golden Idol","floor":13,"gold_loss":0}],"is_beta":false,"boss_relics":[],"items_purged_floors":[3],"is_endless":false,"potions_floor_spawned":[2,15,16],"killed_by":"Hexaghost","ascension_level":3}}