{"host":"o3b7ow6d1xe49css","time":1613352788,"event":{"mods":["Act Like it!","Aspiration","BaseMod","Bestiary","Better Altar","Better Match","Better Note","Better Sensory Stone","Better Skull","Better Third Choice","Colored Powertips","Conspire","Energized Spire","Force Act Four","GifTheSpireLib","Halation","Hermit","Hubris","Infinite Spire","Lobotomy","Minty Spire (QoL Compilation)","Quick Restart","Rare Cards Sparkle","Relic Filter Mod","Reliquary","Replay The Spire","Spicy Shops","Spikes Relics","StSLib","Stuff the Spire","The Blue Laboratory","The Disciple","Wandering Minibosses"],"gold_per_floor":[111,124,139,36,36,36,62,87,133,133,160,172,172,192,192,296,296,248,248,248,22,34,68,68,68],"floor_reached":24,"language":"ENG","playtime":1071,"items_purged":[],"score":386,"play_id":"f3ec71fd-d5ff-4593-abe5-ad683f58cb95","local_time":"20210214163308","daily_mods":["Heirloom","Flight"],"is_ascension_mode":true,"campfire_choices":[{"data":"Tempo","floor":6,"key":"SMITH"},{"data":"BeatsPerMinute","floor":10,"key":"SMITH"},{"data":"Echoward","floor":15,"key":"SMITH"}],"circlet_count":0,"master_deck":["Allargando+1","Moderato+1","Allegro","Strike_Br","Strike_Br","Strike_Br","Defend_Br","Defend_Br","Defend_Br","Defend_Br","SecondHand","PatternShift","Scorched","Keepsakes","OverTime+1","BeatsPerMinute+1","UniverseFragment","AlternateTimeline","BlueShift","Regret","Echoward+1","Allargando+1","BlueShift","Apotheosis","PrimeTime"],"relics":["Chronometer","Ring of Chaos","Thread and Needle","CogitoBucket","Happy Flower","Pet Ghost","Replay:Mystery Machine","ZombieTooth","AspirationHeart","StuffTheSpire:RedRose","energizedSpire:NeverEndingSparkler","Prayer Wheel"],"acts_visited":["Exordium","TheCity"],"potions_floor_usage":[7,18],"damage_taken":[{"damage":1,"enemies":"Small Slimes","floor":1,"turns":4},{"damage":0,"enemies":"Cultist","floor":2,"turns":3},{"damage":0,"enemies":"2 Louse","floor":3,"turns":2},{"damage":3,"enemies":"Lagavulin","floor":7,"turns":7},{"damage":3,"enemies":"Gremlin Nob","floor":8,"turns":3},{"damage":22,"enemies":"Lagavulin","floor":11,"turns":5},{"damage":16,"enemies":"Looter","floor":12,"turns":3},{"damage":0,"enemies":"Exordium Wildlife","floor":14,"turns":3},{"damage":9,"enemies":"Hexaghost","floor":16,"turns":9},{"damage":9,"enemies":"Spheric Guardian","floor":18,"turns":5},{"damage":3,"enemies":"Chosen","floor":22,"turns":3},{"damage":0,"enemies":"Gremlin Leader","floor":23,"turns":4},{"damage":0,"enemies":"Centurion and Healer","floor":24,"turns":1}],"seed_played":"-7658601876812731528","potions_obtained":[{"floor":3,"key":"Fire Potion"},{"floor":12,"key":"Explosive Potion"},{"floor":14,"key":"Elixir"},{"floor":23,"key":"SpeedPotion"}],"is_trial":true,"path_per_floor":["M","M","M","$","?","R","E","E","T","R","E","M","?","M","R","B",null,"M","?","$","$","M","E","M"],"character_chosen":"CHRONO_CLASS","items_purchased":["OverTime+1","Apotheosis","PrimeTime"],"campfire_rested":0,"item_purchase_floors":[4,21,21],"current_hp_per_floor":[64,64,64,64,64,64,61,58,58,58,36,30,30,30,30,21,62,53,53,53,53,50,50,50,50],"gold":68,"neow_bonus":"","is_daily":false,"chose_seed":false,"campfire_upgraded":3,"win_rate":0.0,"timestamp":1613352788,"path_taken":["M","M","M","$","?","R","E","E","T","R","E","?","?","M","R","BOSS","M","?","$","$","M","E","M"],"items_purchased_type":["Card","Card","Card"],"build_version":"2020-12-22","purchased_purges":0,"victory":false,"max_hp_per_floor":[65,65,65,65,65,65,65,65,65,65,65,75,75,75,75,75,75,75,75,75,75,75,75,75,75],"card_choices":[{"not_picked":["LockedOrichalcum","ExoVibe"],"picked":"Tempo","floor":1},{"not_picked":["FairyFestival","WallGazer","VoidDream"],"picked":"Singing Bowl","floor":1},{"not_picked":["OldLady","OSAHOGD"],"picked":"Scorched","floor":1},{"not_picked":["BiteCommand","Tempo"],"picked":"Keepsakes","floor":2},{"not_picked":["LockedWhetstone","CrunchTime","TiringSlam"],"picked":"SKIP","floor":3},{"not_picked":["WatchCommand","LockedAstrolabe"],"picked":"BeatsPerMinute","floor":7},{"not_picked":["RedShoes","ShyLook","Mercenary"],"picked":"Singing Bowl","floor":7},{"not_picked":["Wellcheers","PunishingBird"],"picked":"UniverseFragment","floor":7},{"not_picked":["WatchCommand","WakeUpCall","CrunchTime"],"picked":"SKIP","floor":8},{"not_picked":["LockedScales","LockedBell"],"picked":"AlternateTimeline","floor":11},{"not_picked":["LockedAnchor","AlternateTimeline"],"picked":"BlueShift","floor":12},{"not_picked":["EscortCommand","Facsimile"],"picked":"Echoward","floor":14},{"not_picked":["EscortCommand","LockedBlood+1"],"picked":"BlueShift","floor":18},{"not_picked":["WindUp","Accruing","LockedUrn"],"picked":"SKIP","floor":22},{"not_picked":["Parity","BiteCommand","CrunchTime"],"picked":"SKIP","floor":23}],"player_experience":1505047,"relics_obtained":[{"floor":7,"key":"Happy Flower"},{"floor":8,"key":"Pet Ghost"},{"floor":9,"key":"Replay:Mystery Machine"},{"floor":11,"key":"ZombieTooth"},{"floor":23,"key":"Prayer Wheel"}],"event_choices":[{"damage_healed":0,"gold_gain":0,"player_choice":"Ignored","damage_taken":0,"max_hp_gain":0,"max_hp_loss":0,"event_name":"betterNote:BetterNote","floor":5,"gold_loss":0,"cards_obtained":["Strike_R"]},{"damage_healed":0,"gold_gain":0,"player_choice":"Leave","damage_taken":0,"max_hp_gain":0,"max_hp_loss":0,"event_name":"conspire:Investor","floor":19,"gold_loss":0}],"is_beta":false,"boss_relics":[{"not_picked":["aspiration:PoetsPen_weak","energizedSpire:RedRose"],"picked":"energizedSpire:NeverEndingSparkler"}],"items_purged_floors":[],"is_endless":false,"potions_floor_spawned":[3,12,14,23],"killed_by":"Centurion and Healer","ascension_level":5}}