{"host":"rylkjufw9dlhr07b","time":1613350250,"event":{"mods":["AchievementEnabler","BaseMod","Better Note","BetterRewards","Hubris","Minty Spire (QoL Compilation)","Quick Restart","StSLib"],"gold_per_floor":[117,134,113,113,127,127,161,161,161,336,361,376,399,437,437,530,530,553,574,589,589,589,589,633,658,658,658,658,261,276,276,276],"floor_reached":31,"language":"FRA","playtime":1164,"items_purged":["Doubt"],"score":666,"play_id":"7499d958-94be-460b-94f2-9970f953b832","local_time":"20210215015050","is_ascension_mode":true,"campfire_choices":[{"floor":6,"key":"REST"},{"data":"Defragment","floor":8,"key":"SMITH"},{"floor":15,"key":"REST"},{"data":"Defragment","floor":23,"key":"SMITH"}],"circlet_count":0,"master_deck":["AscendersBane","Strike_B","Strike_B","Strike_B","Strike_B","Defend_B+1","Defend_B+1","Defend_B","Zap","Dualcast","Flash of Steel","Capacitor","Defragment+1","Force Field","Sweeping Beam","Leap","Compile Driver","Injury","Sweeping Beam","Melter","Conserve Battery","Ball Lightning","FTL","Ball Lightning","Seek","Ball Lightning+1","Redo","Defragment+1","Defragment","Chaos","Electrodynamics","Fusion+1"],"relics":["Cracked Core","Mango","War Paint","hubris:EmptyBottle","hubris:TenFootPole","Golden Idol","hubris:FunFungus","Nunchaku","White Beast Statue","Coffee Dripper","Potion Belt","Art of War","Bottled Flame","StoneCalendar","Bottled Tornado"],"acts_visited":["Exordium","TheCity"],"potions_floor_usage":[2,7,7,11,12,12,19,19,20,24,24,30,31,31,31],"damage_taken":[{"damage":0,"enemies":"Cultist","floor":1,"turns":4},{"damage":0,"enemies":"2 Louse","floor":2,"turns":2},{"damage":0,"enemies":"Small Slimes","floor":5,"turns":3},{"damage":8,"enemies":"Gremlin Nob","floor":7,"turns":4},{"damage":3,"enemies":"Exordium Wildlife","floor":11,"turns":3},{"damage":0,"enemies":"Lots of Slimes","floor":12,"turns":1},{"damage":0,"enemies":"3 Louse","floor":13,"turns":3},{"damage":20,"enemies":"3 Sentries","floor":14,"turns":7},{"damage":46,"enemies":"Slime Boss","floor":16,"turns":9},{"damage":0,"enemies":"Chosen","floor":18,"turns":4},{"damage":3,"enemies":"3 Byrds","floor":19,"turns":6},{"damage":24,"enemies":"Snecko","floor":20,"turns":5},{"damage":0,"enemies":"Gremlin Leader","floor":24,"turns":6},{"damage":12,"enemies":"Cultist and Chosen","floor":25,"turns":5},{"damage":8,"enemies":"Sentry and Sphere","floor":30,"turns":4},{"damage":46,"enemies":"Slavers","floor":31,"turns":4}],"seed_played":"4833752972658670525","potions_obtained":[{"floor":1,"key":"Block Potion"},{"floor":7,"key":"SkillPotion"},{"floor":16,"key":"BlessingOfTheForge"},{"floor":18,"key":"AttackPotion"},{"floor":19,"key":"BlessingOfTheForge"},{"floor":20,"key":"LiquidMemories"},{"floor":24,"key":"SpeedPotion"},{"floor":25,"key":"PotionOfCapacity"},{"floor":30,"key":"BlessingOfTheForge"}],"is_trial":false,"path_per_floor":["M","M","?","?","M","R","E","R","T","?","M","M","M","E","R","B",null,"M","M","M","?","?","R","E","M","T","T","?","$","M","E"],"character_chosen":"DEFECT","items_purchased":["Mango","Flash of Steel","Capacitor","War Paint","Defragment","hubris:EmptyBottle","hubris:TenFootPole","Force Field","Sweeping Beam","Fire Potion","Electrodynamics","Bottled Tornado"],"campfire_rested":2,"item_purchase_floors":[0,0,0,0,0,0,0,0,0,0,29,29],"current_hp_per_floor":[38,38,38,38,38,63,55,55,55,55,53,53,54,38,63,18,68,70,76,55,55,55,55,60,52,52,52,52,52,44,0,0],"gold":276,"neow_bonus":"","is_daily":false,"chose_seed":false,"campfire_upgraded":2,"win_rate":0.0,"timestamp":1613350250,"path_taken":["M","M","?","?","M","R","E","R","T","?","M","?","M","E","R","BOSS","M","?","M","?","?","R","E","M","T","?","?","$","?","E"],"items_purchased_type":["Relic","Card","Card","Relic","Card","Relic","Relic","Card","Card","Potion","Card","Relic"],"build_version":"2020-12-22","purchased_purges":1,"victory":false,"max_hp_per_floor":[85,85,85,85,85,85,85,85,85,85,85,85,85,85,85,85,85,85,85,85,85,85,85,85,85,85,85,85,85,85,85,85],"card_choices":[{"not_picked":["Tempest","Steam"],"picked":"Leap","floor":1},{"not_picked":["Heatsinks","Consume"],"picked":"Compile Driver","floor":2},{"not_picked":["Hologram","Heatsinks"],"picked":"Sweeping Beam","floor":5},{"not_picked":["Amplify","Aggregate"],"picked":"Melter","floor":7},{"not_picked":["Gash","Recycle"],"picked":"Conserve Battery","floor":11},{"not_picked":["Reprogram","Coolheaded"],"picked":"Ball Lightning","floor":12},{"not_picked":["Ball Lightning","Conserve Battery"],"picked":"FTL","floor":13},{"not_picked":["Leap","Streamline"],"picked":"Ball Lightning","floor":14},{"not_picked":["hubris:SpecializedCircuitry","Reboot"],"picked":"Seek","floor":16},{"not_picked":["Sunder","Streamline+1"],"picked":"Ball Lightning+1","floor":18},{"not_picked":["Tempest","Auto Shields+1"],"picked":"Redo","floor":19},{"not_picked":["Turbo","Glacier"],"picked":"Defragment","floor":20},{"not_picked":["Lockon","Sweeping Beam"],"picked":"Chaos","floor":24},{"not_picked":["Turbo+1","Rebound","Go for the Eyes"],"picked":"SKIP","floor":25},{"not_picked":["hubris:Prefetch","Leap"],"picked":"Fusion+1","floor":30}],"player_experience":592396,"relics_obtained":[{"floor":7,"key":"hubris:FunFungus"},{"floor":9,"key":"Nunchaku"},{"floor":14,"key":"White Beast Statue"},{"floor":24,"key":"Art of War"},{"floor":26,"key":"Bottled Flame"},{"floor":27,"key":"StoneCalendar"}],"event_choices":[{"damage_healed":0,"gold_gain":0,"player_choice":"Left Gold","damage_taken":0,"max_hp_gain":0,"max_hp_loss":0,"event_name":"World of Goop","floor":3,"gold_loss":21},{"damage_healed":0,"gold_gain":0,"player_choice":"Take Wound","damage_taken":0,"relics_obtained":["Golden Idol"],"max_hp_gain":0,"max_hp_loss":0,"event_name":"Golden Idol","floor":4,"gold_loss":0,"cards_obtained":["Injury"]},{"damage_healed":0,"gold_gain":175,"player_choice":"AGREE","damage_taken":0,"max_hp_gain":0,"max_hp_loss":0,"event_name":"Liars Game","floor":10,"gold_loss":0,"cards_obtained":["Doubt"]},{"damage_healed":0,"gold_gain":0,"player_choice":"Gave Potion","damage_taken":0,"relics_obtained":["Potion Belt"],"max_hp_gain":0,"max_hp_loss":0,"event_name":"WeMeetAgain","floor":21,"gold_loss":0},{"damage_healed":0,"gold_gain":0,"cards_transformed":["Defend_B"],"player_choice":"Transformed","damage_taken":0,"max_hp_gain":0,"max_hp_loss":0,"event_name":"Transmorgrifier","floor":22,"gold_loss":0,"cards_obtained":["Defragment"]},{"damage_healed":0,"gold_gain":0,"player_choice":"Ignored","damage_taken":0,"max_hp_gain":0,"max_hp_loss":0,"event_name":"betterNote:BetterNote","floor":28,"gold_loss":0,"cards_obtained":["Bouncing Flask"]}],"is_beta":false,"boss_relics":[{"not_picked":["Velvet Choker","Fusion Hammer"],"picked":"Coffee Dripper"}],"items_purged_floors":[29],"is_endless":false,"potions_floor_spawned":[1,5,7,16,18,19,20,24,25,30],"killed_by":"Slavers","ascension_level":14}}