{"host":"vc4o75g2s9rtd3ii","time":1613411068,"event":{"mods":["2.2 Compatiblity","AchievementEnabler","Ascension Reborn","Aspiration","BaseMod","Better Match","Better Note","Better Sensory Stone","Better Skull","Better Vampires","BetterRewards","Colored Powertips","Conspire","Downfall","Energized Spire","GifTheSpireLib","Halation","Hubris","Infinite Spire","Marked Mod","Minty Spire (QoL Compilation)","Rare Cards Sparkle","Relic Filter","Replay The Spire","Retaliation","Reworked Bosses","SacredBarkPlus","Spikes Relics","StSLib","Strawberry Spire","Stuff the Spire","The Blue Laboratory"],"gold_per_floor":[110,125,125,143,155,182,199,226,272,283,293,311,329,346,346,447,447,464,482,482,482,495,495,495],"floor_reached":23,"language":"ENG","playtime":3068,"items_purged":[],"score":211,"play_id":"0a53f914-4dca-4857-8f2e-e01cf88e3031","local_time":"20210215184428","is_ascension_mode":true,"campfire_choices":[{"floor":15,"key":"REST"}],"circlet_count":0,"master_deck":["Strike_G","Strike_G","Strike_G","Strike_G","Defend_G","Defend_G","Defend_G","Defend_G","Defend_G","Survivor","Neutralize","Flying Knee","Toxin Wave","Bane","Dagger Throw","Envenom","StuffTheSpire:DoubleShiv","Bane","hubris:Counter","strawberrySpire:Insectonator","Hidden Blade","Poisoned Stab","Footwork+1","strawberrySpire:DeltaFlow","Choke","Sucker Punch+1"],"relics":["Ring of the Snake","strawberrySpire:PoopsieRoll","hubris:Metronome","Toy Ornithopter","Ring of Chaos"],"acts_visited":["Exordium","TheCity"],"potions_floor_usage":[16,22,23,23],"damage_taken":[{"damage":0,"enemies":"conspire:RoseBush","floor":1,"turns":4},{"damage":0,"enemies":"Cultist","floor":2,"turns":4},{"damage":1,"enemies":"Small Slimes","floor":4,"turns":3},{"damage":0,"enemies":"3 Louse","floor":5,"turns":2},{"damage":17,"enemies":"Replay:BlueRogue","floor":6,"turns":7},{"damage":7,"enemies":"conspire:2 RoseBushes","floor":7,"turns":4},{"damage":26,"enemies":"Lagavulin","floor":8,"turns":7},{"damage":0,"enemies":"Blue Slaver","floor":10,"turns":2},{"damage":0,"enemies":"Lots of Slimes","floor":11,"turns":1},{"damage":2,"enemies":"conspire:2 RoseBushes","floor":12,"turns":2},{"damage":0,"enemies":"3 Louse","floor":13,"turns":1},{"damage":0,"enemies":"Looter","floor":14,"turns":1},{"damage":44,"enemies":"Hexaghost","floor":16,"turns":9},{"damage":40,"enemies":"Shell Parasite","floor":18,"turns":8},{"damage":15,"enemies":"Chosen","floor":19,"turns":5},{"damage":28,"enemies":"Centurion and Healer","floor":22,"turns":5},{"damage":73,"enemies":"strawberrySpire:AncientClocktower","floor":23,"turns":12}],"seed_played":"-4706131569015860652","potions_obtained":[{"floor":2,"key":"blueLaboratory:BottleOfVodka"},{"floor":3,"key":"blueLaboratory:PhilterOfMotion"},{"floor":5,"key":"blueLaboratory:ForbiddenFruitJuice"},{"floor":10,"key":"blueLaboratory:NinjaPotion"},{"floor":13,"key":"EssenceOfSteel"},{"floor":22,"key":"EssenceOfSteel"}],"is_trial":false,"path_per_floor":["M","M","?","M","M","E","M","E","T","M","M","M","M","M","R","B",null,"M","M","?","?","M","E"],"character_chosen":"THE_SILENT","items_purchased":[],"campfire_rested":1,"item_purchase_floors":[],"current_hp_per_floor":[77,77,77,76,76,59,52,26,26,26,26,24,24,24,47,8,77,37,22,22,22,54,0,0],"gold":495,"neow_bonus":"TEN_PERCENT_HP_BONUS","is_daily":false,"chose_seed":false,"campfire_upgraded":0,"win_rate":0.0,"timestamp":1613411068,"path_taken":["M","M","?","M","M","E","M","E","T","M","M","M","M","?","R","BOSS","M","M","?","?","?","E"],"items_purchased_type":[],"build_version":"2020-12-22","purchased_purges":0,"victory":false,"max_hp_per_floor":[77,77,77,77,77,77,77,77,77,77,77,77,77,77,77,77,77,77,77,77,77,67,67,67],"card_choices":[{"not_picked":["Hidden Blade","Eviscerate"],"picked":"Flying Knee","floor":1},{"not_picked":["Deflect","Bane"],"picked":"Toxin Wave","floor":2},{"not_picked":["ReplayTheSpireMod:Scrap Shanks","Sucker Punch"],"picked":"Bane","floor":4},{"not_picked":["Flying Knee","strawberrySpire:Fastroyer"],"picked":"Dagger Throw","floor":5},{"not_picked":["Quick Slash","StuffTheSpire:Shiver"],"picked":"Envenom","floor":6},{"not_picked":["Deflect","StuffTheSpire:Injection"],"picked":"StuffTheSpire:DoubleShiv","floor":7},{"not_picked":["Deadly Poison","StuffTheSpire:Incursion"],"picked":"Bane","floor":8},{"not_picked":["Hidden Blade","StuffTheSpire:BumpUp"],"picked":"StuffTheSpire:FinalStruggle","floor":10},{"not_picked":["Outmaneuver","All Out Attack"],"picked":"hubris:Counter","floor":11},{"not_picked":["ShadowRift","Bane"],"picked":"strawberrySpire:Insectonator","floor":12},{"not_picked":["Deflect","hubris:SlightOfHand"],"picked":"Hidden Blade","floor":13},{"not_picked":["Backflip","StuffTheSpire:Incantation"],"picked":"Poisoned Stab","floor":14},{"not_picked":["Choke","PiercingWail"],"picked":"Footwork+1","floor":18},{"not_picked":["Underhanded Strike","strawberrySpire:Slide"],"picked":"strawberrySpire:DeltaFlow","floor":19},{"not_picked":["hubris:SlightOfHand+1","Hidden Blade"],"picked":"Sucker Punch+1","floor":22}],"player_experience":91498,"relics_obtained":[{"floor":6,"key":"strawberrySpire:PoopsieRoll"},{"floor":8,"key":"hubris:Metronome"},{"floor":9,"key":"Toy Ornithopter"}],"event_choices":[{"damage_healed":0,"gold_gain":0,"player_choice":"Got Potions","damage_taken":0,"max_hp_gain":0,"max_hp_loss":0,"event_name":"Lab","floor":3,"gold_loss":0},{"damage_healed":0,"gold_gain":0,"cards_transformed":["StuffTheSpire:FinalStruggle"],"player_choice":"Transformed","damage_taken":0,"max_hp_gain":0,"max_hp_loss":0,"event_name":"Transmorgrifier","floor":20,"gold_loss":0,"cards_obtained":["Choke"]},{"cards_removed":["Strike_G"],"damage_healed":0,"gold_gain":0,"player_choice":"Offered Basic","damage_taken":0,"max_hp_gain":0,"max_hp_loss":0,"event_name":"Bonfire Elementals","floor":21,"gold_loss":0}],"is_beta":false,"boss_relics":[{"not_picked":["Velvet Choker","StuffTheSpire:RunicHypercube"],"picked":"Ring of Chaos"}],"items_purged_floors":[],"is_endless":false,"potions_floor_spawned":[2,5,10,11,13,14,22],"killed_by":"strawberrySpire:AncientClocktower","ascension_level":0}}