{"host":"Oniwa","time":1613381043,"event":{"mods":["BaseMod","Colored Map","Colored Powertips","Minty Spire (QoL Compilation)","Relic Stats","Slay the Relics Exporter","SpireBot","StSLib","ojb\u0027s Better Paths Mod","ojb\u0027s Info Mod"],"gold_per_floor":[113,129,147,147,161,190,190,220,220,251,270,270,299,6,6,83,83,103,103,118,133,52,52,84,84,84,101,26,26,58,71,71,142,142,154,154,1153,1153,1166,1166,1198,1198,1198,1226,802,850,850,850,850,850,850,850],"floor_reached":51,"language":"JPN","playtime":4446,"items_purged":["Strike_P+1","Strike_P+1"],"score":1823,"play_id":"068893bf-9710-4f54-9af0-7e8f0f7c6874","local_time":"20210215182403","is_ascension_mode":true,"campfire_choices":[{"data":"Eruption","floor":7.0,"key":"SMITH"},{"floor":12.0,"key":"REST"},{"data":"Meditate","floor":15.0,"key":"SMITH"},{"data":"Meditate","floor":23.0,"key":"SMITH"},{"data":"ForeignInfluence","floor":25.0,"key":"SMITH"},{"data":"Establishment","floor":32.0,"key":"SMITH"},{"data":"Blasphemy","floor":40.0,"key":"SMITH"},{"floor":42.0,"key":"RECALL"},{"data":"Ghostly","floor":47.0,"key":"SMITH"},{"data":"Ghostly","floor":49.0,"key":"SMITH"}],"circlet_count":0,"master_deck":["AscendersBane","Defend_P+1","Defend_P+1","Defend_P+1","Eruption+1","Vigilance","Protect","ForeignInfluence+1","BattleHymn+1","DeusExMachina","SashWhip","SpiritShield","Tantrum","EmptyBody+1","Meditate+1","Meditate+1","Vault","EmptyBody","FearNoEvil","DeceiveReality","FearNoEvil","CutThroughFate+1","Ghostly+1","Ghostly+1","Ghostly+1","Establishment+1","Blasphemy+1","WaveOfTheHand","FlurryOfBlows","Writhe","Wallop","Indignation"],"relics":["PureWater","Orichalcum","Ornamental Fan","Question Card","Sundial","Happy Flower","Membership Card","Pen Nib","Cursed Key","Omamori","Mummified Hand","Bag of Preparation","Black Star","Art of War","Akabeko","Vajra","Turnip","Potion Belt","War Paint","PrismaticShard","Thread and Needle","Eternal Feather"],"acts_visited":["Exordium","TheCity","TheBeyond"],"potions_floor_usage":[],"damage_taken":[{"damage":0.0,"enemies":"Small Slimes","floor":1.0,"turns":4.0},{"damage":4.0,"enemies":"Cultist","floor":2.0,"turns":6.0},{"damage":4.0,"enemies":"Jaw Worm","floor":3.0,"turns":4.0},{"damage":7.0,"enemies":"Large Slime","floor":5.0,"turns":4.0},{"damage":20.0,"enemies":"3 Sentries","floor":6.0,"turns":6.0},{"damage":12.0,"enemies":"Gremlin Nob","floor":8.0,"turns":3.0},{"damage":11.0,"enemies":"3 Sentries","floor":10.0,"turns":9.0},{"damage":0.0,"enemies":"Exordium Wildlife","floor":11.0,"turns":3.0},{"damage":0.0,"enemies":"Gremlin Nob","floor":13.0,"turns":3.0},{"damage":0.0,"enemies":"Hexaghost","floor":16.0,"turns":8.0},{"damage":0.0,"enemies":"3 Byrds","floor":18.0,"turns":4.0},{"damage":3.0,"enemies":"Chosen","floor":20.0,"turns":3.0},{"damage":2.0,"enemies":"Centurion and Healer","floor":21.0,"turns":3.0},{"damage":5.0,"enemies":"Slavers","floor":24.0,"turns":5.0},{"damage":11.0,"enemies":"Snake Plant","floor":27.0,"turns":6.0},{"damage":0.0,"enemies":"Book of Stabbing","floor":30.0,"turns":4.0},{"damage":0.0,"enemies":"Chosen and Byrds","floor":31.0,"turns":5.0},{"damage":1.0,"enemies":"Collector","floor":33.0,"turns":8.0},{"damage":0.0,"enemies":"Orb Walker","floor":35.0,"turns":3.0},{"damage":0.0,"enemies":"3 Shapes","floor":39.0,"turns":4.0},{"damage":2.0,"enemies":"Reptomancer","floor":41.0,"turns":7.0},{"damage":9.0,"enemies":"Nemesis","floor":44.0,"turns":6.0},{"damage":4.0,"enemies":"Reptomancer","floor":46.0,"turns":9.0},{"damage":0.0,"enemies":"Donu and Deca","floor":50.0,"turns":7.0},{"damage":38,"enemies":"Time Eater","floor":51,"turns":10}],"seed_played":"3743293056300639632","potions_obtained":[{"floor":1.0,"key":"Dexterity Potion"},{"floor":3.0,"key":"DistilledChaos"},{"floor":10.0,"key":"DuplicationPotion"},{"floor":21.0,"key":"SkillPotion"},{"floor":24.0,"key":"SkillPotion"},{"floor":27.0,"key":"Weak Potion"},{"floor":44.0,"key":"SteroidPotion"}],"is_trial":false,"path_per_floor":["M","M","M","?","M","E","R","E","T","E","M","R","E","$","R","B",null,"M","?","M","M","$","R","E","R","T","M","?","?","E","M","R","B",null,"M","?","?","?","M","R","E","R","T","E","$","E","R","?","R","B","B"],"character_chosen":"WATCHER","items_purchased":["Membership Card","Pen Nib","Meditate","FearNoEvil","Potion Belt","War Paint","Wallop","PrismaticShard","ColorlessPotion","GamblersBrew","Indignation"],"campfire_rested":1,"item_purchase_floors":[14,14,14,22,45,45,45,45,45,45,45],"current_hp_per_floor":[61,57,53,53,46,26,26,14,14,3,3,21,21,21,21,21,52,52,52,49,47,47,47,42,42,42,31,31,31,31,31,31,30,31,31,29,29,29,29,29,27,27,27,18,18,14,29,29,29,29,0,0],"gold":850,"neow_bonus":"REMOVE_TWO","is_daily":false,"chose_seed":false,"campfire_upgraded":8,"win_rate":0.0,"timestamp":1613381043,"path_taken":["M","M","M","?","M","E","R","E","T","E","M","R","E","$","R","BOSS","M","?","M","M","$","R","E","R","T","M","?","?","E","M","R","BOSS","M","?","?","?","?","R","E","R","T","E","$","E","R","?","R","BOSS","BOSS"],"items_purchased_type":["Relic","Relic","Card","Card","Relic","Relic","Card","Relic","Potion","Potion","Card"],"build_version":"2020-12-18","purchased_purges":2,"victory":false,"max_hp_per_floor":[62,62,62,62,62,62,62,62,62,62,62,62,62,62,62,62,62,62,62,62,62,62,62,62,62,62,62,62,31,31,31,31,31,31,31,29,29,29,29,29,29,29,29,29,29,29,29,29,29,29,29,29],"relic_stats":{"Happy Flower":[30],"counters":[25,134],"Eternal Feather":15,"Pen Nib":[23],"Bag of Preparation":[19],"Orichalcum":[126],"War Paint":["EmptyBody","Ghostly"],"Question Card":17,"Cursed Key":2,"Ornamental Fan":[204],"Sundial":[4],"Mummified Hand":[22],"Turnip":[4],"Black Star":3,"Art of War":[6],"obtain_stats":[{"Potion Belt":45,"Happy Flower":13,"Vajra":44,"Thread and Needle":46,"Eternal Feather":46,"Pen Nib":14,"Omamori":24,"Bag of Preparation":30,"Orichalcum":6,"War Paint":45,"Question Card":9,"Cursed Key":17,"PrismaticShard":45,"Akabeko":41,"Ornamental Fan":8,"Sundial":10,"Mummified Hand":26,"Turnip":44,"Black Star":34,"Art of War":41,"Membership Card":14,"PureWater":0},{"Potion Belt":22,"Happy Flower":9,"Vajra":22,"Thread and Needle":23,"Eternal Feather":23,"Pen Nib":9,"Omamori":14,"Bag of Preparation":16,"Orichalcum":5,"War Paint":22,"Question Card":6,"Cursed Key":10,"PrismaticShard":22,"Akabeko":21,"Ornamental Fan":6,"Sundial":7,"Mummified Hand":14,"Turnip":22,"Black Star":18,"Art of War":21,"Membership Card":9,"PureWater":0},{"Potion Belt":108,"Happy Flower":42,"Vajra":108,"Thread and Needle":117,"Eternal Feather":117,"Pen Nib":42,"Omamori":65,"Bag of Preparation":75,"Orichalcum":24,"War Paint":108,"Question Card":27,"Cursed Key":50,"PrismaticShard":108,"Akabeko":102,"Ornamental Fan":27,"Sundial":36,"Mummified Hand":65,"Turnip":108,"Black Star":88,"Art of War":102,"Membership Card":42,"PureWater":0}]},"card_choices":[{"not_picked":["WaveOfTheHand","Collect"],"picked":"Protect","floor":1.0},{"not_picked":["JustLucky","WaveOfTheHand"],"picked":"ForeignInfluence","floor":2.0},{"not_picked":["FollowUp","CutThroughFate"],"picked":"BattleHymn","floor":3.0},{"not_picked":["Evaluate","Consecrate"],"picked":"DeusExMachina","floor":5.0},{"not_picked":["PathToVictory","ReachHeaven"],"picked":"SashWhip","floor":6.0},{"not_picked":["Scrawl","ClearTheMind"],"picked":"SpiritShield","floor":8.0},{"not_picked":["Prostrate","ClearTheMind","Crescendo"],"picked":"Tantrum","floor":10.0},{"not_picked":["EmptyFist","CutThroughFate","ThirdEye"],"picked":"EmptyBody","floor":11.0},{"not_picked":["WheelKick","EmptyMind","SpiritShield"],"picked":"Meditate","floor":13.0},{"not_picked":["Ragnarok","Brilliance","MasterReality"],"picked":"Vault","floor":16.0},{"not_picked":["ThirdEye","JustLucky","WindmillStrike"],"picked":"EmptyBody","floor":18.0},{"not_picked":["BattleHymn","Protect","FollowUp"],"picked":"FearNoEvil","floor":20.0},{"not_picked":["Nirvana","PathToVictory","FollowUp"],"picked":"DeceiveReality","floor":21.0},{"not_picked":["DeusExMachina","SashWhip","WindmillStrike","ForeignInfluence+1"],"picked":"SKIP","floor":24.0},{"not_picked":["Protect","FlyingSleeves","Crescendo"],"picked":"CutThroughFate+1","floor":27.0},{"not_picked":["Evaluate","CutThroughFate","JustLucky"],"picked":"Establishment","floor":30.0},{"not_picked":["SignatureMove","EmptyFist","ClearTheMind","Halt"],"picked":"SKIP","floor":31.0},{"not_picked":["Establishment","DevaForm","Judgement"],"picked":"Blasphemy","floor":33.0},{"not_picked":["Consecrate","SashWhip","ForeignInfluence","Protect"],"picked":"SKIP","floor":35.0},{"not_picked":["EmptyFist","SashWhip","Evaluate+1"],"picked":"WaveOfTheHand","floor":39.0},{"not_picked":["Evaluate+1","PathToVictory","Crescendo+1"],"picked":"FlurryOfBlows","floor":41.0},{"not_picked":["Weave+1","Crescendo","EmptyBody","Prostrate"],"picked":"SKIP","floor":44.0},{"not_picked":["Leap","EmptyFist","FlurryOfBlows+1","FollowUp"],"picked":"SKIP","floor":46.0}],"player_experience":2714635,"relics_obtained":[{"floor":6.0,"key":"Orichalcum"},{"floor":8.0,"key":"Ornamental Fan"},{"floor":9.0,"key":"Question Card"},{"floor":10.0,"key":"Sundial"},{"floor":13.0,"key":"Happy Flower"},{"floor":24.0,"key":"Omamori"},{"floor":26.0,"key":"Mummified Hand"},{"floor":30.0,"key":"Bag of Preparation"},{"floor":41.0,"key":"Art of War"},{"floor":41.0,"key":"Akabeko"},{"floor":44.0,"key":"Vajra"},{"floor":44.0,"key":"Turnip"},{"floor":46.0,"key":"Thread and Needle"},{"floor":46.0,"key":"Eternal Feather"}],"event_choices":[{"damage_healed":0.0,"max_hp_gain":0.0,"max_hp_loss":0.0,"gold_gain":0.0,"event_name":"Upgrade Shrine","player_choice":"Upgraded","floor":4.0,"gold_loss":0.0,"damage_taken":0.0,"cards_upgraded":["BattleHymn"]},{"damage_healed":0.0,"max_hp_gain":0.0,"max_hp_loss":0.0,"gold_gain":0.0,"event_name":"Back to Basics","player_choice":"Simplicity","floor":19.0,"gold_loss":0.0,"damage_taken":0.0,"cards_upgraded":["Strike_P","Strike_P","Strike_P","Defend_P","Defend_P","Defend_P"]},{"cards_removed":["Strike_P"],"damage_healed":0.0,"max_hp_gain":0.0,"max_hp_loss":0.0,"gold_gain":0.0,"event_name":"Beggar","player_choice":"Gave Gold","floor":28.0,"gold_loss":75.0,"damage_taken":0.0},{"damage_healed":0.0,"max_hp_gain":0.0,"max_hp_loss":31.0,"gold_gain":0.0,"event_name":"Ghosts","player_choice":"Became a Ghost","floor":29.0,"gold_loss":0.0,"damage_taken":0.0,"cards_obtained":["Ghostly","Ghostly","Ghostly"]},{"damage_healed":0.0,"max_hp_gain":0.0,"max_hp_loss":2.0,"gold_gain":0.0,"event_name":"Winding Halls","player_choice":"Max HP","floor":36.0,"gold_loss":0.0,"damage_taken":0.0},{"damage_healed":0.0,"max_hp_gain":0.0,"max_hp_loss":0.0,"gold_gain":999.0,"event_name":"MindBloom","player_choice":"Gold","floor":37.0,"gold_loss":0.0,"damage_taken":0.0,"cards_obtained":["Normality","Normality"]},{"cards_removed":["Normality"],"damage_healed":0.0,"max_hp_gain":0.0,"max_hp_loss":0.0,"gold_gain":0.0,"event_name":"Purifier","player_choice":"Purged","floor":38.0,"gold_loss":0.0,"damage_taken":0.0},{"damage_healed":0.0,"max_hp_gain":0.0,"max_hp_loss":0.0,"gold_gain":0.0,"event_name":"Tomb of Lord Red Mask","player_choice":"Ignored","floor":48.0,"gold_loss":0.0,"damage_taken":0.0}],"is_beta":true,"boss_relics":[{"not_picked":["Ectoplasm","Pandora\u0027s Box"],"picked":"Cursed Key"},{"not_picked":["SacredBark","Snecko Eye"],"picked":"Black Star"}],"items_purged_floors":[22,45],"is_endless":false,"potions_floor_spawned":[1,3,5,10,21,24,27,30,39,44,46],"killed_by":"Time Eater","ascension_level":20}}