{"host":"dvpvhz1t6etneyb3","time":1613426558,"event":{"mods":["AchievementEnabler","BaseMod","Colored Map","Highlight Path","Minty Spire (QoL Compilation)","Permanent Neow","Quick Restart"],"gold_per_floor":[118,128,138,138,155,155,172,200,200,200,200,228,228,254,254,326,326,226,245,170,170,170,170,197,50,73,93,118,118,118,135,135,206,206,217,217,217,1,15,15,35,67,67,83,83,108,108,18,18,18,18,18,18,18,53,53,53],"floor_reached":56,"language":"ENG","playtime":4000,"items_purged":["Strike_B"],"score":1968,"play_id":"540a269e-b9eb-4e81-84a4-679919ed3958","local_time":"20210215170238","is_ascension_mode":true,"campfire_choices":[{"data":"Zap","floor":6.0,"key":"SMITH"},{"floor":11.0,"key":"REST"},{"data":"Go for the Eyes","floor":15.0,"key":"SMITH"},{"data":"Ghostly","floor":30.0,"key":"SMITH"},{"data":"Ghostly","floor":32.0,"key":"SMITH"},{"data":"Self Repair","floor":40.0,"key":"SMITH"},{"floor":45.0,"key":"REST"},{"floor":47.0,"key":"RECALL"},{"data":"Capacitor","floor":49.0,"key":"SMITH"},{"floor":53,"key":"REST"}],"circlet_count":0,"master_deck":["AscendersBane","Defend_B","Defend_B+1","Defend_B","Defend_B+1","Zap+1","Dualcast","Self Repair+1","Go for the Eyes+1","Cold Snap","Defragment+1","Genetic Algorithm","Echo Form","Ghostly+1","Ghostly+1","Ghostly+1","Shame","Echo Form","Fusion+1","Injury","Reinforced Body+1","Recycle+1","Decay","Ball Lightning","Fission+1","CurseOfTheBell","Conserve Battery+1","Glacier+1","Normality","Hologram+1","Core Surge","Capacitor+1","Doom and Gloom","Coolheaded+1"],"relics":["Cracked Core","Regal Pillow","PreservedInsect","Blue Candle","Darkstone Periapt","Juzu Bracelet","Cursed Key","Toxic Egg 2","MealTicket","Centennial Puzzle","Ginger","Sundial","Calling Bell","Toy Ornithopter","Singing Bowl","Emotion Chip","Membership Card","Incense Burner","War Paint","Happy Flower"],"acts_visited":["Exordium","TheCity","TheBeyond","TheEnding"],"potions_floor_usage":[56,56],"damage_taken":[{"damage":0.0,"enemies":"2 Louse","floor":1.0,"turns":4.0},{"damage":1.0,"enemies":"Cultist","floor":2.0,"turns":3.0},{"damage":11.0,"enemies":"Jaw Worm","floor":3.0,"turns":4.0},{"damage":11.0,"enemies":"Looter","floor":5.0,"turns":4.0},{"damage":10.0,"enemies":"Exordium Thugs","floor":7.0,"turns":4.0},{"damage":31.0,"enemies":"Lagavulin","floor":8.0,"turns":8.0},{"damage":7.0,"enemies":"Gremlin Nob","floor":12.0,"turns":3.0},{"damage":18.0,"enemies":"Lagavulin","floor":14.0,"turns":6.0},{"damage":4.0,"enemies":"The Guardian","floor":16.0,"turns":13.0},{"damage":28.0,"enemies":"2 Thieves","floor":18.0,"turns":5.0},{"damage":31.0,"enemies":"3 Byrds","floor":19.0,"turns":6.0},{"damage":4.0,"enemies":"Book of Stabbing","floor":24.0,"turns":6.0},{"damage":21.0,"enemies":"Centurion and Healer","floor":27.0,"turns":9.0},{"damage":13.0,"enemies":"Gremlin Leader","floor":28.0,"turns":9.0},{"damage":10.0,"enemies":"Sentry and Sphere","floor":31.0,"turns":14.0},{"damage":34.0,"enemies":"Collector","floor":33.0,"turns":13.0},{"damage":5.0,"enemies":"3 Shapes","floor":35.0,"turns":8.0},{"damage":6.0,"enemies":"3 Darklings","floor":39.0,"turns":9.0},{"damage":40.0,"enemies":"4 Shapes","floor":41.0,"turns":9.0},{"damage":17.0,"enemies":"Giant Head","floor":42.0,"turns":13.0},{"damage":51.0,"enemies":"Spire Growth","floor":44.0,"turns":9.0},{"damage":23.0,"enemies":"Reptomancer","floor":46.0,"turns":8.0},{"damage":41,"enemies":"Awakened One","floor":50,"turns":19},{"damage":35,"enemies":"Time Eater","floor":51,"turns":17},{"damage":13,"enemies":"Shield and Spear","floor":55,"turns":10},{"damage":95,"enemies":"The Heart","floor":56,"turns":14}],"seed_played":"265644247665902","potions_obtained":[{"floor":1.0,"key":"BlessingOfTheForge"},{"floor":3.0,"key":"SteroidPotion"},{"floor":7.0,"key":"DuplicationPotion"},{"floor":8.0,"key":"FearPotion"},{"floor":24.0,"key":"LiquidBronze"},{"floor":33.0,"key":"DuplicationPotion"},{"floor":35.0,"key":"DuplicationPotion"},{"floor":44.0,"key":"SpeedPotion"}],"is_trial":false,"path_per_floor":["M","M","M","?","M","R","M","E","T","?","R","E","?","E","R","B",null,"M","M","?","?","?","?","E","$","T","M","E","T","R","M","R","B",null,"M","?","?","$","M","R","M","E","T","M","R","E","R","$","R","B","B",null,"R","$","E","B"],"character_chosen":"DEFECT","items_purchased":["Fusion+1","Fruit Juice","Membership Card","Conserve Battery+1","Capacitor","Doom and Gloom"],"campfire_rested":3,"item_purchase_floors":[25,25,38,38,48,48],"current_hp_per_floor":[64,70,66,66,62,62,52,28,28,28,64,64,64,53,53,56,67,53,36,36,35,41,41,41,41,47,33,34,40,40,44,44,29,57,66,66,66,66,68,68,48,58,64,23,60,57,57,72,72,51,16,61,76,76,76,0,0],"gold":53,"neow_bonus":"RANDOM_COMMON_RELIC","is_daily":false,"chose_seed":false,"campfire_upgraded":6,"win_rate":0.0,"timestamp":1613426558,"path_taken":["M","M","M","?","M","R","?","E","T","?","R","E","?","E","R","BOSS","M","M","?","?","?","?","E","$","T","M","E","?","R","M","R","BOSS","M","?","?","$","M","R","M","E","T","M","R","E","R","$","R","BOSS","BOSS","R","$","E","BOSS"],"items_purchased_type":["Card","Potion","Relic","Card","Card","Card"],"build_version":"2020-12-22","purchased_purges":1,"victory":false,"max_hp_per_floor":[71,71,71,71,71,71,71,71,71,71,71,71,71,71,71,71,71,71,71,71,35,41,41,41,41,47,47,47,53,53,53,53,58,64,66,66,66,66,68,68,68,70,76,76,76,76,76,76,76,76,76,76,76,76,76,76,76],"card_choices":[{"not_picked":["Stack","Hologram"],"picked":"Self Repair","floor":1.0},{"not_picked":["Reprogram","Darkness"],"picked":"Go for the Eyes","floor":2.0},{"not_picked":["Auto Shields","Redo"],"picked":"Cold Snap","floor":3.0},{"not_picked":["Tempest","Chaos","Rebound"],"picked":"SKIP","floor":5.0},{"not_picked":["Steam","Barrage","BootSequence"],"picked":"SKIP","floor":7.0},{"not_picked":["Barrage","Fission"],"picked":"Defragment","floor":8.0},{"not_picked":["Redo","Conserve Battery"],"picked":"Genetic Algorithm","floor":12.0},{"not_picked":["Scrape","Fusion","Coolheaded"],"picked":"SKIP","floor":14.0},{"not_picked":["Scrape","Fusion","Coolheaded"],"picked":"SKIP","floor":14.0},{"not_picked":["Multi-Cast","Electrodynamics"],"picked":"Echo Form","floor":16.0},{"not_picked":["Beam Cell","Rebound","Chill"],"picked":"SKIP","floor":18.0},{"not_picked":["Barrage","FTL","Steam"],"picked":"SKIP","floor":19.0},{"not_picked":["White Noise+1","Fusion+1"],"picked":"Echo Form","floor":24.0},{"not_picked":["Tempest+1","FTL"],"picked":"Reinforced Body+1","floor":27.0},{"not_picked":["Heatsinks","Hyperbeam"],"picked":"Recycle+1","floor":28.0},{"not_picked":["Steam Power+1","Cold Snap"],"picked":"Ball Lightning","floor":31.0},{"not_picked":["All For One","Reboot+1"],"picked":"Fission+1","floor":33.0},{"not_picked":["Conserve Battery+1","Lockon","Reinforced Body+1"],"picked":"Singing Bowl","floor":35.0},{"not_picked":["Aggregate+1","Tempest+1","Rip and Tear"],"picked":"Singing Bowl","floor":39.0},{"not_picked":["Turbo+1","Coolheaded+1"],"picked":"Glacier+1","floor":41.0},{"not_picked":["Beam Cell","Sunder","Leap+1"],"picked":"Singing Bowl","floor":42.0},{"not_picked":["Static Discharge","Consume+1"],"picked":"Hologram+1","floor":44.0},{"not_picked":["Sweeping Beam","Rip and Tear"],"picked":"Core Surge","floor":46.0},{"not_picked":["Turbo+1","Cold Snap"],"picked":"Coolheaded+1","floor":55}],"player_experience":2195025,"relics_obtained":[{"floor":8.0,"key":"PreservedInsect"},{"floor":9.0,"key":"Blue Candle"},{"floor":12.0,"key":"Darkstone Periapt"},{"floor":14.0,"key":"Juzu Bracelet"},{"floor":24.0,"key":"MealTicket"},{"floor":26.0,"key":"Centennial Puzzle"},{"floor":28.0,"key":"Ginger"},{"floor":29.0,"key":"Sundial"},{"floor":34.0,"key":"Toy Ornithopter"},{"floor":34.0,"key":"Singing Bowl"},{"floor":34.0,"key":"Emotion Chip"},{"floor":42.0,"key":"Incense Burner"},{"floor":46.0,"key":"War Paint"},{"floor":55,"key":"Happy Flower"}],"event_choices":[{"cards_removed":["Strike_B"],"damage_healed":0.0,"max_hp_gain":0.0,"max_hp_loss":0.0,"gold_gain":0.0,"event_name":"Bonfire Elementals","player_choice":"Offered Basic","floor":4.0,"gold_loss":0.0,"damage_taken":0.0},{"damage_healed":0.0,"max_hp_gain":0.0,"max_hp_loss":0.0,"gold_gain":0.0,"event_name":"Living Wall","player_choice":"Grow","floor":10.0,"gold_loss":0.0,"damage_taken":0.0,"cards_upgraded":["Defragment"]},{"cards_removed":["Strike_B"],"damage_healed":0.0,"max_hp_gain":0.0,"max_hp_loss":0.0,"gold_gain":0.0,"event_name":"Purifier","player_choice":"Purged","floor":13.0,"gold_loss":0.0,"damage_taken":0.0},{"cards_removed":["Strike_B"],"damage_healed":0.0,"max_hp_gain":0.0,"max_hp_loss":0.0,"gold_gain":0.0,"event_name":"Beggar","player_choice":"Gave Gold","floor":20.0,"gold_loss":75.0,"damage_taken":0.0},{"damage_healed":0.0,"max_hp_gain":0.0,"max_hp_loss":36.0,"gold_gain":0.0,"event_name":"Ghosts","player_choice":"Became a Ghost","floor":21.0,"gold_loss":0.0,"damage_taken":0.0,"cards_obtained":["Ghostly","Ghostly","Ghostly"]},{"damage_healed":0.0,"max_hp_gain":0.0,"max_hp_loss":0.0,"gold_gain":0.0,"event_name":"Addict","player_choice":"Stole Relic","floor":22.0,"gold_loss":0.0,"damage_taken":0.0,"relics_obtained":["Toxic Egg 2"],"cards_obtained":["Shame"]},{"damage_healed":0.0,"max_hp_gain":0.0,"max_hp_loss":0.0,"gold_gain":0.0,"event_name":"Vampires","player_choice":"Ignored","floor":23.0,"gold_loss":0.0,"damage_taken":0.0},{"damage_healed":0.0,"max_hp_gain":0.0,"max_hp_loss":0.0,"gold_gain":0.0,"event_name":"SecretPortal","player_choice":"Ignored","floor":36.0,"gold_loss":0.0,"damage_taken":0.0},{"damage_healed":0.0,"max_hp_gain":0.0,"max_hp_loss":0.0,"gold_gain":0.0,"event_name":"Upgrade Shrine","player_choice":"Upgraded","floor":37.0,"gold_loss":0.0,"damage_taken":0.0,"cards_upgraded":["Ghostly"]}],"is_beta":false,"boss_relics":[{"not_picked":["Runic Pyramid","Empty Cage"],"picked":"Cursed Key"},{"not_picked":["Philosopher\u0027s Stone","Sozu"],"picked":"Calling Bell"}],"items_purged_floors":[38],"is_endless":false,"potions_floor_spawned":[1,3,7,8,24,33,35,44],"killed_by":"The Heart","ascension_level":20}}