{"host":"bpnwh7vpv9k3tssc","time":1613424519,"event":{"mods":["BaseMod","Colored Map","Colored Powertips","Curses Come First","Highlight Path","Minty Spire (QoL Compilation)","Quick Restart","Random Character Button","Relic Sorter","StSLib"],"gold_per_floor":[99,99,99,49,49,49,49,49,49,49,49,49,49,49,49,49,49,4,4,4,4,4,4,4,4,4,4,4,4,4,4,4,4,4,4,4,4,4,4,4,4,4,4,4,4,4,4,4,4,4,4,4,4,4],"floor_reached":53,"language":"ENG","playtime":2285,"items_purged":[],"score":1241,"play_id":"2e303af2-a4fa-48f4-bc1f-7fba44cf49e3","local_time":"20210215222839","is_ascension_mode":true,"campfire_choices":[{"data":"Darkness","floor":6,"key":"SMITH"},{"floor":8,"key":"REST"},{"floor":15,"key":"REST"},{"data":"Creative AI","floor":24,"key":"SMITH"},{"floor":27,"key":"REST"},{"floor":32,"key":"REST"},{"floor":40,"key":"REST"},{"floor":42,"key":"RECALL"},{"floor":44,"key":"REST"},{"floor":51,"key":"REST"}],"circlet_count":0,"master_deck":["Defend_B+1","Defend_B+1","Defend_B+1","Defend_B+1","Dualcast+1","Darkness+1","Ball Lightning+1","Storm+1","Loop+1","Machine Learning+1","Rainbow+1","Coolheaded+1","Creative AI+1","Lockon+1","Doom and Gloom+1","BootSequence+1","Conserve Battery+1","All For One+1","Heatsinks+1","Recycle+1","Stack+1","Skim+1","Consume+1","Darkness+1","Coolheaded+1","Aggregate+1"],"relics":["Ectoplasm","HornCleat","CaptainsWheel","WingedGreaves","FossilizedHelix","Centennial Puzzle","Astrolabe","Enchiridion","Symbiotic Virus","Darkstone Periapt","Lizard Tail","Snecko Eye","Mark of the Bloom","Thread and Needle","StoneCalendar"],"acts_visited":["Exordium","TheCity","TheBeyond","TheEnding"],"potions_floor_usage":[10,16,23,25],"damage_taken":[{"damage":2,"enemies":"Jaw Worm","floor":1,"turns":3},{"damage":14,"enemies":"Small Slimes","floor":2,"turns":3},{"damage":1,"enemies":"Cultist","floor":3,"turns":3},{"damage":3,"enemies":"Blue Slaver","floor":5,"turns":3},{"damage":18,"enemies":"Gremlin Nob","floor":7,"turns":4},{"damage":6,"enemies":"3 Sentries","floor":10,"turns":5},{"damage":13,"enemies":"Lots of Slimes","floor":11,"turns":3},{"damage":4,"enemies":"Gremlin Nob","floor":12,"turns":3},{"damage":0,"enemies":"3 Sentries","floor":13,"turns":4},{"damage":0,"enemies":"Red Slaver","floor":14,"turns":2},{"damage":2,"enemies":"The Guardian","floor":16,"turns":7},{"damage":0,"enemies":"2 Thieves","floor":18,"turns":3},{"damage":0,"enemies":"Chosen","floor":21,"turns":4},{"damage":16,"enemies":"Slavers","floor":23,"turns":4},{"damage":14,"enemies":"Book of Stabbing","floor":25,"turns":5},{"damage":0,"enemies":"Shelled Parasite and Fungi","floor":29,"turns":4},{"damage":0,"enemies":"Snecko","floor":31,"turns":4},{"damage":49,"enemies":"Automaton","floor":33,"turns":7},{"damage":10,"enemies":"3 Darklings","floor":35,"turns":3},{"damage":0,"enemies":"Orb Walker","floor":37,"turns":3},{"damage":30,"enemies":"Writhing Mass","floor":39,"turns":3},{"damage":0,"enemies":"Nemesis","floor":41,"turns":5},{"damage":0,"enemies":"Reptomancer","floor":45,"turns":4},{"damage":0,"enemies":"Donu and Deca","floor":49,"turns":7},{"damage":26,"enemies":"Shield and Spear","floor":53,"turns":5}],"seed_played":"-8605216145876048108","potions_obtained":[{"floor":1,"key":"Energy Potion"},{"floor":10,"key":"BlessingOfTheForge"},{"floor":12,"key":"FairyPotion"},{"floor":14,"key":"LiquidBronze"},{"floor":16,"key":"Dexterity Potion"},{"floor":18,"key":"AttackPotion"},{"floor":31,"key":"EssenceOfSteel"},{"floor":33,"key":"AttackPotion"}],"is_trial":false,"path_per_floor":["M","M","M","?","M","R","E","R","T","E","M","E","E","M","R","B",null,"M","?","?","M","?","E","R","E","T","R","?","M","?","M","R","B",null,"M","?","M","?","M","R","E","R","T","R","E","$","?","?","B",null,"R","$","E"],"character_chosen":"DEFECT","items_purchased":[],"campfire_rested":7,"item_purchase_floors":[],"current_hp_per_floor":[66,52,51,51,48,48,30,52,52,46,33,29,29,29,51,49,69,69,69,69,69,53,37,37,23,23,45,31,31,31,31,55,6,62,52,52,52,52,22,22,22,22,22,22,22,22,22,22,22,22,22,22,0,0],"gold":4,"neow_bonus":"BOSS_RELIC","is_daily":false,"chose_seed":false,"campfire_upgraded":2,"win_rate":0.0,"timestamp":1613424519,"path_taken":["M","M","M","?","M","R","E","R","T","E","M","E","E","M","R","BOSS","M","?","?","M","?","E","R","E","T","R","?","M","?","M","R","BOSS","M","?","M","?","?","R","E","R","T","R","E","?","?","?","BOSS","R","$","E"],"items_purchased_type":[],"build_version":"2020-12-22","purchased_purges":0,"victory":false,"max_hp_per_floor":[75,75,75,75,75,75,75,75,75,75,75,75,75,75,75,75,75,75,75,75,75,75,75,75,75,75,75,80,80,80,80,80,80,80,80,80,80,80,80,80,80,80,80,80,80,80,80,80,80,80,80,80,80,80],"card_choices":[{"not_picked":["Sweeping Beam","Conserve Battery"],"picked":"Darkness","floor":1},{"not_picked":["Cold Snap","Beam Cell"],"picked":"Ball Lightning","floor":2},{"not_picked":["Redo","Recycle"],"picked":"Ball Lightning","floor":3},{"not_picked":["Barrage","Static Discharge"],"picked":"Sunder","floor":5},{"not_picked":["Turbo","Gash"],"picked":"Storm","floor":7},{"not_picked":["Storm","Gash","Streamline"],"picked":"SKIP","floor":10},{"not_picked":["Barrage","Sunder"],"picked":"Loop","floor":11},{"not_picked":["Beam Cell","Go for the Eyes"],"picked":"Machine Learning","floor":12},{"not_picked":["Redo","Blizzard"],"picked":"Rainbow","floor":13},{"not_picked":["Fusion","Ball Lightning"],"picked":"Coolheaded","floor":14},{"not_picked":["Reboot","Machine Learning"],"picked":"Creative AI","floor":16},{"not_picked":["Chill","Compile Driver"],"picked":"Conserve Battery","floor":18},{"not_picked":["Loop","Recycle"],"picked":"Heatsinks","floor":21},{"not_picked":["Cold Snap+1","Go for the Eyes+1"],"picked":"Recycle+1","floor":23},{"not_picked":["Chaos","Fusion+1"],"picked":"Stack+1","floor":25},{"not_picked":["Compile Driver+1","Sweeping Beam"],"picked":"Skim","floor":29},{"not_picked":["Barrage","Streamline","Sweeping Beam+1"],"picked":"SKIP","floor":31},{"not_picked":["Rebound+1","Chaos"],"picked":"Consume+1","floor":35},{"not_picked":["Compile Driver","FTL"],"picked":"Darkness+1","floor":37},{"not_picked":["Rebound","Streamline"],"picked":"Coolheaded+1","floor":39},{"not_picked":["Go for the Eyes+1","Creative AI","Cold Snap+1"],"picked":"SKIP","floor":41},{"not_picked":["Sweeping Beam+1","Steam Power"],"picked":"Aggregate+1","floor":45}],"player_experience":407924,"relics_obtained":[{"floor":7,"key":"HornCleat"},{"floor":9,"key":"CaptainsWheel"},{"floor":10,"key":"WingedGreaves"},{"floor":12,"key":"FossilizedHelix"},{"floor":13,"key":"Centennial Puzzle"},{"floor":22,"key":"Enchiridion"},{"floor":23,"key":"Symbiotic Virus"},{"floor":25,"key":"Darkstone Periapt"},{"floor":26,"key":"Lizard Tail"},{"floor":41,"key":"Thread and Needle"},{"floor":45,"key":"StoneCalendar"}],"event_choices":[{"cards_removed":["Strike_B"],"damage_healed":0,"gold_gain":0,"player_choice":"Card Removal","damage_taken":0,"max_hp_gain":0,"max_hp_loss":0,"event_name":"The Cleric","floor":4,"gold_loss":50},{"damage_healed":0,"gold_gain":0,"player_choice":"Ignored","damage_taken":0,"max_hp_gain":0,"max_hp_loss":0,"event_name":"Ghosts","floor":19,"gold_loss":0},{"damage_healed":0,"gold_gain":0,"cards_transformed":["Ball Lightning","Zap"],"player_choice":"Became Test Subject","damage_taken":0,"max_hp_gain":0,"max_hp_loss":0,"event_name":"Drug Dealer","floor":20,"gold_loss":0,"cards_obtained":["All For One","Hyperbeam"]},{"damage_healed":0,"gold_gain":0,"player_choice":"Obtained Book","damage_taken":16,"max_hp_gain":0,"max_hp_loss":0,"event_name":"Cursed Tome","floor":22,"gold_loss":0},{"damage_healed":0,"gold_gain":0,"player_choice":"Shed Blood","damage_taken":19,"max_hp_gain":5,"max_hp_loss":0,"event_name":"Forgotten Altar","floor":28,"gold_loss":0},{"cards_removed":["Hyperbeam"],"damage_healed":0,"gold_gain":0,"player_choice":"Purged","damage_taken":0,"max_hp_gain":0,"max_hp_loss":0,"event_name":"Purifier","floor":30,"gold_loss":0},{"damage_healed":0,"gold_gain":0,"player_choice":"Upgrade","damage_taken":0,"relics_obtained":["Mark of the Bloom"],"max_hp_gain":0,"max_hp_loss":0,"event_name":"MindBloom","floor":36,"gold_loss":0,"cards_upgraded":["Defend_B","Defend_B","Defend_B","Defend_B","Dualcast","Ball Lightning","Sunder","Storm","Loop","Machine Learning","Rainbow","Coolheaded","Conserve Battery","All For One","Heatsinks","Skim"]},{"damage_healed":0,"gold_gain":0,"player_choice":"Ignored","damage_taken":0,"max_hp_gain":0,"max_hp_loss":0,"event_name":"Upgrade Shrine","floor":38,"gold_loss":0},{"cards_removed":["Sunder"],"damage_healed":0,"gold_gain":0,"player_choice":"Removed Attack","damage_taken":0,"max_hp_gain":0,"max_hp_loss":0,"event_name":"Falling","floor":47,"gold_loss":0},{"damage_healed":0,"gold_gain":0,"player_choice":"Took Portal","damage_taken":0,"max_hp_gain":0,"max_hp_loss":0,"event_name":"SecretPortal","floor":48,"gold_loss":0}],"is_beta":false,"boss_relics":[{"not_picked":["Runic Pyramid","Busted Crown"],"picked":"Astrolabe"},{"not_picked":["Pandora\u0027s Box","Fusion Hammer"],"picked":"Snecko Eye"}],"items_purged_floors":[],"is_endless":false,"potions_floor_spawned":[1,10,12,14,16,18,31,33,35,37,39,45],"killed_by":"Shield and Spear","ascension_level":9}}