{"host":"d52brwsy6af8zvaq","time":1613429470,"event":{"mods":["AchievementEnabler","BaseMod","Bestiary","Highlight Path","Minty Spire (QoL Compilation)","Quick Restart","Relic Stats","ojb\u0027s Better Paths Mod"],"gold_per_floor":[115,128,108,127,145,145,175,275,299,310,30,30,46,58,58,130,130,150,168,186,197,209,244,244,244,244],"floor_reached":25,"language":"ENG","playtime":1407,"items_purged":["Strike_B"],"score":458,"play_id":"fc246479-d689-4999-846e-ea70051d1fb8","local_time":"20210215155110","is_ascension_mode":true,"campfire_choices":[{"data":"Defragment","floor":6.0,"key":"SMITH"},{"floor":12.0,"key":"REST"},{"data":"Glacier","floor":15,"key":"SMITH"},{"floor":24,"key":"REST"}],"circlet_count":0,"master_deck":["AscendersBane","Strike_B","Strike_B+1","Defend_B","Defend_B","Defend_B","Defend_B","Zap","Dualcast","Compile Driver+1","Go for the Eyes","Conserve Battery","Defragment+1","Ball Lightning","Steam","Genetic Algorithm","Sunder","Glacier+1","Echo Form","Skim","BootSequence","Leap+1"],"relics":["Cracked Core","Oddly Smooth Stone","Whetstone","Membership Card","Cursed Key","MealTicket"],"acts_visited":["Exordium","TheCity"],"potions_floor_usage":[14,16,21,23,23],"damage_taken":[{"damage":1.0,"enemies":"Cultist","floor":1.0,"turns":3.0},{"damage":4.0,"enemies":"Small Slimes","floor":2.0,"turns":3.0},{"damage":0.0,"enemies":"2 Louse","floor":4.0,"turns":3.0},{"damage":14.0,"enemies":"Exordium Wildlife","floor":5.0,"turns":5.0},{"damage":40.0,"enemies":"3 Sentries","floor":7.0,"turns":7.0},{"damage":0.0,"enemies":"Blue Slaver","floor":10.0,"turns":3.0},{"damage":0.0,"enemies":"Red Slaver","floor":13.0,"turns":3.0},{"damage":14,"enemies":"Exordium Wildlife","floor":14,"turns":5},{"damage":12,"enemies":"Slime Boss","floor":16,"turns":16},{"damage":15,"enemies":"Shell Parasite","floor":18,"turns":6},{"damage":4,"enemies":"Chosen","floor":19,"turns":6},{"damage":0,"enemies":"Snake Plant","floor":20,"turns":6},{"damage":3,"enemies":"3 Cultists","floor":21,"turns":6},{"damage":6,"enemies":"Centurion and Healer","floor":22,"turns":9},{"damage":9,"enemies":"Book of Stabbing","floor":23,"turns":7},{"damage":45,"enemies":"Slavers","floor":25,"turns":4}],"seed_played":"8701722393682148745","potions_obtained":[{"floor":2.0,"key":"SteroidPotion"},{"floor":3.0,"key":"AttackPotion"},{"floor":4.0,"key":"Explosive Potion"},{"floor":14,"key":"EssenceOfSteel"},{"floor":16,"key":"PotionOfCapacity"},{"floor":20,"key":"Fire Potion"},{"floor":21,"key":"AttackPotion"}],"is_trial":false,"path_per_floor":["M","M","?","M","M","R","E","?","T","M","$","R","M","M","R","B",null,"M","M","M","M","M","E","R","E"],"character_chosen":"DEFECT","items_purchased":["Membership Card","Regen Potion","Sunder"],"campfire_rested":2,"item_purchase_floors":[11,11,11],"current_hp_per_floor":[63,59,59,59,45,45,5,5,5,5,5,26,26,26,26,14,57,42,38,38,35,29,20,41,0,0],"gold":244,"neow_bonus":"TRANSFORM_CARD","is_daily":false,"chose_seed":false,"campfire_upgraded":2,"win_rate":0.0,"timestamp":1613429470,"path_taken":["M","M","?","M","?","R","E","?","T","M","$","R","M","M","R","BOSS","M","M","?","M","?","E","R","E"],"items_purchased_type":["Relic","Potion","Card"],"build_version":"2020-12-22","purchased_purges":1,"victory":false,"max_hp_per_floor":[71,71,71,71,71,71,71,71,71,71,71,71,71,71,71,71,71,71,71,71,71,71,71,71,71,71],"relic_stats":{"counters":[16,92],"MealTicket":0,"Whetstone":["Strike_B","Compile Driver"],"Cursed Key":0,"obtain_stats":[{"Oddly Smooth Stone":7,"MealTicket":23,"Whetstone":9,"Membership Card":11,"Cracked Core":0,"Cursed Key":17},{"Oddly Smooth Stone":5,"MealTicket":15,"Whetstone":5,"Membership Card":6,"Cracked Core":0,"Cursed Key":9},{"Oddly Smooth Stone":21,"MealTicket":88,"Whetstone":21,"Membership Card":24,"Cracked Core":0,"Cursed Key":48}]},"card_choices":[{"not_picked":["Steam","Rebound"],"picked":"Go for the Eyes","floor":1.0},{"not_picked":["Hologram","Leap"],"picked":"Conserve Battery","floor":2.0},{"not_picked":["Skim","Redo"],"picked":"Defragment","floor":4.0},{"not_picked":["Coolheaded","Hologram"],"picked":"Ball Lightning","floor":5.0},{"not_picked":["Sweeping Beam","Streamline"],"picked":"Steam","floor":7.0},{"not_picked":["Reprogram","FTL"],"picked":"Genetic Algorithm","floor":10.0},{"not_picked":["Amplify","Redo"],"picked":"Glacier","floor":13.0},{"not_picked":["Streamline","Stack","Conserve Battery"],"picked":"SKIP","floor":14},{"not_picked":["Meteor Strike","Buffer"],"picked":"Echo Form","floor":16},{"not_picked":["Streamline","Steam","Conserve Battery"],"picked":"SKIP","floor":18},{"not_picked":["Coolheaded","Fusion"],"picked":"Skim","floor":19},{"not_picked":["Barrage","Stack","Compile Driver"],"picked":"SKIP","floor":20},{"not_picked":["Steam","Creative AI","Scrape"],"picked":"SKIP","floor":21},{"not_picked":["Ball Lightning+1","Gash"],"picked":"BootSequence","floor":22},{"not_picked":["Redo","Chaos"],"picked":"Leap+1","floor":23}],"player_experience":2280176,"relics_obtained":[{"floor":7.0,"key":"Oddly Smooth Stone"},{"floor":9.0,"key":"Whetstone"},{"floor":23,"key":"MealTicket"}],"event_choices":[{"damage_healed":0.0,"max_hp_gain":0.0,"max_hp_loss":0.0,"gold_gain":0.0,"event_name":"The Woman in Blue","player_choice":"Bought 1 Potion","floor":3.0,"gold_loss":0.0,"damage_taken":0.0},{"damage_healed":0.0,"max_hp_gain":0.0,"max_hp_loss":0.0,"gold_gain":100.0,"event_name":"Wheel of Change","player_choice":"Gold","floor":8.0,"gold_loss":0.0,"damage_taken":0.0}],"is_beta":false,"boss_relics":[{"not_picked":["Astrolabe","Philosopher\u0027s Stone"],"picked":"Cursed Key"}],"items_purged_floors":[11],"is_endless":false,"potions_floor_spawned":[2,4,14,16,20,21,22],"killed_by":"Slavers","ascension_level":20}}