{"host":"zwezhz46a5cjkxff","time":1613360517,"event":{"mods":["AchievementEnabler","BaseMod","Colored Map","Colored Powertips","DeckTracker","Minty Spire (QoL Compilation)","Permanent Neow","Quick Restart","Rare Cards Sparkle","Relic Stats","StSLib","SuperFastMode"],"gold_per_floor":[17,37,37,37,47,79,95,95,95,125,145,145,145],"floor_reached":12,"language":"ENG","playtime":349,"items_purged":[],"score":99,"play_id":"bf36ef25-e574-4f52-a0bb-ac99c9643592","local_time":"20210214214157","is_ascension_mode":true,"campfire_choices":[{"floor":8,"key":"REST"}],"circlet_count":0,"master_deck":["Strike_G","Strike_G","Strike_G","Strike_G","Strike_G","Defend_G","Defend_G","Defend_G+1","Defend_G","Defend_G","Survivor","Neutralize","A Thousand Cuts+1","PiercingWail","Caltrops","Backflip+1","Well Laid Plans","Accuracy"],"relics":["Ring of the Snake","Toxic Egg 2","Tingsha","Kunai","Art of War"],"acts_visited":["Exordium"],"potions_floor_usage":[12,12],"damage_taken":[{"damage":5,"enemies":"Jaw Worm","floor":1,"turns":4},{"damage":7,"enemies":"Small Slimes","floor":2,"turns":4},{"damage":0,"enemies":"2 Louse","floor":5,"turns":2},{"damage":28,"enemies":"3 Sentries","floor":6,"turns":6},{"damage":9,"enemies":"Gremlin Gang","floor":7,"turns":4},{"damage":9,"enemies":"Lagavulin","floor":10,"turns":10},{"damage":4,"enemies":"Large Slime","floor":11,"turns":6},{"damage":20,"enemies":"3 Sentries","floor":12,"turns":4}],"seed_played":"-1481299287105248854","potions_obtained":[{"floor":7,"key":"GamblersBrew"},{"floor":10,"key":"AttackPotion"}],"is_trial":false,"path_per_floor":["M","M","?","?","M","E","M","R","T","E","M","E"],"character_chosen":"THE_SILENT","items_purchased":[],"campfire_rested":1,"item_purchase_floors":[],"current_hp_per_floor":[65,58,55,41,41,13,4,25,25,16,12,0,0],"gold":145,"neow_bonus":"THREE_RARE_CARDS","is_daily":false,"chose_seed":false,"campfire_upgraded":0,"win_rate":0.0,"timestamp":1613360517,"path_taken":["M","M","?","?","M","E","M","R","T","E","?","E"],"items_purchased_type":[],"build_version":"2020-12-22","purchased_purges":0,"victory":false,"max_hp_per_floor":[70,70,70,70,70,70,70,70,70,70,70,70,70],"relic_stats":{"counters":[8,40],"Tingsha":[21],"Art of War":[2],"Kunai":[4],"obtain_stats":[{"Tingsha":6,"Art of War":10,"Kunai":9,"Toxic Egg 2":3,"Ring of the Snake":0},{"Tingsha":4,"Art of War":6,"Kunai":5,"Toxic Egg 2":2,"Ring of the Snake":0},{"Tingsha":16,"Art of War":30,"Kunai":20,"Toxic Egg 2":8,"Ring of the Snake":0}],"Ring of the Snake":[16]},"card_choices":[{"not_picked":["Grand Finale","Storm of Steel"],"picked":"A Thousand Cuts","floor":0},{"not_picked":["Prepared","Escape Plan"],"picked":"PiercingWail","floor":1},{"not_picked":["Dagger Throw","Underhanded Strike"],"picked":"Caltrops","floor":2},{"not_picked":["Poisoned Stab","Quick Slash","Heel Hook"],"picked":"SKIP","floor":5},{"not_picked":["Reflex+1","Finisher","Bouncing Flask+1"],"picked":"SKIP","floor":6},{"not_picked":["Skewer","Heel Hook"],"picked":"Backflip+1","floor":7},{"not_picked":["Slice","Prepared+1"],"picked":"Well Laid Plans","floor":10},{"not_picked":["Noxious Fumes","Deadly Poison+1"],"picked":"Accuracy","floor":11}],"player_experience":111661,"relics_obtained":[{"floor":6,"key":"Tingsha"},{"floor":9,"key":"Kunai"},{"floor":10,"key":"Art of War"}],"event_choices":[{"damage_healed":0,"gold_gain":0,"player_choice":"Success","damage_taken":3,"relics_obtained":["Toxic Egg 2"],"max_hp_gain":0,"max_hp_loss":0,"event_name":"Scrap Ooze","floor":3,"gold_loss":0},{"damage_healed":0,"gold_gain":0,"player_choice":"Entered Light","damage_taken":14,"max_hp_gain":0,"max_hp_loss":0,"event_name":"Shining Light","floor":4,"gold_loss":0,"cards_upgraded":["Defend_G","A Thousand Cuts"]}],"is_beta":false,"boss_relics":[],"items_purged_floors":[],"is_endless":false,"potions_floor_spawned":[7,10],"killed_by":"3 Sentries","ascension_level":2}}