{"host":"1ooxfz79hmpvpehx","time":1613421617,"event":{"mods":["BaseMod","Better Altar","Better Match","Better Note","Better Sensory Stone","Better Skull","Better Third Choice","Infinite Spire","Marked Mod","Minty Spire (QoL Compilation)","Quick Restart","RNG Fix","Replay The Spire","StSLib","SuperFastMode"],"gold_per_floor":[112,287,562,562,583,623,638,659,659,659,659,659,410,410,410],"floor_reached":14,"language":"ENG","playtime":620,"items_purged":["Regret"],"score":92,"play_id":"014c85d9-70b5-413c-ba36-f49d9f20908e","local_time":"20210215174017","is_ascension_mode":true,"campfire_choices":[{"data":"Zap","floor":10,"key":"SMITH"},{"data":"Defragment","floor":12,"key":"SMITH"}],"circlet_count":0,"master_deck":["Strike_B","Strike_B","Strike_B","Strike_B","Defend_B","Defend_B","Defend_B","Defend_B","Zap+1","Dualcast","Doubt","Injury","Sweeping Beam","Defragment+1","Core Surge","Redo","Storm"],"relics":["Ring of the Snake","infinitespire:Golems Mask","Golden Idol","infinitespire:Joker Card","Happy Flower","infinitespire:Cubic Diamond"],"acts_visited":["Exordium"],"potions_floor_usage":[14,14,14],"damage_taken":[{"damage":0,"enemies":"Small Slimes","floor":1,"turns":2},{"damage":13,"enemies":"Jaw Worm","floor":5,"turns":3},{"damage":43,"enemies":"Replay:BlueRogue","floor":6,"turns":5},{"damage":3,"enemies":"Cultist","floor":7,"turns":3},{"damage":3,"enemies":"Red Slaver","floor":8,"turns":3},{"damage":6,"enemies":"Lagavulin","floor":14,"turns":4}],"seed_played":"-6427036684661716375","potions_obtained":[{"floor":7,"key":"Reflective Coating"},{"floor":8,"key":"SkillPotion"}],"is_trial":false,"path_per_floor":["M","?","?","?","M","E","M","M","T","R","?","R","$","E"],"character_chosen":"DEFECT","items_purchased":["Redo","Storm","Block Potion"],"campfire_rested":0,"item_purchase_floors":[13,13,13],"current_hp_per_floor":[68,68,68,68,55,12,9,6,6,6,6,6,6,0,0],"gold":410,"neow_bonus":"ONE_RARE_RELIC","is_daily":false,"chose_seed":false,"campfire_upgraded":2,"win_rate":0.0,"timestamp":1613421617,"path_taken":["M","?","?","?","M","E","M","M","T","R","?","R","$","E"],"items_purchased_type":["Card","Card","Potion"],"build_version":"2020-12-22","purchased_purges":1,"victory":false,"max_hp_per_floor":[68,68,68,68,68,68,68,68,68,68,68,68,68,68,68],"card_choices":[{"not_picked":["Reprogram","Barrage","Redo"],"picked":"SKIP","floor":1},{"not_picked":["BasicCrystalCard","Stack"],"picked":"Sweeping Beam","floor":5},{"not_picked":["Panic Button","Stack"],"picked":"Defragment","floor":6},{"not_picked":["Gash","Ball Lightning"],"picked":"Core Surge","floor":7},{"not_picked":["Go for the Eyes","Leap","Compile Driver"],"picked":"SKIP","floor":8}],"player_experience":28490,"relics_obtained":[{"floor":6,"key":"infinitespire:Joker Card"},{"floor":9,"key":"Happy Flower"}],"event_choices":[{"damage_healed":0,"gold_gain":175,"player_choice":"AGREE","damage_taken":112,"max_hp_gain":0,"max_hp_loss":0,"event_name":"betterThird:BetterSerpent","floor":2,"gold_loss":0},{"damage_healed":0,"gold_gain":275,"player_choice":"Desecrate","damage_taken":0,"max_hp_gain":0,"max_hp_loss":0,"event_name":"Golden Shrine","floor":3,"gold_loss":0,"cards_obtained":["Regret"]},{"damage_healed":0,"gold_gain":0,"player_choice":"Take Wound","damage_taken":0,"relics_obtained":["Golden Idol"],"max_hp_gain":0,"max_hp_loss":0,"event_name":"Golden Idol","floor":4,"gold_loss":0,"cards_obtained":["Injury"]}],"is_beta":false,"boss_relics":[],"items_purged_floors":[13],"is_endless":false,"potions_floor_spawned":[7,8],"killed_by":"Lagavulin","ascension_level":1}}