{"host":"pi8b3ffzwvxqztac","time":1613361689,"event":{"mods":["BaseMod","Colored Map","Custom Start","Downfall","Minty Spire (QoL Compilation)","StSLib"],"gold_per_floor":[99,112,112,127,144,144,167,67,87,87,72,72,87,106,117,216,216,116,136,148,148,148,178,178,178,197,210,237,137,152,152,162,266,266,266,286,299,319,319,319,343,356,383,383,383,400,119,133,153,153,153,153,153,153],"floor_reached":52,"language":"ENG","playtime":4767,"items_purged":[],"score":928,"play_id":"6577c9df-9266-460a-9f96-3f584e590245","local_time":"20210215170129","is_ascension_mode":true,"campfire_choices":[{"floor":1.0,"key":"RECALL"},{"data":"bronze:Goto","floor":8.0,"key":"SMITH"},{"data":"bronze:Mutator","floor":12.0,"key":"SMITH"},{"data":"bronze:HardenedForm","floor":18.0,"key":"SMITH"},{"floor":25.0,"key":"REST"},{"data":"bronze:AlphaBuild","floor":29,"key":"SMITH"},{"data":"bronze:InfiniteLoop","floor":35,"key":"SMITH"},{"data":"expansioncontent:LastStand","floor":40,"key":"SMITH"},{"data":"bronze:InfiniteBeams","floor":44,"key":"SMITH"}],"circlet_count":0,"master_deck":["bronze:Defend","bronze:Defend","bronze:Replicate+1","bronze:Goto+1","bronze:AlphaBuild+1","bronze:ChosenStrike","bronze:DelayedGuard+1","bronze:InfiniteBeams","bronze:DelayedGuard+1","bronze:FineTuning","bronze:Deprecate+1","bronze:ChildClass+1","bronze:HardenedForm+1","bronze:Deprecate","bronze:InfiniteBeams+1","bronze:BuggyMess+1","bronze:InfiniteLoop+1","bronze:Refactor+1","bronze:Iterate+1","bronze:Return+1","bronze:MaxOutput+1","expansioncontent:LastStand+1","Master of Strategy","bronze:Shell+1"],"relics":["bronze:BronzeCore","downfall:HeartBlessingRed","Empty Cage","downfall:HeartBlessingBlue","Lizard Tail","Bottled Lightning","War Paint","downfall:HeartBlessingGreen","Astrolabe","Vajra","bronze:BronzeIdol"],"acts_visited":["Exordium","TheCity","TheBeyond","TheEnding"],"potions_floor_usage":[27,27,28,47,48,52],"damage_taken":[{"damage":2.0,"enemies":"Jaw Worm","floor":2.0,"turns":2.0},{"damage":0.0,"enemies":"Cultist","floor":4.0,"turns":2.0},{"damage":3.0,"enemies":"Small Slimes","floor":5.0,"turns":4.0},{"damage":0.0,"enemies":"Gremlin Gang","floor":9.0,"turns":2.0},{"damage":0.0,"enemies":"downfall:FleeingMerchant","floor":11.0,"turns":4.0},{"damage":8.0,"enemies":"Blue Slaver","floor":13.0,"turns":2.0},{"damage":0.0,"enemies":"3 Louse","floor":14.0,"turns":3.0},{"damage":10.0,"enemies":"Red Slaver","floor":15.0,"turns":3.0},{"damage":40.0,"enemies":"WA_ARCHETYPE_RETAIN","floor":16.0,"turns":12.0},{"damage":6.0,"enemies":"Spheric Guardian","floor":19.0,"turns":4.0},{"damage":22.0,"enemies":"Chosen","floor":20.0,"turns":5.0},{"damage":12.0,"enemies":"Slavers","floor":23.0,"turns":5.0},{"damage":22.0,"enemies":"Snecko","floor":26.0,"turns":7.0},{"damage":24,"enemies":"Sentry and Sphere","floor":27,"turns":8},{"damage":14,"enemies":"Gremlin Leader","floor":28,"turns":7},{"damage":12,"enemies":"Snake Plant","floor":30,"turns":3},{"damage":2,"enemies":"Centurion and Healer","floor":32,"turns":6},{"damage":36,"enemies":"SI_MIRROR_ARCHETYPE","floor":33,"turns":18},{"damage":3,"enemies":"3 Darklings","floor":36,"turns":5},{"damage":8,"enemies":"Orb Walker","floor":37,"turns":4},{"damage":10,"enemies":"Sphere and 2 Shapes","floor":38,"turns":6},{"damage":19,"enemies":"3 Darklings","floor":42,"turns":4},{"damage":6,"enemies":"4 Shapes","floor":46,"turns":7},{"damage":0,"enemies":"downfall:FleeingMerchant","floor":47,"turns":4},{"damage":1,"enemies":"Transient","floor":48,"turns":5},{"damage":0,"enemies":"Sphere and 2 Shapes","floor":49,"turns":4},{"damage":10,"enemies":"DF_ARCHETYPE_ORBS","floor":50,"turns":12},{"damage":87,"enemies":"downfall:CharBossMerchant","floor":52,"turns":8}],"seed_played":"4156914656634771129","potions_obtained":[{"floor":5.0,"key":"sneckomod:MuddlingPotion"},{"floor":13.0,"key":"EntropicBrew"},{"floor":20.0,"key":"hexamod:SoulburnPotion"},{"floor":23.0,"key":"SpeedPotion"},{"floor":26.0,"key":"ColorlessPotion"},{"floor":38,"key":"Strength Potion"},{"floor":46,"key":"ColorlessPotion"},{"floor":48,"key":"ColorlessPotion"}],"is_trial":false,"path_per_floor":["R","M","?","M","M","?","T","R","M","?","$","R","M","M","M","B",null,"R","M","M","?","?","E","T","R","M","M","E","R","M","?","M","B",null,"R","M","M","M","?","R","T","M","T","R","?","M","$","M","M","B",null,"E"],"character_chosen":"THE_AUTOMATON","items_purchased":["Fruit Juice","Master of Strategy"],"campfire_rested":1,"item_purchase_floors":[47,47],"current_hp_per_floor":[63,61,61,61,58,58,58,58,58,58,58,58,50,50,40,21,58,68,62,40,40,40,28,28,52,30,6,32,32,20,90,88,52,81,81,78,70,60,60,60,60,51,51,51,79,73,78,77,77,67,80,0,0,0],"gold":153,"neow_bonus":"ONE_RANDOM_RARE_CARD","is_daily":false,"chose_seed":false,"campfire_upgraded":7,"win_rate":0.0,"timestamp":1613361689,"path_taken":["R","M","?","M","?","?","T","R","?","?","$","R","?","?","M","BOSS","R","M","M","?","?","E","T","R","M","?","E","R","M","?","M","BOSS","R","M","M","M","?","R","T","M","?","R","?","M","$","M","M","BOSS","E"],"items_purchased_type":["Potion","Card"],"build_version":"2020-12-22","purchased_purges":0,"victory":false,"max_hp_per_floor":[70,70,70,70,70,70,70,70,70,70,70,70,70,70,70,70,70,80,80,80,80,80,80,80,80,80,80,80,80,80,90,90,90,90,90,90,90,90,90,90,90,90,90,90,79,79,84,84,84,84,84,84,84,84],"card_choices":[{"not_picked":["bronze:DelayedSlice","bronze:Fortify"],"picked":"bronze:ChosenStrike","floor":2.0},{"not_picked":["bronze:DelayedSlice","bronze:BuggyMess"],"picked":"bronze:DelayedGuard","floor":4.0},{"not_picked":["bronze:DelayedGuard","bronze:ForLoop"],"picked":"bronze:InfiniteBeams","floor":5.0},{"not_picked":["bronze:OilSpill","bronze:Turbo"],"picked":"bronze:Mutator","floor":9.0},{"not_picked":["bronze:BugBarrage","bronze:Constructor"],"picked":"bronze:FineTuning","floor":11.0},{"not_picked":["bronze:Branch","bronze:Separator","bronze:Safeguard"],"picked":"SKIP","floor":13.0},{"not_picked":["bronze:FineTuning","bronze:DelayedGuard"],"picked":"bronze:Deprecate","floor":14.0},{"not_picked":["bronze:WhirlingStrike","bronze:BronzeOrb"],"picked":"bronze:ChildClass","floor":15.0},{"not_picked":["bronze:Verify","bronze:TinkerersToolbox"],"picked":"bronze:HardenedForm","floor":16.0},{"not_picked":["bronze:BuggyMess","bronze:Branch","bronze:Overload"],"picked":"SKIP","floor":19.0},{"not_picked":["bronze:Separator+1","bronze:BugBarrage","bronze:BuggyMess"],"picked":"SKIP","floor":20.0},{"not_picked":["bronze:Assembly","bronze:TinkerersToolbox"],"picked":"bronze:InfiniteBeams","floor":23.0},{"not_picked":["bronze:ChosenStrike","bronze:CloningBeam","bronze:CutThrough+1"],"picked":"SKIP","floor":26.0},{"not_picked":["bronze:Invalidate","bronze:DelayedGuard"],"picked":"bronze:BuggyMess+1","floor":27},{"not_picked":["bronze:Backtrace+1","bronze:Flail","bronze:BugBarrage"],"picked":"SKIP","floor":28},{"not_picked":["bronze:Frontload","bronze:FineTuning","bronze:Overheat"],"picked":"SKIP","floor":30},{"not_picked":["bronze:ChildClass","bronze:WildBeam","bronze:DelayedGuard"],"picked":"SKIP","floor":32},{"not_picked":["bronze:TinkerersToolbox","bronze:ShipIt"],"picked":"bronze:InfiniteLoop","floor":33},{"not_picked":["bronze:Branch+1","bronze:CloningBeam"],"picked":"bronze:MaxOutput+1","floor":36},{"not_picked":["bronze:Iterate+1","bronze:BitShift+1","bronze:BuggyMess"],"picked":"SKIP","floor":37},{"not_picked":["bronze:Turbo+1","bronze:Refactor","bronze:Constructor+1"],"picked":"SKIP","floor":38},{"not_picked":["expansioncontent:GuardianWhirl","expansioncontent:InvincibleStrength"],"picked":"expansioncontent:LastStand","floor":39},{"not_picked":["bronze:BronzeOrb","bronze:Invalidate","bronze:OilSpill+1"],"picked":"SKIP","floor":42},{"not_picked":["bronze:BugBarrage+1","bronze:Constructor","bronze:BuggyMess"],"picked":"SKIP","floor":46},{"not_picked":["bronze:Mutator","bronze:Shell","bronze:Overheat+1"],"picked":"SKIP","floor":47},{"not_picked":["bronze:FineTuning","bronze:Iterate","bronze:ClassDefault"],"picked":"SKIP","floor":48},{"not_picked":["bronze:Return","bronze:Invalidate+1"],"picked":"bronze:Shell+1","floor":49}],"player_experience":789970,"relics_obtained":[{"floor":23.0,"key":"Lizard Tail"},{"floor":24.0,"key":"Bottled Lightning"},{"floor":28,"key":"War Paint"},{"floor":41,"key":"Vajra"},{"floor":43,"key":"bronze:BronzeIdol"}],"event_choices":[],"is_beta":false,"boss_relics":[{"not_picked":["Velvet Choker","Runic Pyramid"],"picked":"Empty Cage"},{"not_picked":["Snecko Eye","SacredBark"],"picked":"Astrolabe"}],"items_purged_floors":[],"is_endless":false,"potions_floor_spawned":[5,13,15,20,23,26,38,46,48],"killed_by":"downfall:CharBossMerchant","ascension_level":9}}