{"host":"qvcm5n1ry1q9iv9x","time":1613377291,"event":{"mods":["Act Like it!","BaseMod","BetterRewards","Colored Map","Colored Powertips","Downfall","Friendly Minions","Highlight Path","Minty Spire (QoL Compilation)","Quick Restart","Relic Sorter","Shop Mod","StSLib"],"gold_per_floor":[115,115,65,65,89,123,123,138,138,171,190,211,211,229,229,357,357,370,107,140,160,160,160,214,214,240,252,297,332,392,404,416,533,545,578,607,641,645,681,730,742,779,817,853,865,877,908,82,82,82],"floor_reached":51,"language":"ZHS","playtime":3434,"items_purged":["hexamod:FourthSeal"],"score":859,"play_id":"3d7438ca-3137-489b-8906-699528642de2","local_time":"20210215162131","is_ascension_mode":false,"campfire_choices":[{"data":"hexamod:ExtraCrispy","floor":7.0,"key":"SMITH"},{"data":"hexamod:SearingWound","floor":15.0,"key":"SMITH"},{"data":"Chrysalis","floor":23.0,"key":"SMITH"},{"data":"hexamod:GhostOfSpirePast","floor":25.0,"key":"SMITH"},{"data":"hexamod:HexaLevel","floor":27.0,"key":"SMITH"},{"data":"hexamod:FastForward","floor":32.0,"key":"SMITH"},{"data":"hexamod:Strike","floor":41.0,"key":"PURGE"},{"data":"hexamod:Defend","floor":46.0,"key":"PURGE"},{"data":"Enlightenment","floor":49.0,"key":"SMITH"}],"circlet_count":0,"master_deck":["hexamod:Strike+1","hexamod:Strike+1","hexamod:Strike+1","hexamod:Defend+1","hexamod:Defend+1","hexamod:Defend+1","hexamod:Sear+1","hexamod:Float+1","hexamod:ExtraCrispy+1","hexamod:RadiantFlame+1","hexamod:Rewind+1","hexamod:ChargedBarrage","hexamod:PhantomFireball+1","hexamod:SearingWound+1","hexamod:ShieldOfDarkness","hexamod:GhostOfSpirePast+1","hexamod:Again","Chrysalis+1","hexamod:Hexaguard+1","hexamod:HexaLevel+1","hexamod:BurningTouch+1","hexamod:Rewind","hexamod:FastForward+1","hexamod:Hexaguard+1","hexamod:EtherealExpedition+1","hexamod:SpectralAdrenaline+1","hexamod:HeatShield+1","hexamod:SecondSeal","hexamod:FirstSeal","hexamod:StepThrough+1","hexamod:EtherealExpedition+1","hexamod:FlamesFromBeyond","hexamod:RainOfEmbers","Enlightenment+1"],"relics":["hexamod:SpiritBrand","NeowsBlessing","Bloody Idol","Pantograph","FossilizedHelix","Anchor","expansioncontent:StudyCardRelic","TungstenRod","Blue Candle","hexamod:IceCube","hexamod:TheBrokenSeal","Peace Pipe","Gremlin Horn","Boot","hexamod:MatchstickCase","Strange Spoon","Akabeko","MerchantsRug"],"acts_visited":["Exordium","TheCity","TheBeyond"],"potions_floor_usage":[],"damage_taken":[{"damage":0.0,"enemies":"Small Slimes","floor":1.0,"turns":1.0},{"damage":0.0,"enemies":"Jaw Worm","floor":5.0,"turns":1.0},{"damage":0.0,"enemies":"Lagavulin","floor":6.0,"turns":2.0},{"damage":1.0,"enemies":"2 Louse","floor":8.0,"turns":4.0},{"damage":20.0,"enemies":"3 Sentries","floor":10.0,"turns":8.0},{"damage":0.0,"enemies":"2 Fungi Beasts","floor":11.0,"turns":3.0},{"damage":0.0,"enemies":"Blue Slaver","floor":12.0,"turns":3.0},{"damage":0.0,"enemies":"Exordium Thugs","floor":14.0,"turns":4.0},{"damage":15.0,"enemies":"Slime Boss","floor":16.0,"turns":7.0},{"damage":12.0,"enemies":"3 Byrds","floor":18.0,"turns":6.0},{"damage":0.0,"enemies":"Shell Parasite","floor":20.0,"turns":5.0},{"damage":0.0,"enemies":"Centurion and Healer","floor":21.0,"turns":4.0},{"damage":25.0,"enemies":"Book of Stabbing","floor":24.0,"turns":8.0},{"damage":10.0,"enemies":"Shelled Parasite and Fungi","floor":28.0,"turns":6.0},{"damage":6.0,"enemies":"Snake Plant","floor":29.0,"turns":4.0},{"damage":8.0,"enemies":"Gremlin Leader","floor":30.0,"turns":6.0},{"damage":68.0,"enemies":"Collector","floor":33.0,"turns":7.0},{"damage":0.0,"enemies":"Orb Walker","floor":35.0,"turns":5.0},{"damage":0.0,"enemies":"3 Shapes","floor":36.0,"turns":4.0},{"damage":5.0,"enemies":"Transient","floor":37.0,"turns":5.0},{"damage":10.0,"enemies":"3 Darklings","floor":39.0,"turns":4.0},{"damage":23.0,"enemies":"Giant Head","floor":40.0,"turns":9.0},{"damage":0.0,"enemies":"Reptomancer","floor":42.0,"turns":5.0},{"damage":13.0,"enemies":"Sphere and 2 Shapes","floor":44.0,"turns":4.0},{"damage":0.0,"enemies":"Transient","floor":47.0,"turns":5.0},{"damage":60.0,"enemies":"Donu and Deca","floor":50.0,"turns":11.0}],"seed_played":"9063267082533537894","potions_obtained":[{"floor":1.0,"key":"EssenceOfSteel"},{"floor":5.0,"key":"FairyPotion"},{"floor":6.0,"key":"Block Potion"},{"floor":11.0,"key":"Fire Potion"},{"floor":20.0,"key":"EntropicBrew"},{"floor":24.0,"key":"FearPotion"},{"floor":28.0,"key":"champ:CounterPotion"},{"floor":33.0,"key":"ColorlessPotion"},{"floor":39.0,"key":"Fire Potion"},{"floor":39.0,"key":"FairyPotion"},{"floor":40.0,"key":"Regen Potion"},{"floor":42.0,"key":"Fire Potion"},{"floor":42.0,"key":"SteroidPotion"},{"floor":44.0,"key":"Block Potion"}],"is_trial":false,"path_per_floor":["M","?","?","?","M","E","R","M","T","E","M","M","?","M","R","B",null,"M","$","M","M","?","R","E","R","T","R","M","M","E","?","R","B",null,"M","M","M","?","M","E","R","E","T","M","?","R","M","$","R","B",null],"character_chosen":"THE_SPIRIT","items_purchased":["hexamod:SecondSeal","Chrysalis","hexamod:MatchstickCase","Strange Spoon","Akabeko","MerchantsRug","Weak Potion","hexamod:RainOfEmbers","Enlightenment"],"campfire_rested":0,"item_purchase_floors":[19,19,48,48,48,48,48,48,48],"current_hp_per_floor":[70,70,70,56,56,56,56,55,55,35,35,35,40,40,40,50,75,63,63,63,63,63,63,38,38,38,38,28,22,14,14,19,9,75,75,75,85,79,79,73,78,85,85,84,85,85,85,85,85,32],"gold":82,"neow_bonus":"THREE_ENEMY_KILL","is_daily":false,"chose_seed":false,"campfire_upgraded":7,"win_rate":0.0,"timestamp":1613377291,"path_taken":["M","?","?","?","M","E","R","?","T","E","M","M","?","M","R","BOSS","M","$","M","M","?","R","E","R","T","R","M","M","E","?","R","BOSS","M","M","M","?","M","E","R","E","T","M","?","R","M","$","R","BOSS"],"items_purchased_type":["Card","Card","Relic","Relic","Relic","Relic","Potion","Card","Card"],"build_version":"2020-12-22","purchased_purges":1,"victory":true,"max_hp_per_floor":[70,70,70,70,70,70,70,70,70,70,70,70,75,75,75,75,75,75,75,75,75,75,75,75,75,75,75,75,75,75,75,75,75,75,75,75,85,85,85,85,85,85,85,85,85,85,85,85,85,85],"card_choices":[{"not_picked":["hexamod:InspiringFlames","hexamod:GhostLash"],"picked":"hexamod:ExtraCrispy","floor":1.0},{"not_picked":["hexamod:NightmareStrike","hexamod:RetreatToShadows"],"picked":"hexamod:RadiantFlame","floor":5.0},{"not_picked":["hexamod:FlamesFromBeyond","hexamod:HeatCrush"],"picked":"hexamod:Rewind","floor":6.0},{"not_picked":["hexamod:ExtraCrispy","hexamod:SwordOfDarkness"],"picked":"hexamod:ChargedBarrage","floor":8.0},{"not_picked":["hexamod:DynamicBlow","hexamod:RadiantFlame"],"picked":"hexamod:PhantomFireball","floor":10.0},{"not_picked":["hexamod:SwordOfDarkness","hexamod:NightmareGuise"],"picked":"hexamod:SearingWound","floor":11.0},{"not_picked":["hexamod:Haunt","hexamod:BacktrackSmack"],"picked":"hexamod:ShieldOfDarkness","floor":12.0},{"not_picked":["hexamod:AdvancingGuard","hexamod:NightmareStrike"],"picked":"hexamod:GhostOfSpirePast","floor":14.0},{"not_picked":["hexamod:ForkedFlame","hexamod:TimeWarp"],"picked":"hexamod:SixthSeal","floor":16.0},{"not_picked":["hexamod:HeatMetal+1","hexamod:HauntingEcho"],"picked":"hexamod:Again","floor":18.0},{"not_picked":["hexamod:BacktrackSmack","hexamod:Incineration"],"picked":"hexamod:Hexaguard+1","floor":20.0},{"not_picked":["hexamod:HeatMetal","hexamod:HauntingEcho"],"picked":"hexamod:FourthSeal","floor":21.0},{"not_picked":["hexamod:PhantomFireball","hexamod:FastForward"],"picked":"hexamod:HexaLevel","floor":24.0},{"not_picked":["hexamod:FastForward","hexamod:GhostLash+1"],"picked":"hexamod:BurningTouch+1","floor":28.0},{"not_picked":["hexamod:NightmareStrike","hexamod:Haunt"],"picked":"hexamod:Rewind","floor":29.0},{"not_picked":["hexamod:SkipABeat","hexamod:InspiringFlames"],"picked":"hexamod:FastForward","floor":30.0},{"not_picked":["hexamod:TurnItUp","hexamod:TimeOfNeed"],"picked":"hexamod:FifthSeal","floor":33.0},{"not_picked":["hexamod:FourthSeal","hexamod:SecondSeal"],"picked":"hexamod:ThirdSeal","floor":35.0},{"not_picked":["hexamod:AdvancingGuard+1","hexamod:ShieldOfDarkness"],"picked":"hexamod:Hexaguard+1","floor":35.0},{"not_picked":["hexamod:SecondSeal","hexamod:SixthSeal"],"picked":"hexamod:FirstSeal","floor":36.0},{"not_picked":["hexamod:GhostOfSpirePast+1","hexamod:GhostLash"],"picked":"hexamod:EtherealExpedition+1","floor":36.0},{"not_picked":["hexamod:CatchUp+1","hexamod:EmpoweredFlame+1"],"picked":"hexamod:SpectralAdrenaline+1","floor":36.0},{"not_picked":["hexamod:GhostLash","hexamod:SwordOfDarkness"],"picked":"hexamod:HeatShield+1","floor":37.0},{"not_picked":["hexamod:ThirdSeal","hexamod:InspiringFlames"],"picked":"hexamod:StepThrough+1","floor":39.0},{"not_picked":["hexamod:ShieldOfDarkness","hexamod:BacktrackSmack"],"picked":"hexamod:EtherealExpedition+1","floor":40.0},{"not_picked":["hexamod:HauntingEcho+1","hexamod:SpectersWail+1"],"picked":"hexamod:FlamesFromBeyond","floor":42.0},{"not_picked":["hexamod:BurningTouch+1","hexamod:DynamicBlow","hexamod:NightmareStrike+1"],"picked":"SKIP","floor":44.0},{"not_picked":["hexamod:SoulSteal","hexamod:NightmareStrike","hexamod:GhostOfSpirePast"],"picked":"SKIP","floor":47.0}],"player_experience":210450,"relics_obtained":[{"floor":6.0,"key":"Pantograph"},{"floor":9.0,"key":"FossilizedHelix"},{"floor":10.0,"key":"Anchor"},{"floor":24.0,"key":"TungstenRod"},{"floor":26.0,"key":"MawBank"},{"floor":30.0,"key":"Blue Candle"},{"floor":40.0,"key":"Peace Pipe"},{"floor":42.0,"key":"Gremlin Horn"},{"floor":43.0,"key":"Boot"}],"event_choices":[{"damage_healed":0.0,"max_hp_gain":0.0,"max_hp_loss":0.0,"gold_gain":0.0,"event_name":"Golden Idol","player_choice":"Take Wound","floor":2.0,"gold_loss":0.0,"damage_taken":0.0,"relics_obtained":["Golden Idol"],"cards_obtained":["Injury"]},{"cards_removed":["Injury"],"damage_healed":0.0,"max_hp_gain":0.0,"max_hp_loss":0.0,"gold_gain":0.0,"event_name":"The Cleric","player_choice":"Card Removal","floor":3.0,"gold_loss":50.0,"damage_taken":0.0},{"damage_healed":0.0,"max_hp_gain":0.0,"max_hp_loss":0.0,"gold_gain":0.0,"event_name":"Shining Light","player_choice":"Entered Light","floor":4.0,"gold_loss":0.0,"damage_taken":14.0,"cards_upgraded":["hexamod:Defend","hexamod:Strike"]},{"damage_healed":0.0,"max_hp_gain":5.0,"max_hp_loss":0.0,"gold_gain":0.0,"event_name":"Big Fish","player_choice":"Donut","floor":13.0,"gold_loss":0.0,"damage_taken":0.0},{"damage_healed":0.0,"max_hp_gain":0.0,"max_hp_loss":0.0,"gold_gain":0.0,"event_name":"Vampires","player_choice":"Ignored","floor":22.0,"gold_loss":0.0,"damage_taken":0.0},{"damage_healed":0.0,"max_hp_gain":0.0,"max_hp_loss":0.0,"gold_gain":0.0,"event_name":"Forgotten Altar","player_choice":"Gave Idol","floor":31.0,"relics_lost":["Golden Idol"],"gold_loss":0.0,"damage_taken":0.0,"relics_obtained":["Bloody Idol"]}],"is_beta":false,"boss_relics":[{"not_picked":["Busted Crown","Snecko Eye"],"picked":"expansioncontent:StudyCardRelic"},{"not_picked":["Cursed Key","Calling Bell"],"picked":"hexamod:IceCube"}],"items_purged_floors":[48],"is_endless":false,"potions_floor_spawned":[1,5,6,11,12,18,20,21,28,35,36,39,42],"ascension_level":0}}