{"host":"2d926qfvvz477zl6","time":1613349806,"event":{"mods":["Aspiration","BaseMod","Bossed Relics","Challenge The Spire","Conspire","Downfall","Energized Spire","GungeonMod","Halation","Hermit","Hubris","Infinite Spire","Marked Mod","Minty Spire (QoL Compilation)","Morshu Shopkeeper","Rare Cards Sparkle","Reliquary","Replay The Spire","Retaliation","Shedinja","Somnambulant","Spicy Shops","StSLib","Td1madao Mod","The Blue Laboratory","The Bug Knight","The Disciple","The Hierophant","The IronCluck","The Senshi","Wandering Minibosses","Wide Potions","everything is the same but u backflip on backflip","slay the spire mod where everything is the same but ironclad has a cowboy hat"],"gold_per_floor":[487,32,60,95,126,126,126,51,78,110,139,139,139,31,31,31],"floor_reached":15,"language":"ENG","playtime":620,"items_purged":["Pain"],"score":260,"play_id":"377bdfd3-60d5-438d-aaf4-f0b799e219d7","local_time":"20210214194326","daily_mods":["challengethespire:Bronze Difficulty","challengethespire:Elite Rush","Uncertain Future"],"is_ascension_mode":false,"campfire_choices":[{"data":"hermit:Gestalt","floor":7,"key":"SMITH"}],"circlet_count":0,"master_deck":["hermit:Strike_Hermit+1","hermit:Strike_Hermit+1","hermit:Strike_Hermit","hermit:Strike_Hermit+1","hermit:Defend_Hermit","hermit:Defend_Hermit","hermit:Defend_Hermit","hermit:Defend_Hermit","hermit:Snapshot+1","hermit:Covet","hermit:WideOpen+1","hermit:Gestalt+1","hermit:SprayPray","hermit:Misfire+1","Injury","Shame","hermit:HeroicBravado","hermit:Misfire","hermit:Horror","hermit:Malice"],"relics":["hermit:Momento","Black Star","Sling","PreservedInsect","Onion Ring","Slimebound:PreparedRelic","halation:PeacePiece","reliquary:Buckler","reliquary:PurpleTingedLeaf","aspiration:HiddenCompartment","aspiration:Lifesprig","infinitespire:EmpoweringShard","Slimebound:StickyStick","Boot","Whetstone","Replay:Ancient Bell","DemoMod:MonsterBlood","Whetstone","Mango","DemoMod:DecoyRelic","Counterbalance","DemoMod:WeirdEgg","Art of War","champ:DeflectingBracers","reliquary:IridiumChain","hubris:Backtick","Shedinja:WonderGuard","DemoMod:GnawedKey"],"acts_visited":["Exordium"],"potions_floor_usage":[11],"damage_taken":[{"damage":8,"enemies":"3 Sentries","floor":3,"turns":7},{"damage":0,"enemies":"Gremlin Nob","floor":4,"turns":2},{"damage":0,"enemies":"Lagavulin","floor":5,"turns":2},{"damage":0,"enemies":"Book of Stabbing","floor":9,"turns":2},{"damage":14,"enemies":"Slavers","floor":10,"turns":4},{"damage":3,"enemies":"Gremlin Leader","floor":11,"turns":5},{"damage":1,"enemies":"Reptomancer","floor":15,"turns":4}],"seed_played":"3680324792038223880","potions_obtained":[{"floor":4,"key":"Dexterity Potion"},{"floor":10,"key":"DistilledChaos"},{"floor":11,"key":"blueLaboratory:FruitPunch"}],"is_trial":true,"path_per_floor":["$","$","E","E","E","T","R","$","E","E","E","T","R","$","E"],"character_chosen":"HERMIT","items_purchased":["Onion Ring","Slimebound:PreparedRelic","hermit:WideOpen","halation:PeacePiece","reliquary:Buckler","reliquary:PurpleTingedLeaf","hermit:Malice","DemoMod:GnawedKey"],"campfire_rested":0,"item_purchase_floors":[1,1,1,2,2,2,14,14],"current_hp_per_floor":[75,75,69,70,71,92,92,92,92,79,77,77,77,77,0,0],"gold":31,"neow_bonus":"","is_daily":false,"chose_seed":false,"campfire_upgraded":1,"win_rate":0.0,"timestamp":1613349806,"path_taken":["$","$","E","E","E","T","R","$","E","E","E","T","R","$","E"],"items_purchased_type":["Relic","Relic","Card","Relic","Relic","Relic","Card","Relic"],"build_version":"2020-12-22","purchased_purges":1,"victory":false,"max_hp_per_floor":[75,75,75,75,75,96,96,96,96,96,96,1,1,1,1,1],"card_choices":[{"not_picked":["infinitespire:Pacifist","Languid"],"picked":"Injury","floor":6},{"not_picked":["Normality","hubris:Wrath"],"picked":"Shame","floor":6},{"not_picked":["hubris:Greed","Regret"],"picked":"Pain","floor":6}],"player_experience":422066,"relics_obtained":[{"floor":3,"key":"aspiration:HiddenCompartment"},{"floor":3,"key":"aspiration:Lifesprig"},{"floor":4,"key":"infinitespire:EmpoweringShard"},{"floor":4,"key":"Slimebound:StickyStick"},{"floor":5,"key":"Boot"},{"floor":5,"key":"Whetstone"},{"floor":9,"key":"DemoMod:DecoyRelic"},{"floor":9,"key":"Counterbalance"},{"floor":10,"key":"DemoMod:WeirdEgg"},{"floor":10,"key":"Art of War"},{"floor":11,"key":"champ:DeflectingBracers"},{"floor":11,"key":"reliquary:IridiumChain"}],"event_choices":[],"is_beta":false,"boss_relics":[{"not_picked":["aspiration:RunicSpoon","Abe\u0027s Treasure"],"picked":"Replay:Ancient Bell"},{"not_picked":["reliquary:PartyBalloon","Happy Flower"],"picked":"DemoMod:MonsterBlood"},{"not_picked":["DemoMod:MemoryAlloy","reliquary:TridentHead"],"picked":"reliquary:SculptingSteel"},{"not_picked":["infinitespire:CursedDice","DemoMod:ResourcefulSack"],"picked":"Mango"},{"not_picked":["aspiration:WatcherSkillbook","conspire:RoyalGoblet"],"picked":"hubris:Backtick"}],"items_purged_floors":[8],"is_endless":false,"potions_floor_spawned":[4,10,11],"killed_by":"Reptomancer","ascension_level":0}}