{"host":"1ooxfz79hmpvpehx","time":1613426266,"event":{"mods":["BaseMod","Better Altar","Better Match","Better Note","Better Sensory Stone","Better Skull","Better Third Choice","Infinite Spire","Marked Mod","Minty Spire (QoL Compilation)","Quick Restart","RNG Fix","Replay The Spire","StSLib","SuperFastMode"],"gold_per_floor":[360,360,360,44,3,36,36,52,77,103,103,103,103,118,118,118,118],"floor_reached":16,"language":"ENG","playtime":1207,"items_purged":["Defend_B"],"score":111,"play_id":"71b86fd7-483a-48f4-891a-ed62aa73dcf5","local_time":"20210215185746","is_ascension_mode":true,"campfire_choices":[{"floor":7.0,"key":"REST"},{"data":"Creative AI","floor":11,"key":"SMITH"},{"data":"infinitespire:Starlight","floor":13,"key":"SMITH"},{"floor":15,"key":"REST"}],"circlet_count":0,"master_deck":["Strike_B","Strike_B","Strike_B","Defend_B+1","Defend_B+1","Defend_B","Zap","Dualcast","Gash","Consume","Creative AI+1","Doubt","infinitespire:Pacifist","infinitespire:Starlight+1","Gash"],"relics":["Cracked Core","infinitespire:FocusingShard","betterThird:SlimedRelic","ReplayFunnel","PreservedInsect","Replay:Towering Pillar of Hats"],"acts_visited":["Exordium"],"potions_floor_usage":[],"damage_taken":[{"damage":0.0,"enemies":"Small Slimes","floor":1.0,"turns":2.0},{"damage":27.0,"enemies":"Lagavulin","floor":6.0,"turns":6.0},{"damage":1,"enemies":"Cultist","floor":8,"turns":4},{"damage":17,"enemies":"Gremlin Nob","floor":10,"turns":4},{"damage":7,"enemies":"Jaw Worm","floor":14,"turns":5},{"damage":53,"enemies":"Fading Forest","floor":16,"turns":7}],"seed_played":"2547429976707451344","potions_obtained":[{"floor":1.0,"key":"SteroidPotion"}],"is_trial":false,"path_per_floor":["M","?","?","$","?","E","R","M","T","E","R","?","R","M","R","B"],"character_chosen":"DEFECT","items_purchased":["infinitespire:FocusingShard"],"campfire_rested":2,"item_purchase_floors":[4],"current_hp_per_floor":[54,54,39,39,28,1,23,22,22,5,5,5,5,13,35,0,0],"gold":118,"neow_bonus":"TWO_FIFTY_GOLD","is_daily":false,"chose_seed":false,"campfire_upgraded":2,"win_rate":0.0,"timestamp":1613426266,"path_taken":["M","?","?","$","?","E","R","M","T","E","R","?","R","?","R","BOSS"],"items_purchased_type":["Relic"],"build_version":"2020-12-22","purchased_purges":1,"victory":false,"max_hp_per_floor":[75,75,75,75,75,75,75,75,75,75,75,75,75,75,75,75,75],"card_choices":[{"not_picked":["ReplayTheSpireMod:Calculation Training","Rebound"],"picked":"Gash","floor":1.0},{"not_picked":["Time Bomb","Streamline","Panic Button"],"picked":"SKIP","floor":6.0},{"not_picked":["Ball Lightning","Glacier"],"picked":"Consume","floor":8},{"not_picked":["Panic Button","Tempest"],"picked":"Creative AI","floor":10},{"not_picked":["infinitespire:FutureSight","ReplayTheSpireMod:??????????????????????"],"picked":"infinitespire:Starlight","floor":12},{"not_picked":["Cold Snap","Melter"],"picked":"Gash","floor":14}],"player_experience":31007,"relics_obtained":[{"floor":6.0,"key":"ReplayFunnel"},{"floor":9,"key":"PreservedInsect"},{"floor":10,"key":"Replay:Towering Pillar of Hats"}],"event_choices":[{"cards_removed":["Strike_B"],"damage_healed":0.0,"max_hp_gain":0.0,"max_hp_loss":0.0,"gold_gain":0.0,"event_name":"Living Wall","player_choice":"Forget","floor":2.0,"gold_loss":0.0,"damage_taken":0.0},{"damage_healed":54.0,"max_hp_gain":0.0,"max_hp_loss":75.0,"gold_gain":0.0,"event_name":"betterThird:BetterShining","player_choice":"Upgrade","floor":3.0,"gold_loss":0.0,"damage_taken":15.0,"cards_upgraded":["Defend_B","Defend_B"]},{"damage_healed":0.0,"max_hp_gain":0.0,"max_hp_loss":0.0,"gold_gain":0.0,"event_name":"betterThird:BetterGoop","player_choice":"Slimed","floor":5.0,"gold_loss":41.0,"damage_taken":11.0}],"is_beta":false,"boss_relics":[],"items_purged_floors":[4],"is_endless":false,"potions_floor_spawned":[1],"killed_by":"Fading Forest","ascension_level":1}}