{"host":"jm9833yuloeli2yd","time":1613408187,"event":{"mods":["BaseMod","Better Altar","Better Match","Better Note","Better Sensory Stone","Better Skull","Better Third Choice","Better Vampires","BetterRewards","Colored Map","Colored Powertips","DeckTracker","Minty Spire (QoL Compilation)","Permanent Neow","Quick Restart","StSLib","SuperFastMode"],"gold_per_floor":[116,175,208,42,98,146,221,221,245,301,301,301,301,340,340,340,340],"floor_reached":16,"language":"ENG","playtime":524,"items_purged":["Strike_G"],"score":336,"play_id":"957647be-ee65-4178-919a-142cbcc304b7","local_time":"20210215115627","is_ascension_mode":true,"campfire_choices":[{"data":"HandOfGreed","floor":8,"key":"SMITH"},{"data":"Poisoned Stab","floor":13,"key":"SMITH"},{"data":"Wraith Form v2","floor":15,"key":"SMITH"}],"circlet_count":0,"master_deck":["AscendersBane","Strike_G","Strike_G","Strike_G","Strike_G","Defend_G","Defend_G","Defend_G","Defend_G","Defend_G","Survivor","Neutralize","Footwork","Catalyst","HandOfGreed+1","Poisoned Stab+1","Catalyst","Dodge and Roll","Slice","Dodge and Roll","Leg Sweep","Wraith Form v2+1"],"relics":["Ring of the Snake","Kunai","Sling","Mango","Lee\u0027s Waffle","Vajra","Anchor","Centennial Puzzle","Blood Vial","Golden Idol","Nunchaku"],"acts_visited":[],"potions_floor_usage":[6,14],"damage_taken":[{"damage":7,"enemies":"Cultist","floor":1,"turns":6},{"damage":6,"enemies":"Small Slimes","floor":2,"turns":5},{"damage":2,"enemies":"Jaw Worm","floor":3,"turns":5},{"damage":29,"enemies":"Large Slime","floor":5,"turns":13},{"damage":10,"enemies":"Lagavulin","floor":6,"turns":8},{"damage":3,"enemies":"3 Sentries","floor":10,"turns":6},{"damage":8,"enemies":"Gremlin Nob","floor":14,"turns":4},{"damage":39,"enemies":"Hexaghost","floor":16,"turns":9}],"seed_played":"-3271879793568512638","potions_obtained":[{"floor":2,"key":"SteroidPotion"},{"floor":6,"key":"SpeedPotion"}],"is_trial":false,"path_per_floor":["M","M","M","$","M","E","?","R","T","E","?","?","R","E","R","B"],"character_chosen":"THE_SILENT","items_purchased":["Kunai","Sling","Footwork","Catalyst","Regen Potion","HandOfGreed","Lee\u0027s Waffle","Vajra"],"campfire_rested":0,"item_purchase_floors":[0,0,0,0,0,0,0,4],"current_hp_per_floor":[80,74,72,72,43,48,37,37,37,34,34,39,39,33,33,0,0],"gold":340,"neow_bonus":"","is_daily":false,"chose_seed":false,"campfire_upgraded":3,"win_rate":0.0,"timestamp":1613408187,"path_taken":["M","?","M","$","M","E","?","R","T","E","?","?","R","E","R","BOSS"],"items_purchased_type":["Relic","Relic","Card","Card","Potion","Card","Relic","Relic"],"build_version":"2020-12-22","purchased_purges":1,"victory":false,"max_hp_per_floor":[87,87,87,87,87,87,87,87,87,87,79,84,84,84,84,84,84],"card_choices":[{"not_picked":["PiercingWail","Flying Knee"],"picked":"Poisoned Stab","floor":1},{"not_picked":["Backflip","Quick Slash"],"picked":"Catalyst","floor":2},{"not_picked":["Eviscerate","Deadly Poison"],"picked":"Dodge and Roll","floor":3},{"not_picked":["Catalyst","Cloak And Dagger"],"picked":"Slice","floor":5},{"not_picked":["Bane","Underhanded Strike"],"picked":"Dodge and Roll","floor":6},{"not_picked":["PiercingWail","Slice"],"picked":"Leg Sweep","floor":10},{"not_picked":["Setup","Distraction"],"picked":"Wraith Form v2","floor":14}],"player_experience":1368700,"relics_obtained":[{"floor":6,"key":"Anchor"},{"floor":9,"key":"Centennial Puzzle"},{"floor":10,"key":"Blood Vial"},{"floor":14,"key":"Nunchaku"}],"event_choices":[{"damage_healed":0,"gold_gain":75,"player_choice":"Gold","damage_taken":11,"max_hp_gain":0,"max_hp_loss":0,"event_name":"betterThird:BetterGoop","floor":7,"gold_loss":0},{"damage_healed":0,"gold_gain":0,"player_choice":"Lose Max HP","damage_taken":0,"relics_obtained":["Golden Idol"],"max_hp_gain":0,"max_hp_loss":8,"event_name":"Golden Idol","floor":11,"gold_loss":0},{"damage_healed":0,"gold_gain":0,"player_choice":"Donut","damage_taken":0,"max_hp_gain":5,"max_hp_loss":0,"event_name":"Big Fish","floor":12,"gold_loss":0}],"is_beta":false,"boss_relics":[],"items_purged_floors":[0],"is_endless":false,"potions_floor_spawned":[2,6],"killed_by":"Hexaghost","ascension_level":20}}