{"host":"91blwi3hgehj6ch9","time":1613418080,"event":{"mods":["2.2 Compatiblity","AchievementEnabler","BaseMod","Colored Map","DeckTracker","Keyboard Shortcuts","Minty Spire (QoL Compilation)","Permanent Neow","StSLib","SuperFastMode","everything is the same but u backflip on backflip"],"gold_per_floor":[109,127,127,142,154,188,188,201,201,77,93,93,118,133,133,133,133],"floor_reached":16,"language":"KOR","playtime":551,"items_purged":["Strike_R"],"score":177,"play_id":"c5ec170d-07e9-404c-81dc-c4c01f3ccf35","local_time":"20210216044120","is_ascension_mode":true,"campfire_choices":[{"data":"Pommel Strike","floor":12,"key":"SMITH"},{"data":"Shockwave","floor":15,"key":"SMITH"}],"circlet_count":0,"master_deck":["AscendersBane","Strike_R","Strike_R","Strike_R","Strike_R","Defend_R","Defend_R+1","Defend_R","Defend_R","Bash+1","Pommel Strike+1","Power Through","Sword Boomerang","Armaments+1","Feed","Cleave","Shockwave+1","Exhume"],"relics":["Burning Blood","War Paint","White Beast Statue","Smiling Mask"],"acts_visited":["Exordium"],"potions_floor_usage":[6,16,16],"damage_taken":[{"damage":15.0,"enemies":"Small Slimes","floor":1.0,"turns":5.0},{"damage":1.0,"enemies":"Cultist","floor":2.0,"turns":3.0},{"damage":8.0,"enemies":"Jaw Worm","floor":4.0,"turns":4.0},{"damage":1.0,"enemies":"Looter","floor":5.0,"turns":4.0},{"damage":22,"enemies":"Lagavulin","floor":6,"turns":9},{"damage":9,"enemies":"3 Louse","floor":8,"turns":5},{"damage":1,"enemies":"2 Fungi Beasts","floor":11,"turns":3},{"damage":27,"enemies":"Gremlin Nob","floor":13,"turns":5},{"damage":16,"enemies":"Large Slime","floor":14,"turns":9},{"damage":58,"enemies":"The Guardian","floor":16,"turns":16}],"seed_played":"8859354208412141037","potions_obtained":[{"floor":5,"key":"Weak Potion"},{"floor":11,"key":"Dexterity Potion"}],"is_trial":false,"path_per_floor":["M","M","?","M","M","E","?","M","T","$","M","R","E","M","R","B"],"character_chosen":"IRONCLAD","items_purchased":["BloodPotion"],"campfire_rested":0,"item_purchase_floors":[10],"current_hp_per_floor":[63,68,68,66,71,55,55,55,55,55,63,63,42,38,38,0,0],"gold":133,"neow_bonus":"UPGRADE_CARD","is_daily":false,"chose_seed":false,"campfire_upgraded":2,"win_rate":0.0,"timestamp":1613418080,"path_taken":["M","M","?","M","M","E","?","M","T","$","M","R","E","?","R","BOSS"],"items_purchased_type":["Potion"],"build_version":"2020-12-22","purchased_purges":1,"victory":false,"max_hp_per_floor":[80,80,80,80,80,80,80,83,83,83,86,86,86,92,92,92,92],"card_choices":[{"not_picked":["Anger","Battle Trance"],"picked":"Pommel Strike","floor":1.0},{"not_picked":["Clash","Rampage"],"picked":"Power Through","floor":2.0},{"not_picked":["Body Slam","Flex","Thunderclap"],"picked":"SKIP","floor":4.0},{"not_picked":["Perfected Strike","Headbutt"],"picked":"Sword Boomerang","floor":5},{"not_picked":["Disarm","Fire Breathing"],"picked":"Armaments","floor":6},{"not_picked":["Pommel Strike","Perfected Strike"],"picked":"Cleave","floor":8},{"not_picked":["Cleave","Fire Breathing"],"picked":"Shockwave","floor":11},{"not_picked":["Perfected Strike","Sword Boomerang"],"picked":"Exhume","floor":13},{"not_picked":["Cleave","Twin Strike","Clothesline"],"picked":"SKIP","floor":14}],"player_experience":268083,"relics_obtained":[{"floor":6,"key":"War Paint"},{"floor":9,"key":"White Beast Statue"},{"floor":13,"key":"Smiling Mask"}],"event_choices":[{"damage_healed":0.0,"max_hp_gain":0.0,"max_hp_loss":0.0,"gold_gain":0.0,"event_name":"Liars Game","player_choice":"Ignored","floor":3.0,"gold_loss":0.0,"damage_taken":0.0},{"damage_healed":0,"gold_gain":0,"player_choice":"1 cards matched","damage_taken":0,"max_hp_gain":0,"max_hp_loss":0,"event_name":"Match and Keep!","floor":7,"gold_loss":0,"cards_obtained":["Feed"]}],"is_beta":false,"boss_relics":[],"items_purged_floors":[10],"is_endless":false,"potions_floor_spawned":[5,11,13,14],"killed_by":"The Guardian","ascension_level":11}}