{"host":"6xsbn6ynqlzwllfm","time":1613365294,"event":{"mods":["2.2 Compatiblity","BaseMod","Bestiary","Colored Map","Colored Powertips","Curses Come First","Downfall","Highlight Path","Keyboard Shortcuts","Minty Spire (QoL Compilation)","Relic Stats","Slay the Relics Exporter","StSLib","SuperFastMode"],"gold_per_floor":[99,119,130,230,243,260,340,366,25,25,25,25,25,53,63,63,63,63],"floor_reached":16,"language":"ENG","playtime":437,"items_purged":[],"score":216,"play_id":"7e3fe268-763b-462e-95c8-b61a847c36b1","local_time":"20210215000134","is_ascension_mode":true,"campfire_choices":[{"data":"bronze:Goto","floor":1,"key":"SMITH"},{"floor":10,"key":"RECALL"},{"data":"bronze:Replicate","floor":12,"key":"SMITH"}],"circlet_count":0,"master_deck":["AscendersBane","bronze:Strike","bronze:Strike","bronze:Strike","bronze:Strike","bronze:Defend","bronze:Defend","bronze:Defend","bronze:Defend","bronze:Replicate+1","bronze:Goto+1","bronze:InfiniteLoop","bronze:Optimize","bronze:BronzeArmor","bronze:DelayedGuard","bronze:MaxOutput+1","bronze:DelayedGuard","bronze:ClassDefault+1"],"relics":["bronze:BronzeCore","Frozen Egg 2","Guardian:PocketSentry","bronze:CableSpool","Shuriken","Girya"],"acts_visited":["Exordium"],"potions_floor_usage":[8,8,16,16],"damage_taken":[{"damage":2,"enemies":"Jaw Worm","floor":2,"turns":3},{"damage":1,"enemies":"Cultist","floor":3,"turns":3},{"damage":4,"enemies":"2 Louse","floor":5,"turns":3},{"damage":7,"enemies":"2 Fungi Beasts","floor":6,"turns":3},{"damage":0,"enemies":"Lagavulin","floor":8,"turns":4},{"damage":5,"enemies":"downfall:FleeingMerchant","floor":9,"turns":4},{"damage":10,"enemies":"Gremlin Nob","floor":14,"turns":3},{"damage":24,"enemies":"Exordium Wildlife","floor":15,"turns":3},{"damage":15,"enemies":"IC_STATUS_ARCHETYPE","floor":16,"turns":2}],"seed_played":"5193557849526270954","potions_obtained":[{"floor":2,"key":"AttackPotion"},{"floor":5,"key":"SteroidPotion"},{"floor":14,"key":"SteroidPotion"},{"floor":15,"key":"PowerPotion"}],"is_trial":false,"path_per_floor":["R","M","M","?","M","M","T","E","$","R","?","R","?","E","M","B"],"character_chosen":"THE_AUTOMATON","items_purchased":["bronze:MaxOutput+1","bronze:CableSpool"],"campfire_rested":0,"item_purchase_floors":[9,9],"current_hp_per_floor":[63,61,60,60,56,49,49,49,44,44,41,41,46,36,12,0,0,0],"gold":63,"neow_bonus":"THREE_RARE_CARDS","is_daily":false,"chose_seed":false,"campfire_upgraded":2,"win_rate":0.0,"timestamp":1613365294,"path_taken":["R","M","M","?","M","?","T","E","?","R","?","R","?","E","M","BOSS"],"items_purchased_type":["Card","Relic"],"build_version":"2020-12-22","purchased_purges":0,"victory":false,"max_hp_per_floor":[63,63,63,63,63,63,63,63,63,63,63,63,68,68,68,68,68,68],"relic_stats":{"counters":[9,28],"Shuriken":[3],"obtain_stats":[{"Girya":14,"bronze:BronzeCore":0,"Shuriken":11,"Guardian:PocketSentry":8,"Frozen Egg 2":7,"bronze:CableSpool":9},{"Girya":7,"bronze:BronzeCore":0,"Shuriken":6,"Guardian:PocketSentry":5,"Frozen Egg 2":4,"bronze:CableSpool":6},{"Girya":23,"bronze:BronzeCore":0,"Shuriken":20,"Guardian:PocketSentry":16,"Frozen Egg 2":12,"bronze:CableSpool":20}]},"card_choices":[{"not_picked":["bronze:CleanCode","bronze:FindAndReplace"],"picked":"bronze:InfiniteLoop","floor":0},{"not_picked":["bronze:FollowUp","bronze:WhirlingStrike"],"picked":"bronze:Optimize","floor":2},{"not_picked":["bronze:Constructor","bronze:BugBarrage"],"picked":"bronze:BronzeArmor","floor":3},{"not_picked":["bronze:BronzeOrb","bronze:InfiniteBeams","bronze:DigitalCarnage"],"picked":"SKIP","floor":6},{"not_picked":["bronze:HyperBeam","bronze:Repair"],"picked":"bronze:DelayedGuard","floor":8},{"not_picked":["bronze:DelayedGuard","bronze:Deprecate","bronze:Constructor"],"picked":"SKIP","floor":9},{"not_picked":["bronze:Refactor","bronze:Turbo"],"picked":"bronze:DelayedGuard","floor":14},{"not_picked":["bronze:Frontload","bronze:DelayedSlice"],"picked":"bronze:ClassDefault+1","floor":15}],"player_experience":1790192,"relics_obtained":[{"floor":7,"key":"Frozen Egg 2"},{"floor":8,"key":"Guardian:PocketSentry"},{"floor":14,"key":"Girya"}],"event_choices":[{"damage_healed":0,"gold_gain":0,"player_choice":"Success","damage_taken":3,"relics_obtained":["Shuriken"],"max_hp_gain":0,"max_hp_loss":0,"event_name":"Scrap Ooze","floor":11,"gold_loss":0},{"damage_healed":0,"gold_gain":0,"player_choice":"Donut","damage_taken":0,"max_hp_gain":5,"max_hp_loss":0,"event_name":"Big Fish","floor":13,"gold_loss":0}],"is_beta":false,"boss_relics":[],"items_purged_floors":[],"is_endless":false,"potions_floor_spawned":[2,5,6,14,15],"killed_by":"IC_STATUS_ARCHETYPE","ascension_level":12}}