{"host":"qp7xs8nuzfsyommi","time":1613404186,"event":{"mods":["2.2 Compatiblity","BaseMod","Colored Powertips","DeckTracker","Highlight Path","Minty Spire (QoL Compilation)","Permanent Neow","Quick Restart","StSLib"],"gold_per_floor":[114,129,140,23,39,39,52,85,85,235,235,0,0,0,0],"floor_reached":14,"language":"ENG","playtime":507,"items_purged":["Doubt"],"score":180,"play_id":"b6a8770d-8777-4a32-a6a6-6a7134db47c7","local_time":"20210215104946","is_ascension_mode":true,"campfire_choices":[{"data":"Defend_B","floor":6,"key":"PURGE"},{"floor":11,"key":"REST"}],"circlet_count":0,"master_deck":["AscendersBane","Strike_B","Strike_B","Strike_B","Strike_B+1","Defend_B","Defend_B","Defend_B","Zap","Dualcast+1","Glacier","Chill","Defragment","Self Repair","Glacier","Compile Driver","Recycle","Self Repair"],"relics":["Cracked Core","Peace Pipe","Dream Catcher","DollysMirror"],"acts_visited":["Exordium"],"potions_floor_usage":[5,8,8],"damage_taken":[{"damage":1,"enemies":"Cultist","floor":1,"turns":3},{"damage":1,"enemies":"Jaw Worm","floor":2,"turns":3},{"damage":4,"enemies":"Small Slimes","floor":3,"turns":3},{"damage":0,"enemies":"3 Louse","floor":5,"turns":5},{"damage":12,"enemies":"Large Slime","floor":7,"turns":7},{"damage":56,"enemies":"Gremlin Nob","floor":8,"turns":5},{"damage":16,"enemies":"3 Sentries","floor":14,"turns":8}],"seed_played":"6940072541788347014","potions_obtained":[{"floor":1,"key":"SpeedPotion"},{"floor":2,"key":"Fire Potion"},{"floor":5,"key":"CultistPotion"},{"floor":7,"key":"Explosive Potion"}],"is_trial":false,"path_per_floor":["M","M","M","$","M","R","M","E","T","?","R","$","?","E"],"character_chosen":"DEFECT","items_purchased":["Self Repair","Glacier","DollysMirror"],"campfire_rested":1,"item_purchase_floors":[4,4,12],"current_hp_per_floor":[63,62,58,58,64,64,59,10,10,10,29,29,10,0,0],"gold":0,"neow_bonus":"ONE_RARE_RELIC","is_daily":false,"chose_seed":false,"campfire_upgraded":0,"win_rate":0.0,"timestamp":1613404186,"path_taken":["M","M","M","$","?","R","M","E","T","?","R","$","?","E"],"items_purchased_type":["Card","Card","Relic"],"build_version":"2020-12-22","purchased_purges":1,"victory":false,"max_hp_per_floor":[64,64,64,64,64,64,64,64,64,64,64,64,64,64,64],"card_choices":[{"not_picked":["Self Repair","Streamline"],"picked":"Glacier","floor":1},{"not_picked":["Beam Cell","Rebound"],"picked":"Chill","floor":2},{"not_picked":["Cold Snap","Redo"],"picked":"Defragment","floor":3},{"not_picked":["Rebound","Stack","Consume"],"picked":"SKIP","floor":5},{"not_picked":["Ball Lightning","Cold Snap"],"picked":"Compile Driver","floor":7},{"not_picked":["Beam Cell","Steam Power","Reprogram"],"picked":"SKIP","floor":8},{"not_picked":["Go for the Eyes","Beam Cell"],"picked":"Recycle","floor":11}],"player_experience":1910256,"relics_obtained":[{"floor":8,"key":"Dream Catcher"}],"event_choices":[{"damage_healed":0,"gold_gain":150,"player_choice":"AGREE","damage_taken":0,"max_hp_gain":0,"max_hp_loss":0,"event_name":"Liars Game","floor":10,"gold_loss":0,"cards_obtained":["Doubt"]},{"damage_healed":0,"gold_gain":0,"player_choice":"Entered Light","damage_taken":19,"max_hp_gain":0,"max_hp_loss":0,"event_name":"Shining Light","floor":13,"gold_loss":0,"cards_upgraded":["Strike_B","Dualcast"]}],"is_beta":false,"boss_relics":[],"items_purged_floors":[12],"is_endless":false,"potions_floor_spawned":[1,2,5,7],"killed_by":"3 Sentries","ascension_level":20}}