{"host":"6ggzka4dag2kvku2","time":1613396426,"event":{"mods":["AchievementEnabler","BaseMod","DeckTracker","Minty Spire (QoL Compilation)","Permanent Neow","Quick Restart","SuperFastMode"],"gold_per_floor":[369,369,388,398,178,210,210,210,210,263,263,104,114,131,131,227,227,240,240,0,11,28,28,28],"floor_reached":23,"language":"KOR","playtime":602,"items_purged":["Strike_B"],"score":191,"play_id":"d94d4f9e-b73c-4c7c-957d-5be20a9b29c9","local_time":"20210215224026","is_ascension_mode":false,"campfire_choices":[{"data":"Rip and Tear","floor":7,"key":"SMITH"},{"data":"Dualcast","floor":11,"key":"SMITH"},{"floor":15,"key":"REST"}],"circlet_count":0,"master_deck":["Strike_B","Defend_B","Defend_B","Defend_B","Defend_B","Zap","Dualcast+1","Sunder+1","Turbo","Rip and Tear+1","Fusion+1","Madness+1","Conserve Battery+1","Beam Cell","Reboot+1","BootSequence+1","Coolheaded+1","Double Energy+1"],"relics":["Cracked Core","Akabeko","Toxic Egg 2","StoneCalendar","Boot","Empty Cage","InkBottle"],"acts_visited":["Exordium","TheCity"],"potions_floor_usage":[],"damage_taken":[{"damage":1,"enemies":"Small Slimes","floor":1,"turns":4},{"damage":6,"enemies":"Jaw Worm","floor":3,"turns":3},{"damage":8,"enemies":"Cultist","floor":4,"turns":5},{"damage":26,"enemies":"Lagavulin","floor":6,"turns":4},{"damage":3,"enemies":"Red Slaver","floor":13,"turns":2},{"damage":0,"enemies":"Looter","floor":14,"turns":1},{"damage":29,"enemies":"Hexaghost","floor":16,"turns":9},{"damage":21,"enemies":"3 Byrds","floor":18,"turns":4},{"damage":0,"enemies":"2 Thieves","floor":21,"turns":2},{"damage":0,"enemies":"Chosen and Byrds","floor":22,"turns":3},{"damage":49,"enemies":"Gremlin Leader","floor":23,"turns":6}],"seed_played":"8465398843563055040","potions_obtained":[{"floor":1,"key":"FocusPotion"},{"floor":14,"key":"LiquidBronze"},{"floor":16,"key":"SpeedPotion"}],"is_trial":false,"path_per_floor":["M","?","M","M","$","E","R","?","T","?","R","$","M","M","R","B",null,"M","?","$","M","M","E"],"character_chosen":"DEFECT","items_purchased":["Akabeko","Fusion+1","Madness+1","InkBottle"],"campfire_rested":1,"item_purchase_floors":[5,12,12,20],"current_hp_per_floor":[67,67,61,53,53,27,27,20,20,20,20,20,17,17,37,8,68,47,47,47,47,47,0,0],"gold":28,"neow_bonus":"TWO_FIFTY_GOLD","is_daily":false,"chose_seed":false,"campfire_upgraded":2,"win_rate":0.0,"timestamp":1613396426,"path_taken":["M","?","M","M","$","E","R","?","T","?","R","$","M","M","R","BOSS","M","?","$","M","M","E"],"items_purchased_type":["Relic","Card","Card","Relic"],"build_version":"2020-12-22","purchased_purges":1,"victory":false,"max_hp_per_floor":[68,68,68,68,68,68,68,68,68,68,68,68,68,68,68,68,68,68,68,68,68,68,68,68],"card_choices":[{"not_picked":["Turbo","Coolheaded"],"picked":"Sunder","floor":1},{"not_picked":["Coolheaded","Rebound"],"picked":"Turbo","floor":3},{"not_picked":["Conserve Battery","Leap"],"picked":"Rip and Tear","floor":4},{"not_picked":["Ball Lightning","Creative AI","Heatsinks"],"picked":"SKIP","floor":6},{"not_picked":["Redo+1","Gash"],"picked":"Conserve Battery+1","floor":13},{"not_picked":["Rebound","Gash"],"picked":"Beam Cell","floor":14},{"not_picked":["Buffer","Creative AI"],"picked":"Reboot+1","floor":16},{"not_picked":["Beam Cell+1","Lockon+1"],"picked":"BootSequence+1","floor":18},{"not_picked":["Turbo+1","Auto Shields+1"],"picked":"Double Energy+1","floor":21},{"not_picked":["Rebound","FTL+1","Conserve Battery+1"],"picked":"SKIP","floor":22}],"player_experience":65902,"relics_obtained":[{"floor":6,"key":"Toxic Egg 2"},{"floor":9,"key":"Boot"}],"event_choices":[{"damage_healed":0,"gold_gain":0,"player_choice":"Grow","damage_taken":0,"max_hp_gain":0,"max_hp_loss":0,"event_name":"Living Wall","floor":2,"gold_loss":0,"cards_upgraded":["Sunder"]},{"damage_healed":0,"gold_gain":0,"player_choice":"Success","damage_taken":7,"relics_obtained":["StoneCalendar"],"max_hp_gain":0,"max_hp_loss":0,"event_name":"Scrap Ooze","floor":8,"gold_loss":0},{"damage_healed":0,"gold_gain":53,"player_choice":"Gained Gold","damage_taken":0,"max_hp_gain":0,"max_hp_loss":0,"event_name":"Golden Wing","floor":10,"gold_loss":0},{"damage_healed":0,"gold_gain":0,"player_choice":"Read","damage_taken":0,"max_hp_gain":0,"max_hp_loss":0,"event_name":"The Library","floor":19,"gold_loss":0,"cards_obtained":["Coolheaded"]}],"is_beta":false,"boss_relics":[{"not_picked":["FrozenCore","Busted Crown"],"picked":"Empty Cage"}],"items_purged_floors":[5],"is_endless":false,"potions_floor_spawned":[1,14,16,18],"killed_by":"Gremlin Leader","ascension_level":0}}