{"host":"2qyxu97h6u4ukicb","time":1613348132,"event":{"mods":["AchievementEnabler","BaseMod","BetterRewards","Colored Map","Colored Powertips","Minty Spire (QoL Compilation)","Replay The Spire","Shop Mod","StSLib"],"gold_per_floor":[110,124,124,124,142,142,142,142,197,197,197,222,222,297,297,400,400,386,400,400,400,400,400,468,468,468,668,519,519,172,197,197,299,299,313,313,328,328,328,328,328],"floor_reached":40,"language":"ENG","playtime":1580,"items_purged":[],"score":419,"play_id":"0622f76c-3333-4ba3-8dbe-5a9554f760ca","local_time":"20210214181532","is_ascension_mode":false,"campfire_choices":[{"data":"Deadly Poison","floor":6,"key":"SMITH"},{"floor":10,"key":"REST"},{"data":"Neutralize","floor":13,"key":"SMITH"},{"floor":15,"key":"REST"},{"data":"Envenom","floor":23,"key":"SMITH"},{"floor":25,"key":"REST"},{"data":"Deadly Poison","floor":29,"key":"SMITH"}],"circlet_count":0,"master_deck":["Strike_G","Strike_G","Strike_G","Strike_G","Strike_G","Defend_G","Defend_G","Defend_G","Defend_G+1","Survivor","Neutralize+1","Deadly Poison+1","Phantasmal Killer","Prepared+1","Deadly Poison+1","Envenom+1","Flying Knee","Deadly Poison+1","Atom Bomb","Dagger Spray+1","Corpse Explosion","CurseOfTheBell","Bouncing Flask+1","Writhe"],"relics":["Ring of the Snake","NeowsBlessing","ReplayTheSpireMod:Shallot","Mirror","Juzu Bracelet","Anchor","Velvet Choker","ReplayTheSpireMod:Ring of Addiction","Toy Ornithopter","White Beast Statue","ReplayTheSpireMod:Lightbulb","Pear","MerchantsRug","Membership Card","Chameleon Ring","Replay:Bottled Snecko","Calling Bell","Tingsha","Replay:Accelerometer","Bag of Preparation"],"acts_visited":["Exordium","TheCity","TheBeyond"],"potions_floor_usage":[12,16,18,31,31,31,31,31,31,31,31,33,33,33,35,40,40],"damage_taken":[{"damage":0,"enemies":"Jaw Worm","floor":1,"turns":1},{"damage":0,"enemies":"2 Louse","floor":2,"turns":1},{"damage":0,"enemies":"Cultist","floor":5,"turns":1},{"damage":11,"enemies":"Lagavulin","floor":12,"turns":6},{"damage":34,"enemies":"Hexaghost","floor":16,"turns":10},{"damage":0,"enemies":"2 Thieves","floor":18,"turns":4},{"damage":21,"enemies":"Spheric Guardian","floor":19,"turns":7},{"damage":12,"enemies":"Gremlin Leader","floor":31,"turns":4},{"damage":9,"enemies":"Automaton","floor":33,"turns":6},{"damage":21,"enemies":"3 Darklings","floor":35,"turns":3},{"damage":0,"enemies":"Orb Walker","floor":37,"turns":2},{"damage":73,"enemies":"Reptomancer","floor":40,"turns":3}],"seed_played":"7883123354851566719","potions_obtained":[{"floor":1,"key":"Toxic Potion"},{"floor":12,"key":"Death Potion"},{"floor":16,"key":"LiquidMemories"},{"floor":19,"key":"Dexterity Potion"},{"floor":20,"key":"AttackPotion"},{"floor":20,"key":"ColorlessPotion"},{"floor":31,"key":"AttackPotion"},{"floor":32,"key":"LifebloodPotion"},{"floor":32,"key":"PowerPotion"},{"floor":33,"key":"ColorlessPotion"},{"floor":35,"key":"LifebloodPotion"},{"floor":37,"key":"AttackPotion"}],"is_trial":false,"path_per_floor":["M","M","?","T","M","R","$","?","T","R","?","E","R","?","R","B",null,"M","M","?","?","?","R","?","R","T","?","$","R","$","E","R","B",null,"M","?","M","?","?","E"],"character_chosen":"THE_SILENT","items_purchased":["MerchantsRug","Membership Card","Chameleon Ring","Atom Bomb"],"campfire_rested":3,"item_purchase_floors":[28,30,30,30],"current_hp_per_floor":[70,70,56,56,56,56,56,31,31,52,70,59,59,48,69,35,70,70,49,49,49,49,49,22,42,52,52,52,52,52,74,74,65,74,53,53,53,53,71,0,0],"gold":328,"neow_bonus":"THREE_ENEMY_KILL","is_daily":false,"chose_seed":false,"campfire_upgraded":4,"win_rate":0.0,"timestamp":1613348132,"path_taken":["M","M","?","?","M","R","$","?","T","R","?","E","R","?","R","BOSS","M","M","?","?","?","R","?","R","T","?","?","R","$","E","R","BOSS","M","?","M","?","?","E"],"items_purchased_type":["Relic","Relic","Relic","Card"],"build_version":"2020-12-22","purchased_purges":0,"victory":false,"max_hp_per_floor":[70,70,70,70,70,70,70,70,70,70,70,70,70,70,70,70,70,70,70,70,70,70,70,68,68,78,76,76,76,74,74,74,74,74,74,74,74,74,72,72,72],"card_choices":[{"not_picked":["Endless Agony","Replay:Poison Smokescreen"],"picked":"Deadly Poison","floor":1},{"not_picked":["Dagger Throw","Outmaneuver","Caltrops"],"picked":"SKIP","floor":2},{"not_picked":["Prepared","PiercingWail","Escape Plan"],"picked":"SKIP","floor":5},{"not_picked":["Backflip","Dagger Throw","Calculated Gamble"],"picked":"SKIP","floor":12},{"not_picked":["Storm of Steel","Glass Knife"],"picked":"Phantasmal Killer","floor":16},{"not_picked":["Eviscerate+1","Dodge and Roll"],"picked":"Prepared+1","floor":18},{"not_picked":["Dagger Spray+1","Bane+1"],"picked":"Deadly Poison+1","floor":19},{"not_picked":["Backflip","Underhanded Strike"],"picked":"Flying Knee","floor":24},{"not_picked":["ReplayTheSpireMod:Speed Training","Underhanded Strike"],"picked":"Deadly Poison","floor":24},{"not_picked":["Skewer","Quick Slash+1"],"picked":"Dagger Spray+1","floor":31},{"not_picked":["Storm of Steel","Wraith Form v2"],"picked":"Corpse Explosion","floor":33},{"not_picked":["Escape Plan+1","Backflip+1"],"picked":"Bouncing Flask+1","floor":35},{"not_picked":["Outmaneuver+1","ReplayTheSpireMod:The Works","Escape Plan"],"picked":"SKIP","floor":37}],"player_experience":818853,"relics_obtained":[{"floor":4,"key":"ReplayTheSpireMod:Shallot"},{"floor":9,"key":"Juzu Bracelet"},{"floor":12,"key":"Anchor"},{"floor":20,"key":"ReplayTheSpireMod:Ring of Addiction"},{"floor":20,"key":"Toy Ornithopter"},{"floor":20,"key":"White Beast Statue"},{"floor":24,"key":"ReplayTheSpireMod:Lightbulb"},{"floor":26,"key":"Pear"},{"floor":31,"key":"Replay:Bottled Snecko"},{"floor":34,"key":"Tingsha"},{"floor":34,"key":"Replay:Accelerometer"},{"floor":34,"key":"Bag of Preparation"}],"event_choices":[{"damage_healed":0,"gold_gain":0,"player_choice":"Entered Light","damage_taken":14,"max_hp_gain":0,"max_hp_loss":0,"event_name":"Shining Light","floor":3,"gold_loss":0,"cards_upgraded":["Defend_G","Defend_G"]},{"damage_healed":0,"gold_gain":0,"player_choice":"Success","damage_taken":25,"relics_obtained":["Mirror"],"max_hp_gain":0,"max_hp_loss":0,"event_name":"Scrap Ooze","floor":8,"gold_loss":0},{"damage_healed":18,"gold_gain":0,"player_choice":"Full Heal","damage_taken":0,"max_hp_gain":0,"max_hp_loss":0,"event_name":"Wheel of Change","floor":11,"gold_loss":0},{"damage_healed":0,"gold_gain":75,"player_choice":"Gather Gold","damage_taken":11,"max_hp_gain":0,"max_hp_loss":0,"event_name":"World of Goop","floor":14,"gold_loss":0},{"damage_healed":0,"gold_gain":0,"player_choice":"Ignored","damage_taken":0,"max_hp_gain":0,"max_hp_loss":0,"event_name":"Vampires","floor":21,"gold_loss":0},{"damage_healed":0,"gold_gain":0,"player_choice":"Read","damage_taken":0,"max_hp_gain":0,"max_hp_loss":0,"event_name":"The Library","floor":22,"gold_loss":0,"cards_obtained":["Envenom"]},{"damage_healed":0,"gold_gain":200,"player_choice":"Gold","damage_taken":0,"max_hp_gain":0,"max_hp_loss":0,"event_name":"Wheel of Change","floor":27,"gold_loss":0},{"damage_healed":0,"gold_gain":0,"player_choice":"Ignored","damage_taken":0,"max_hp_gain":0,"max_hp_loss":0,"event_name":"Tomb of Lord Red Mask","floor":36,"gold_loss":0},{"cards_removed":["Defend_G"],"damage_healed":0,"gold_gain":0,"player_choice":"Removed Skill","damage_taken":0,"max_hp_gain":0,"max_hp_loss":0,"event_name":"Falling","floor":38,"gold_loss":0},{"damage_healed":18,"gold_gain":0,"player_choice":"Writhe","damage_taken":0,"max_hp_gain":0,"max_hp_loss":0,"event_name":"Winding Halls","floor":39,"gold_loss":0,"cards_obtained":["Writhe"]}],"is_beta":false,"boss_relics":[{"not_picked":["Replay:Wanted Poster","SlaversCollar"],"picked":"Velvet Choker"},{"not_picked":["Astrolabe","Cursed Key"],"picked":"Calling Bell"}],"items_purged_floors":[],"is_endless":false,"potions_floor_spawned":[1,12,16,19,31,33,35,37],"killed_by":"Reptomancer","ascension_level":0}}