{"host":"8e3sp1tozjyrh64l","time":1613364816,"event":{"mods":["Act Like it!","BaseMod","Better Altar","Better Match","Better Note","Better Sensory Stone","Better Silent Start","Better Skull","Better Third Choice","BetterRewards","Conspire","Curses Come First","Defuse TimeMaze Blight","Infinite Spire","Minty Spire (QoL Compilation)","Permanent Neow","Rare Cards Sparkle","Relic Sorter","Reliquary","Replay The Spire","Shop Mod","Spicy Shops","StSLib","SuperFastMode","The Jungle","The Necromancer","Wandering Minibosses"],"gold_per_floor":[118,134,134,134,148,148,183,195,195,208,226,10,55,87,87,192,192,206,481,499,509,509,509,282,297,297,313,93,93],"floor_reached":28,"language":"ENG","playtime":5283,"items_purged":[],"score":282,"play_id":"2421db5c-0583-43cf-85be-b5c8f71f4fb8","local_time":"20210214215336","is_ascension_mode":false,"campfire_choices":[{"data":"Death_March_Dance","floor":6,"key":"SMITH"},{"data":"Summon_Lich","floor":15,"key":"SMITH"},{"data":"Summon_Vampire_Lady","floor":23,"key":"SMITH"}],"circlet_count":0,"master_deck":["Strike_W","Strike_W","Strike_W","Strike_W","Defend_W","Defend_W+1","Defend_W","Defend_W","Negative_Energy_Arrows","Bone_Wall","Plague_Bolt","Toxic_Smoke_Screen","Bone_Armory","Death_March_Dance+1","Detonate_Bones","Bone_Armor","Summon_Undead","Spectral_Walk","Summon_Lich+1","Summon_Vampire_Lady+1","Pandemic","Regret","Bone_Armory","Bone_Armory","CurseOfTheBell"],"relics":["Brimstone","Sizzling Blood","Solar Panel","conspire:BottledYoYo","Byrd Skull","Iron Core","Ring of Shattering","Calling Bell","infinitespire:EmptyRelic","infinitespire:EmptyRelic","infinitespire:EmptyRelic","infinitespire:EmptyRelic","infinitespire:Chaos","reliquary:FerryPass","Gremlin Horn","reliquary:OuijaBoard"],"acts_visited":["Exordium","Exordium"],"potions_floor_usage":[7,27],"damage_taken":[{"damage":0,"enemies":"Small Slimes","floor":1,"turns":3},{"damage":1,"enemies":"Jaw Worm","floor":2,"turns":4},{"damage":0,"enemies":"2 Louse","floor":5,"turns":3},{"damage":17,"enemies":"Lagavulin","floor":7,"turns":9},{"damage":0,"enemies":"Blue Slaver","floor":8,"turns":3},{"damage":6,"enemies":"3 Louse","floor":10,"turns":4},{"damage":6,"enemies":"Gremlin Gang","floor":11,"turns":7},{"damage":3,"enemies":"Replay:BlueRogue","floor":14,"turns":8},{"damage":63,"enemies":"Hexaghost","floor":16,"turns":12},{"damage":12,"enemies":"Shell Parasite","floor":18,"turns":7},{"damage":10,"enemies":"theJungle:MUSHROOMGANG","floor":20,"turns":5},{"damage":45,"enemies":"theJungle:2_Snecko_Cultists","floor":21,"turns":6},{"damage":44,"enemies":"theJungle:2_Flameangoes","floor":25,"turns":6},{"damage":14,"enemies":"theJungle:JungleHuntersEncounter","floor":27,"turns":4}],"seed_played":"8687919014001895280","potions_obtained":[{"floor":2,"key":"SkillPotion"},{"floor":8,"key":"SmokeBomb"},{"floor":14,"key":"Fire Potion"},{"floor":16,"key":"Energy Potion"},{"floor":27,"key":"LiquidMemories"}],"is_trial":false,"path_per_floor":["M","M","?","?","M","R","E","M","T","M","M","$","T","E","R","B",null,"M","?","M","M","?","R","$","M","T","M","$"],"character_chosen":"NECROMANCER","items_purchased":["MerchantsRug","Summon_Lich","Mango","reliquary:Stiletto","Lantern","infinitespire:Satchel","infinitespire:Chaos"],"campfire_rested":0,"item_purchase_floors":[12,12,12,24,24,28,28],"current_hp_per_floor":[75,75,63,63,67,67,52,54,54,60,62,76,76,75,75,14,89,88,88,89,57,57,57,57,32,32,34,38,38],"gold":93,"neow_bonus":"THREE_CARDS","is_daily":false,"chose_seed":false,"campfire_upgraded":3,"win_rate":0.0,"timestamp":1613364816,"path_taken":["M","M","?","?","M","R","E","M","T","M","M","$","?","E","R","BOSS","M","?","M","M","?","R","$","?","T","M","?"],"items_purchased_type":["Relic","Card","Relic","Relic","Relic","Relic","Relic"],"build_version":"2020-12-22","purchased_purges":0,"victory":false,"max_hp_per_floor":[75,75,75,75,75,75,75,75,75,75,75,89,89,89,89,89,89,89,89,89,89,89,89,89,89,89,89,93,93],"card_choices":[{"not_picked":["Negative_Energy_Shield","Negative_Energy_Sphere"],"picked":"Plague_Bolt","floor":0},{"not_picked":["Negative_Energy_Javelin","Bone_Shift"],"picked":"Toxic_Smoke_Screen","floor":1},{"not_picked":["Flesh_Made_Foul","Shackles_Of_Pain"],"picked":"Bone_Armory","floor":2},{"not_picked":["Necrotic_Claws","Cloudkill"],"picked":"Death_March_Dance","floor":5},{"not_picked":["Reap_The_Weak","Requiem"],"picked":"Detonate_Bones","floor":7},{"not_picked":["Negative_Energy_Shield","Necrotic_Claws"],"picked":"Bone_Armor","floor":7},{"not_picked":["Violent_Necrosis","Negative_Energy_Mist"],"picked":"Summon_Undead","floor":8},{"not_picked":["Necromantic_Selection","Necrotic_Claws"],"picked":"Spectral_Walk","floor":10},{"not_picked":["Blood_Whip","Slay_Living","Flesh_Made_Foul"],"picked":"SKIP","floor":11},{"not_picked":["Negative_Energy_Bomb","Vampiric_Strike","Negative_Energy_Sphere"],"picked":"SKIP","floor":14},{"not_picked":["Requiem","Blood_Wake"],"picked":"Summon_Vampire_Lady","floor":16},{"not_picked":["Flesh_Made_Foul+1","Negative_Energy_Javelin+1"],"picked":"Pandemic","floor":18},{"not_picked":["Bone_Spikes","Necrotic_Claws","Necromantic_Selection"],"picked":"SKIP","floor":20},{"not_picked":["Death_Coil","Bone_Shift","Epidemic"],"picked":"SKIP","floor":21},{"not_picked":["Finger_Of_Death","Necrotic_Claws+1"],"picked":"Bone_Armory","floor":25},{"not_picked":["Bone_Armor","Negative_Energy_Burst"],"picked":"Bone_Armory","floor":27}],"player_experience":939781,"relics_obtained":[{"floor":7,"key":"conspire:GiftBox"},{"floor":9,"key":"ReplayTheSpireMod:Shallot"},{"floor":13,"key":"reliquary:PartyBalloon"},{"floor":14,"key":"Toy Ornithopter"},{"floor":26,"key":"reliquary:PurpleTingedLeaf"},{"floor":28,"key":"reliquary:FerryPass"},{"floor":28,"key":"Gremlin Horn"},{"floor":28,"key":"reliquary:OuijaBoard"}],"event_choices":[{"damage_healed":0,"gold_gain":0,"player_choice":"Relic ","damage_taken":12,"max_hp_gain":0,"max_hp_loss":0,"event_name":"betterThird:BetterScrap","floor":3,"gold_loss":0,"cards_obtained":["Burning Pact"]},{"damage_healed":0,"gold_gain":275,"player_choice":"Desecrate","damage_taken":0,"max_hp_gain":0,"max_hp_loss":0,"event_name":"Golden Shrine","floor":19,"gold_loss":0,"cards_obtained":["Regret"]},{"damage_healed":0,"gold_gain":0,"player_choice":"Ignored","damage_taken":0,"max_hp_gain":0,"max_hp_loss":0,"event_name":"betterNote:BetterNote","floor":22,"gold_loss":0,"cards_obtained":["Trip"]}],"is_beta":false,"boss_relics":[{"not_picked":["Astrolabe","Snecko Eye"],"picked":"conspire:RoyalGoblet"}],"items_purged_floors":[],"is_endless":false,"potions_floor_spawned":[2,8,14,16,21,25,27],"ascension_level":0}}