{"host":"xkmvu47k9fdstweo","time":1613418820,"event":{"mods":["BaseMod","Colored Map","Conspire","Hubris","Minty Spire (QoL Compilation)","Quick Restart","Shop Mod","StSLib"],"gold_per_floor":[119,119,119,119,44,44,85,0,53,96,110,134,178,197,197,293,293,281,191,207,220,145,145,178,178,202,222,246,246,264,264,264,362,362,375,375,27,51,110,148,148,172,244,244,94,130,130,171,171,171],"floor_reached":51,"language":"ENG","playtime":1457,"items_purged":["Injury","Strike_R"],"score":1388,"play_id":"91026572-0ed7-4b3f-a734-d6899c1dcdfa","local_time":"20210215145340","is_ascension_mode":true,"campfire_choices":[{"data":"Bash","floor":6.0,"key":"SMITH"},{"data":"Rampage","floor":15.0,"key":"SMITH"},{"data":"Limit Break","floor":23.0,"key":"SMITH"},{"floor":29,"key":"REST"},{"floor":32,"key":"REST"},{"data":"Flex","floor":41,"key":"SMITH"},{"floor":49,"key":"DIG"}],"circlet_count":0,"master_deck":["AscendersBane","Strike_R","Strike_R","Defend_R","Defend_R","Defend_R","Defend_R+1","Bash+1","Thunderclap","Headbutt","Flash of Steel","Rampage+1","Flame Barrier+1","hubris:ReadiedAction","Shrug It Off","Spot Weakness+1","Limit Break+1","Flex+1","Sword Boomerang+1","True Grit+1","Burning Pact+1","Shrug It Off","Reaper","Armaments+1","Flame Barrier+1","Shockwave","Rage","Impervious","Apotheosis","Whirlwind+1"],"relics":["Burning Blood","NeowsBlessing","hubris:Icosahedron","hubris:Towel","Golden Idol","PreservedInsect","Bag of Preparation","Question Card","War Paint","conspire:SpecialSausage","Du-Vu Doll","hubris:ChampionShield","Eternal Feather","Runic Pyramid","Anchor","hubris:MysteriousPyramids","Shovel","Lantern","hubris:DeckOfHolding","Vajra","Nunchaku","hubris:PeanutButter","hubris:MedicalManual"],"acts_visited":["Exordium","TheCity","TheBeyond"],"potions_floor_usage":[33,50,50],"damage_taken":[{"damage":0.0,"enemies":"Cultist","floor":1.0,"turns":1.0},{"damage":0.0,"enemies":"3 Sentries","floor":7.0,"turns":2.0},{"damage":0.0,"enemies":"Gremlin Nob","floor":10.0,"turns":1.0},{"damage":0.0,"enemies":"Small Slimes","floor":11.0,"turns":2.0},{"damage":2.0,"enemies":"2 Louse","floor":12.0,"turns":2.0},{"damage":33.0,"enemies":"3 Sentries","floor":13.0,"turns":8.0},{"damage":0.0,"enemies":"Blue Slaver","floor":14.0,"turns":4.0},{"damage":8.0,"enemies":"Slime Boss","floor":16.0,"turns":10.0},{"damage":25.0,"enemies":"2 Thieves","floor":18.0,"turns":4.0},{"damage":19.0,"enemies":"3 Byrds","floor":20.0,"turns":5.0},{"damage":20.0,"enemies":"conspire:HollyBat","floor":21.0,"turns":7.0},{"damage":14.0,"enemies":"Slavers","floor":24.0,"turns":4.0},{"damage":1.0,"enemies":"Shelled Parasite and Fungi","floor":27.0,"turns":2.0},{"damage":18,"enemies":"3 Cultists","floor":28,"turns":4},{"damage":24,"enemies":"Snake Plant","floor":30,"turns":3},{"damage":22,"enemies":"Collector","floor":33,"turns":6},{"damage":0,"enemies":"3 Shapes","floor":35,"turns":4},{"damage":44,"enemies":"3 Darklings","floor":38,"turns":4},{"damage":19,"enemies":"2 Orb Walkers","floor":39,"turns":3},{"damage":0,"enemies":"Reptomancer","floor":40,"turns":3},{"damage":34,"enemies":"Writhing Mass","floor":42,"turns":4},{"damage":17,"enemies":"Nemesis","floor":46,"turns":5},{"damage":2,"enemies":"Giant Head","floor":48,"turns":6},{"damage":83,"enemies":"Donu and Deca","floor":50,"turns":7}],"seed_played":"-571146591816112840","potions_obtained":[{"floor":1.0,"key":"LiquidBronze"},{"floor":7.0,"key":"Dexterity Potion"},{"floor":11.0,"key":"LiquidMemories"},{"floor":16.0,"key":"Ancient Potion"},{"floor":21.0,"key":"DistilledChaos"},{"floor":24.0,"key":"GamblersBrew"},{"floor":33,"key":"CultistPotion"},{"floor":38,"key":"EssenceOfSteel"}],"is_trial":false,"path_per_floor":["M","?","?","?","$","R","E","$","T","E","M","M","E","M","R","B",null,"M","?","M","M","?","R","E","?","T","M","M","R","M","$","R","B",null,"M","T","$","M","?","E","R","M","T","?","$","E","?","E","R","B",null],"character_chosen":"IRONCLAD","items_purchased":["Flash of Steel","Eternal Feather","hubris:MysteriousPyramids","Vajra"],"campfire_rested":2,"item_purchase_floors":[8,31,37,45],"current_hp_per_floor":[78,78,78,78,78,78,80,80,80,80,80,80,53,59,59,57,74,55,55,42,28,28,28,20,20,20,25,13,37,19,3,39,23,66,72,72,72,73,60,80,80,52,52,52,52,71,71,80,80,44],"gold":171,"neow_bonus":"THREE_ENEMY_KILL","is_daily":false,"chose_seed":false,"campfire_upgraded":4,"win_rate":0.0,"timestamp":1613418820,"path_taken":["M","?","?","?","$","R","E","?","T","E","M","M","E","?","R","BOSS","M","?","M","?","?","R","E","?","T","M","M","R","M","?","R","BOSS","M","?","$","M","?","E","R","?","T","?","?","E","?","E","R","BOSS"],"items_purchased_type":["Card","Relic","Relic","Relic"],"build_version":"2020-12-22","purchased_purges":2,"victory":true,"max_hp_per_floor":[80,80,80,80,80,80,80,80,80,80,80,80,80,80,80,80,80,80,80,80,80,80,80,80,80,80,80,80,80,80,80,80,80,80,80,80,80,80,80,80,80,80,80,80,80,80,80,80,80,80],"card_choices":[{"not_picked":["Havoc","Seeing Red"],"picked":"Thunderclap","floor":1.0},{"not_picked":["Clothesline","Flex"],"picked":"Headbutt","floor":7.0},{"not_picked":["Impervious","Ghostly Armor"],"picked":"Rampage","floor":10.0},{"not_picked":["Iron Wave","Blood for Blood","Flex"],"picked":"Flame Barrier","floor":11.0},{"not_picked":["Flex","Bloodletting","Heavy Blade"],"picked":"hubris:ReadiedAction","floor":12.0},{"not_picked":["Heavy Blade","Blood for Blood","Iron Wave"],"picked":"Shrug It Off","floor":13.0},{"not_picked":["True Grit","Havoc","Disarm"],"picked":"Spot Weakness","floor":14.0},{"not_picked":["Exhume","Barricade","Offering"],"picked":"Limit Break","floor":16.0},{"not_picked":["Iron Wave","Wild Strike","Headbutt"],"picked":"Flex","floor":18.0},{"not_picked":["Twin Strike","Iron Wave","Warcry"],"picked":"Sword Boomerang+1","floor":20.0},{"not_picked":["Warcry","Feel No Pain","Fire Breathing"],"picked":"True Grit+1","floor":21.0},{"not_picked":["conspire:ExplosiveBarrier","Warcry","Headbutt","Flex"],"picked":"SKIP","floor":24.0},{"not_picked":["Carnage+1","Clothesline","Clash"],"picked":"Burning Pact","floor":27.0},{"not_picked":["Burning Pact","Iron Wave","Sword Boomerang"],"picked":"Shrug It Off","floor":28},{"not_picked":["True Grit","Twin Strike","Perfected Strike","Searing Blow"],"picked":"SKIP","floor":30},{"not_picked":["Feed","Limit Break","conspire:Purge"],"picked":"Reaper","floor":33},{"not_picked":["Searing Blow","Cleave+1","Entrench"],"picked":"Armaments+1","floor":35},{"not_picked":["Bloodletting+1","Infernal Blade","Clash+1"],"picked":"Flame Barrier+1","floor":38},{"not_picked":["Shrug It Off+1","conspire:ExplosiveBarrier","Clash+1"],"picked":"Shockwave","floor":39},{"not_picked":["True Grit","Warcry","Anger"],"picked":"Rage","floor":40},{"not_picked":["Thunderclap","Carnage","Havoc","Rampage"],"picked":"SKIP","floor":42},{"not_picked":["Demon Form","Body Slam+1","Clothesline"],"picked":"Impervious","floor":46},{"not_picked":["Flash of Steel","Secret Technique","Finesse"],"picked":"Apotheosis","floor":47},{"not_picked":["Dark Embrace","True Grit","Cleave"],"picked":"Whirlwind+1","floor":48}],"player_experience":316300,"relics_obtained":[{"floor":7.0,"key":"PreservedInsect"},{"floor":9.0,"key":"Bag of Preparation"},{"floor":10.0,"key":"Question Card"},{"floor":13.0,"key":"War Paint"},{"floor":24.0,"key":"Du-Vu Doll"},{"floor":26.0,"key":"hubris:ChampionShield"},{"floor":36,"key":"Anchor"},{"floor":39,"key":"Shovel"},{"floor":40,"key":"Lantern"},{"floor":43,"key":"hubris:DeckOfHolding"},{"floor":46,"key":"Nunchaku"},{"floor":48,"key":"hubris:PeanutButter"},{"floor":49,"key":"hubris:MedicalManual"}],"event_choices":[{"damage_healed":0.0,"max_hp_gain":0.0,"max_hp_loss":0.0,"gold_gain":0.0,"event_name":"Golden Idol","player_choice":"Take Wound","floor":4.0,"gold_loss":0.0,"damage_taken":0.0,"relics_obtained":["Golden Idol"],"cards_obtained":["Injury"]},{"cards_removed":["Strike_R"],"damage_healed":0.0,"max_hp_gain":0.0,"max_hp_loss":0.0,"gold_gain":0.0,"event_name":"Designer","player_choice":"Upgrade and Remove","floor":19.0,"gold_loss":90.0,"damage_taken":0.0,"cards_upgraded":["Spot Weakness"]},{"cards_removed":["Strike_R"],"damage_healed":0.0,"max_hp_gain":0.0,"max_hp_loss":0.0,"gold_gain":0.0,"event_name":"Beggar","player_choice":"Gave Gold","floor":22.0,"gold_loss":75.0,"damage_taken":0.0},{"damage_healed":0.0,"max_hp_gain":0.0,"max_hp_loss":0.0,"gold_gain":0.0,"event_name":"Cursed Tome","player_choice":"Ignored","floor":25.0,"gold_loss":0.0,"damage_taken":0.0},{"damage_healed":0,"gold_gain":0,"player_choice":"Fight","damage_taken":0,"max_hp_gain":0,"max_hp_loss":0,"event_name":"Mysterious Sphere","floor":39,"gold_loss":0},{"damage_healed":0,"gold_gain":0,"player_choice":"Memory 1","damage_taken":0,"max_hp_gain":0,"max_hp_loss":0,"event_name":"SensoryStone","floor":47,"gold_loss":0}],"is_beta":false,"boss_relics":[{"not_picked":["Ectoplasm","conspire:SlowCooker"],"picked":"conspire:SpecialSausage"},{"not_picked":["hubris:HollowSoul","SacredBark"],"picked":"Runic Pyramid"}],"items_purged_floors":[5,37],"is_endless":false,"potions_floor_spawned":[1,7,11,12,16,21,24,33,38,42,48],"ascension_level":13}}