{"host":"oigynbtg272c19pw","time":1613384313,"event":{"mods":["BaseMod","Colored Map","Minty Spire (QoL Compilation)","Relic Stats","Slay the Relics Exporter","StSLib"],"gold_per_floor":[116,116,35,35,35,35,64,87,123,135,157,196,208,231,243,333,345,369,391,353,365,377,377],"floor_reached":22,"playtime":791,"items_purged":[],"score":434,"play_id":"38ea0115-51a4-47db-bab6-226ec14d0754","local_time":"20210215111833","is_ascension_mode":true,"campfire_choices":[{"data":"Rainbow","floor":6.0,"key":"SMITH"},{"data":"Cold Snap","floor":10.0,"key":"SMITH"},{"data":"Defragment","floor":13,"key":"SMITH"},{"data":"Hologram","floor":15,"key":"SMITH"}],"circlet_count":0,"master_deck":["AscendersBane","Strike_B","Strike_B","Defend_B","Defend_B","Defend_B","Defend_B","Zap","Dualcast","Cold Snap+1","Rainbow+1","Hologram+1","Chill","Redo","Defragment+1","Sweeping Beam","Rainbow","Barrage+1","Go for the Eyes+1"],"relics":["Cracked Core","NeowsBlessing","MawBank","Bronze Scales","Pen Nib","Inserter"],"acts_visited":["Exordium","TheCity"],"potions_floor_usage":[22],"damage_taken":[{"damage":0.0,"enemies":"Jaw Worm","floor":1.0,"turns":1.0},{"damage":0.0,"enemies":"Lagavulin","floor":7.0,"turns":1.0},{"damage":0.0,"enemies":"Cultist","floor":8.0,"turns":1.0},{"damage":2,"enemies":"2 Louse","floor":11,"turns":2},{"damage":30,"enemies":"3 Sentries","floor":12,"turns":9},{"damage":0,"enemies":"Blue Slaver","floor":14,"turns":3},{"damage":19,"enemies":"Hexaghost","floor":16,"turns":9},{"damage":18,"enemies":"Chosen","floor":18,"turns":7},{"damage":21,"enemies":"Shell Parasite","floor":19,"turns":4},{"damage":21,"enemies":"Snake Plant","floor":22,"turns":2}],"seed_played":"6625200404407399821","potions_obtained":[{"floor":11,"key":"PotionOfCapacity"},{"floor":12,"key":"PowerPotion"},{"floor":18,"key":"Explosive Potion"}],"is_trial":false,"path_per_floor":["M","?","$","$","?","R","E","M","T","R","M","E","R","M","R","B",null,"M","M","?","$","M"],"character_chosen":"DEFECT","items_purchased":["Rainbow"],"campfire_rested":0,"item_purchase_floors":[3],"current_hp_per_floor":[64,64,64,64,57,57,57,57,57,57,55,25,25,25,25,6,55,37,16,16,16,0,0],"gold":377,"neow_bonus":"THREE_ENEMY_KILL","is_daily":false,"chose_seed":false,"campfire_upgraded":4,"win_rate":0.0,"timestamp":1613384313,"path_taken":["M","?","?","$","?","R","E","M","T","R","M","E","R","M","R","BOSS","M","M","?","$","?"],"items_purchased_type":["Card"],"build_version":"2020-12-13","purchased_purges":0,"victory":false,"max_hp_per_floor":[71,71,71,71,71,71,71,71,71,71,71,71,71,71,71,71,71,71,71,71,71,71,71],"relic_stats":{"Inserter":[6],"counters":[10,39],"Bronze Scales":[113],"Pen Nib":[1],"MawBank":180,"obtain_stats":[{"Inserter":17,"NeowsBlessing":0,"Bronze Scales":9,"Pen Nib":12,"Cracked Core":0,"MawBank":7},{"Inserter":7,"NeowsBlessing":0,"Bronze Scales":3,"Pen Nib":5,"Cracked Core":0,"MawBank":2},{"Inserter":26,"NeowsBlessing":0,"Bronze Scales":3,"Pen Nib":14,"Cracked Core":0,"MawBank":2}]},"card_choices":[{"not_picked":["Coolheaded","Loop"],"picked":"Cold Snap","floor":1.0},{"not_picked":["White Noise","Reprogram"],"picked":"Hologram","floor":7.0},{"not_picked":["Gash","Reprogram"],"picked":"Chill","floor":8.0},{"not_picked":["Streamline","Leap"],"picked":"Redo","floor":11},{"not_picked":["Fusion","Tempest"],"picked":"Defragment","floor":12},{"not_picked":["Hologram","Sunder"],"picked":"Sweeping Beam","floor":14},{"not_picked":["Reboot","Hyperbeam"],"picked":"Rainbow","floor":16},{"not_picked":["Ball Lightning","Cold Snap"],"picked":"Barrage+1","floor":18},{"not_picked":["Cold Snap","Coolheaded"],"picked":"Go for the Eyes+1","floor":19}],"player_experience":1609725,"relics_obtained":[{"floor":7.0,"key":"MawBank"},{"floor":9.0,"key":"Bronze Scales"},{"floor":12,"key":"Pen Nib"}],"event_choices":[{"cards_removed":["Strike_B"],"damage_healed":0.0,"max_hp_gain":0.0,"max_hp_loss":0.0,"gold_gain":0.0,"event_name":"Bonfire Elementals","player_choice":"Offered Basic","floor":2.0,"gold_loss":0.0,"damage_taken":0.0},{"cards_removed":["Strike_B"],"damage_healed":0.0,"max_hp_gain":0.0,"max_hp_loss":0.0,"gold_gain":0.0,"event_name":"Golden Wing","player_choice":"Card Removal","floor":5.0,"gold_loss":0.0,"damage_taken":7.0},{"damage_healed":0,"gold_gain":0,"player_choice":"Bet on Murderer","damage_taken":0,"max_hp_gain":0,"max_hp_loss":0,"event_name":"The Joust","floor":20,"gold_loss":50}],"is_beta":false,"boss_relics":[{"not_picked":["Fusion Hammer","Runic Dome"],"picked":"Inserter"}],"items_purged_floors":[],"is_endless":false,"potions_floor_spawned":[11,12,18,19],"killed_by":"Snake Plant","ascension_level":20}}