{"host":"z7iqwv4hfwwvhc2n","time":1613414382,"event":{"mods":["2.2 Compatiblity","BaseMod","Better Third Choice","BetterRewards","Colored Powertips","Minty Spire (QoL Compilation)","Relic Filter","StSLib","The Cursed"],"gold_per_floor":[115,128,128,128,144,176,176,191,241,0,20,20,39,57,57,156,156,172,159,175,193,212,212,212,212,212,243,257,288,298,316,316,412,412,432,432,451,466,688,688,721,735,735,735,735,750,765,781,781,781],"floor_reached":51,"language":"JPN","playtime":3265,"items_purged":[],"score":979,"play_id":"6ccbb49c-97ff-415b-9b6a-ecd57a70c229","local_time":"20210216033942","is_ascension_mode":false,"campfire_choices":[{"data":"Hologram","floor":7,"key":"SMITH"},{"floor":15,"key":"REST"},{"floor":23,"key":"REST"},{"floor":25,"key":"REST"},{"data":"Terror","floor":32,"key":"SMITH"},{"data":"Fusion","floor":40,"key":"SMITH"},{"floor":44,"key":"REST"},{"floor":49,"key":"REST"}],"circlet_count":0,"master_deck":["Strike_B","Strike_B","Strike_B","Strike_B","Defend_B","Defend_B","Defend_B","Zap","Dualcast","Hologram+1","Lockon","Coolheaded","Conserve Battery","Cold Snap","Fusion+1","Redo","Static Discharge","WaveOfTheHand","Finesse","Auto Shields","Impervious","Flying Knee+1","Dramatic Entrance+1","Ghostly Armor","Dramatic Entrance+1","Jack Of All Trades+1","Cleave+1","Terror+1","Outmaneuver+1","Iron Wave+1","Parasite","Escape Plan+1","FollowUp+1","Static Discharge+1","Madness","Madness","Slice+1","Melter+1","SignatureMove","Dash","TheCursedMod:CursedRelics","Cold Snap+1"],"relics":["Cracked Core","Vajra","Thread and Needle","Enchiridion","Lizard Tail","Ice Cream","PrismaticShard","Red Mask","Happy Flower","Shuriken","Bird Faced Urn","Nloth\u0027s Gift","NeowsBlessing","Orichalcum","WarpedTongs","Prayer Wheel"],"acts_visited":["Exordium","TheCity","TheBeyond"],"potions_floor_usage":[16,16,27,29,38,38,41,41,46,47],"damage_taken":[{"damage":0,"enemies":"2 Louse","floor":1,"turns":3},{"damage":0,"enemies":"Jaw Worm","floor":2,"turns":3},{"damage":0,"enemies":"Small Slimes","floor":5,"turns":2},{"damage":14,"enemies":"Gremlin Nob","floor":6,"turns":4},{"damage":4,"enemies":"Exordium Wildlife","floor":8,"turns":3},{"damage":0,"enemies":"Red Slaver","floor":11,"turns":4},{"damage":5,"enemies":"Blue Slaver","floor":13,"turns":3},{"damage":0,"enemies":"Looter","floor":14,"turns":2},{"damage":3,"enemies":"The Guardian","floor":16,"turns":13},{"damage":8,"enemies":"Spheric Guardian","floor":18,"turns":5},{"damage":7,"enemies":"2 Thieves","floor":19,"turns":4},{"damage":5,"enemies":"Snake Plant","floor":20,"turns":7},{"damage":9,"enemies":"Shelled Parasite and Fungi","floor":21,"turns":10},{"damage":13,"enemies":"Centurion and Healer","floor":22,"turns":9},{"damage":7,"enemies":"Slavers","floor":27,"turns":6},{"damage":2,"enemies":"Snecko","floor":28,"turns":5},{"damage":2,"enemies":"Book of Stabbing","floor":29,"turns":6},{"damage":0,"enemies":"3 Cultists","floor":30,"turns":1},{"damage":0,"enemies":"Snake Plant","floor":31,"turns":1},{"damage":0,"enemies":"Automaton","floor":33,"turns":1},{"damage":5,"enemies":"3 Darklings","floor":35,"turns":4},{"damage":0,"enemies":"Orb Walker","floor":37,"turns":2},{"damage":19,"enemies":"Writhing Mass","floor":38,"turns":6},{"damage":29,"enemies":"Giant Head","floor":41,"turns":10},{"damage":33,"enemies":"Sphere and 2 Shapes","floor":42,"turns":4},{"damage":18,"enemies":"Spire Growth","floor":46,"turns":4},{"damage":26,"enemies":"Writhing Mass","floor":47,"turns":5},{"damage":14,"enemies":"Sphere and 2 Shapes","floor":48,"turns":4},{"damage":104,"enemies":"Awakened One","floor":50,"turns":9}],"seed_played":"5998893251815485523","potions_obtained":[{"floor":2,"key":"SteroidPotion"},{"floor":11,"key":"Block Potion"},{"floor":13,"key":"PotionOfCapacity"},{"floor":19,"key":"Weak Potion"},{"floor":21,"key":"LiquidBronze"},{"floor":29,"key":"Swift Potion"},{"floor":30,"key":"LiquidBronze"},{"floor":31,"key":"FairyPotion"},{"floor":38,"key":"EntropicBrew"},{"floor":41,"key":"SkillPotion"},{"floor":42,"key":"LiquidBronze"},{"floor":46,"key":"FairyPotion"}],"is_trial":false,"path_per_floor":["M","M","?","?","M","E","R","M","T","$","M","?","M","M","R","B",null,"M","M","M","M","M","R","?","R","T","E","M","E","M","M","R","B",null,"M","?","M","M","?","R","E","M","T","R","?","M","M","M","R","B",null],"character_chosen":"DEFECT","items_purchased":["Thread and Needle","Enchiridion","Lizard Tail","Hologram","Happy Flower","Redo","Static Discharge"],"campfire_rested":5,"item_purchase_floors":[0,0,0,0,10,10,10],"current_hp_per_floor":[75,75,75,63,63,49,49,45,45,45,45,38,33,33,55,52,75,67,60,55,46,33,55,55,75,75,68,68,72,72,72,72,72,75,72,72,75,62,62,62,39,10,10,32,23,9,22,12,34,16],"gold":781,"neow_bonus":"","is_daily":false,"chose_seed":false,"campfire_upgraded":3,"win_rate":0.0,"timestamp":1613414382,"path_taken":["M","M","?","?","M","E","R","M","T","?","M","?","M","M","R","BOSS","M","M","M","M","M","R","?","R","T","E","M","E","M","M","R","BOSS","M","?","M","M","?","R","E","M","T","R","?","M","M","?","R","BOSS"],"items_purchased_type":["Relic","Relic","Relic","Card","Relic","Card","Card"],"build_version":"2020-12-22","purchased_purges":0,"victory":true,"max_hp_per_floor":[75,75,75,75,75,75,75,75,75,75,75,75,75,75,75,75,75,75,75,75,75,75,75,75,75,75,75,75,75,75,75,75,75,75,75,75,75,75,75,75,75,75,75,75,75,75,75,75,75,75],"card_choices":[{"not_picked":["Sunder","Gash"],"picked":"Lockon","floor":1},{"not_picked":["Loop","Go for the Eyes"],"picked":"Coolheaded","floor":2},{"not_picked":["Leap","Stack"],"picked":"Conserve Battery","floor":5},{"not_picked":["Scrape","Darkness"],"picked":"Cold Snap","floor":6},{"not_picked":["Tactician","TheCursedMod:Obscuration"],"picked":"Fusion","floor":8},{"not_picked":["Fasting2","Ragnarok"],"picked":"WaveOfTheHand","floor":11},{"not_picked":["Turbo","TheCursedMod:CursedAmulet"],"picked":"Finesse","floor":13},{"not_picked":["Discovery","Hologram"],"picked":"Auto Shields","floor":14},{"not_picked":["MasterReality","TheCursedMod:NeowsMight"],"picked":"Impervious","floor":16},{"not_picked":["Wild Strike+1","TheCursedMod:CursedMace"],"picked":"Acrobatics+1","floor":18},{"not_picked":["FlurryOfBlows","EmptyFist+1"],"picked":"Flying Knee+1","floor":19},{"not_picked":["Cleave","TheCursedMod:WearCloak"],"picked":"Dramatic Entrance+1","floor":20},{"not_picked":["Wallop","TheCursedMod:Stretching"],"picked":"Ghostly Armor","floor":21},{"not_picked":["FlurryOfBlows","PiercingWail","Armaments"],"picked":"SKIP","floor":22},{"not_picked":["Havoc","EmptyMind"],"picked":"Jack Of All Trades+1","floor":27},{"not_picked":["Transmutation","TheCursedMod:SpitefulPray"],"picked":"Cleave+1","floor":28},{"not_picked":["Discovery","Backstab"],"picked":"Terror","floor":29},{"not_picked":["TheCursedMod:Wield","Warcry","WaveOfTheHand"],"picked":"SKIP","floor":30},{"not_picked":["Shockwave","Reinforced Body+1"],"picked":"Outmaneuver+1","floor":31},{"not_picked":["TheCursedMod:VoidForm","TheCursedMod:AshesToAshes","Power Through+1"],"picked":"SKIP","floor":35},{"not_picked":["Crescendo","Purity"],"picked":"Iron Wave+1","floor":37},{"not_picked":["FlyingSleeves+1","Turbo+1"],"picked":"Escape Plan+1","floor":38},{"not_picked":["Creative AI","CutThroughFate+1"],"picked":"FollowUp+1","floor":41},{"not_picked":["Flame Barrier+1","Secret Technique"],"picked":"Static Discharge+1","floor":42},{"not_picked":["TheCursedMod:WearCloak+1","FTL"],"picked":"Slice+1","floor":46},{"not_picked":["TheCursedMod:CursedShiv+1","Tantrum"],"picked":"Melter+1","floor":46},{"not_picked":["TheCursedMod:SmokeScreen+1","Rip and Tear+1"],"picked":"SignatureMove","floor":47},{"not_picked":["Flying Knee","Leap"],"picked":"Dash","floor":47},{"not_picked":["Perfected Strike+1","Searing Blow"],"picked":"TheCursedMod:CursedRelics","floor":48},{"not_picked":["BattleHymn","Pummel+1"],"picked":"Cold Snap+1","floor":48}],"player_experience":64687,"relics_obtained":[{"floor":6,"key":"PrismaticShard"},{"floor":9,"key":"Red Mask"},{"floor":26,"key":"Bird Faced Urn"},{"floor":27,"key":"Nloth\u0027s Gift"},{"floor":29,"key":"NeowsBlessing"},{"floor":41,"key":"WarpedTongs"},{"floor":43,"key":"Prayer Wheel"}],"event_choices":[{"damage_healed":0,"gold_gain":0,"player_choice":"Ignored","damage_taken":0,"max_hp_gain":0,"max_hp_loss":0,"event_name":"Golden Idol","floor":3,"gold_loss":0},{"damage_healed":0,"gold_gain":0,"player_choice":"Relic ","damage_taken":12,"max_hp_gain":0,"max_hp_loss":0,"event_name":"betterThird:BetterScrap","floor":4,"gold_loss":0,"cards_obtained":["DeusExMachina"]},{"cards_removed":["Defend_B"],"damage_healed":0,"gold_gain":0,"player_choice":"Card Removal","damage_taken":7,"max_hp_gain":0,"max_hp_loss":0,"event_name":"Golden Wing","floor":12,"gold_loss":0},{"damage_healed":0,"gold_gain":0,"player_choice":"Copied","damage_taken":0,"max_hp_gain":0,"max_hp_loss":0,"event_name":"Duplicator","floor":24,"gold_loss":0,"cards_obtained":["Dramatic Entrance"]},{"cards_removed":["Acrobatics"],"damage_healed":0,"gold_gain":0,"player_choice":"Removed Skill","damage_taken":0,"max_hp_gain":0,"max_hp_loss":0,"event_name":"Falling","floor":36,"gold_loss":0},{"damage_healed":0,"gold_gain":222,"player_choice":"Wore Mask","damage_taken":0,"max_hp_gain":0,"max_hp_loss":0,"event_name":"Tomb of Lord Red Mask","floor":39,"gold_loss":0},{"damage_healed":0,"gold_gain":0,"player_choice":"Embrace Madness","damage_taken":9,"max_hp_gain":0,"max_hp_loss":0,"event_name":"Winding Halls","floor":45,"gold_loss":0,"cards_obtained":["Madness","Madness"]}],"is_beta":false,"boss_relics":[{"not_picked":["Sundial","Ornamental Fan"],"picked":"Shuriken"},{"not_picked":["Circlet","Circlet"],"picked":"Orichalcum"}],"items_purged_floors":[],"is_endless":false,"potions_floor_spawned":[2,11,13,19,21,22,29,30,31,38,41,42,46],"ascension_level":0}}