{"host":"ibgtsljv18d2rnte","time":1613365667,"event":{"mods":["AchievementEnabler","BaseMod","Better Match","Hermit","Koishi","Marisa????????","Minty Spire (QoL Compilation)","StSLib","The Servant 0.9.4","Waifu the Spire","Yakumo Yukari mod","everything is the same but u backflip on backflip","slay the spire mod where everything is the same but ironclad has a cowboy hat"],"gold_per_floor":[110,123,123,298,298,329,339,339,364,42,59,73,108,134,146,255,267,297,66,80,94,26,26,26,0,0,0,12,23,42,42,42,42,42],"floor_reached":33,"language":"ENG","playtime":1110,"items_purged":["Strike_B"],"score":284,"play_id":"b6b7592f-4a68-49ca-9ad8-5ebb72da0aa9","local_time":"20210214220747","is_ascension_mode":false,"campfire_choices":[{"data":"Double Energy","floor":8,"key":"SMITH"},{"floor":15,"key":"REST"},{"floor":23,"key":"REST"},{"floor":32,"key":"REST"}],"circlet_count":0,"master_deck":["Strike_B","Strike_B","Defend_B","Defend_B","Defend_B","Defend_B","Zap","Dualcast","Chill","Double Energy+1","Doubt","All For One","Ball Lightning","Defragment","Genetic Algorithm","Gash","Redo","Electrodynamics","Redo","Defragment+1","Defragment","Loop+1","Ball Lightning+1","Gash+1"],"relics":["Cracked Core","NeowsBlessing","PreservedInsect","Nunchaku","Bottled Flame","MawBank","SlaversCollar","Toxic Egg 2","Bottled Tornado"],"acts_visited":["Exordium","TheCity"],"potions_floor_usage":[13,16,21,29,29,30,30,33,33,33],"damage_taken":[{"damage":0,"enemies":"Cultist","floor":1,"turns":1},{"damage":0,"enemies":"Small Slimes","floor":2,"turns":1},{"damage":0,"enemies":"Lagavulin","floor":6,"turns":1},{"damage":8,"enemies":"2 Louse","floor":7,"turns":2},{"damage":8,"enemies":"Looter","floor":11,"turns":3},{"damage":11,"enemies":"2 Fungi Beasts","floor":12,"turns":3},{"damage":8,"enemies":"Gremlin Nob","floor":13,"turns":3},{"damage":16,"enemies":"Blue Slaver","floor":14,"turns":3},{"damage":44,"enemies":"Hexaghost","floor":16,"turns":10},{"damage":39,"enemies":"2 Thieves","floor":18,"turns":4},{"damage":17,"enemies":"Spheric Guardian","floor":20,"turns":4},{"damage":7,"enemies":"Shelled Parasite and Fungi","floor":21,"turns":7},{"damage":8,"enemies":"3 Cultists","floor":28,"turns":3},{"damage":21,"enemies":"Snake Plant","floor":29,"turns":4},{"damage":28,"enemies":"Sentry and Sphere","floor":30,"turns":4},{"damage":39,"enemies":"Champ","floor":33,"turns":6}],"seed_played":"-6132549865141714076","potions_obtained":[{"floor":6,"key":"Fire Potion"},{"floor":7,"key":"SpeedPotion"},{"floor":13,"key":"BlessingOfTheForge"},{"floor":14,"key":"Energy Potion"},{"floor":20,"key":"FocusPotion"},{"floor":28,"key":"EntropicBrew"},{"floor":30,"key":"EssenceOfSteel"}],"is_trial":false,"path_per_floor":["M","M","?","?","?","E","M","R","T","$","M","M","E","M","R","B",null,"M","$","M","M","$","R","?","?","T","?","M","M","M","$","R","B"],"character_chosen":"DEFECT","items_purchased":["Bottled Flame","Toxic Egg 2","Defragment"],"campfire_rested":3,"item_purchase_floors":[10,19,22],"current_hp_per_floor":[75,75,75,75,80,80,72,72,72,72,64,53,45,29,53,9,80,41,41,24,17,17,41,32,32,32,58,50,29,13,13,37,0,0],"gold":42,"neow_bonus":"THREE_ENEMY_KILL","is_daily":false,"chose_seed":false,"campfire_upgraded":1,"win_rate":0.0,"timestamp":1613365667,"path_taken":["M","?","?","?","?","E","M","R","T","$","M","M","E","M","R","BOSS","M","$","M","M","$","R","?","?","T","?","M","?","M","$","R","BOSS"],"items_purchased_type":["Relic","Relic","Card"],"build_version":"2020-12-22","purchased_purges":1,"victory":false,"max_hp_per_floor":[75,75,75,75,80,80,80,80,80,80,80,80,80,80,80,80,80,80,80,80,80,80,80,80,80,80,80,80,80,80,80,80,80,80],"card_choices":[{"not_picked":["Coolheaded","Storm"],"picked":"Chill","floor":1},{"not_picked":["Steam","Barrage"],"picked":"Double Energy","floor":2},{"not_picked":["Sweeping Beam","Leap"],"picked":"All For One","floor":6},{"not_picked":["Tempest","Leap"],"picked":"Ball Lightning","floor":7},{"not_picked":["Compile Driver","Ball Lightning"],"picked":"Defragment","floor":11},{"not_picked":["Go for the Eyes","Lockon"],"picked":"Genetic Algorithm","floor":12},{"not_picked":["Reprogram","Hologram"],"picked":"Gash","floor":13},{"not_picked":["Coolheaded","Streamline"],"picked":"Redo","floor":14},{"not_picked":["All For One","Rainbow"],"picked":"Electrodynamics","floor":16},{"not_picked":["Coolheaded","Chill"],"picked":"Redo","floor":18},{"not_picked":["Gash","Go for the Eyes"],"picked":"Defragment+1","floor":20},{"not_picked":["Fusion+1","Doom and Gloom","Sweeping Beam"],"picked":"SKIP","floor":21},{"not_picked":["Cold Snap","Streamline"],"picked":"Loop+1","floor":28},{"not_picked":["Streamline","Gash"],"picked":"Ball Lightning+1","floor":29},{"not_picked":["White Noise+1","Steam Power+1"],"picked":"Gash+1","floor":30}],"player_experience":91806,"relics_obtained":[{"floor":6,"key":"PreservedInsect"},{"floor":9,"key":"Nunchaku"},{"floor":13,"key":"MawBank"},{"floor":26,"key":"Bottled Tornado"}],"event_choices":[{"cards_removed":["Strike_B"],"damage_healed":0,"gold_gain":0,"player_choice":"Forget","damage_taken":0,"max_hp_gain":0,"max_hp_loss":0,"event_name":"Living Wall","floor":3,"gold_loss":0},{"damage_healed":0,"gold_gain":175,"player_choice":"AGREE","damage_taken":0,"max_hp_gain":0,"max_hp_loss":0,"event_name":"Liars Game","floor":4,"gold_loss":0,"cards_obtained":["Doubt"]},{"damage_healed":0,"gold_gain":0,"player_choice":"Donut","damage_taken":0,"max_hp_gain":5,"max_hp_loss":0,"event_name":"Big Fish","floor":5,"gold_loss":0},{"damage_healed":0,"gold_gain":0,"player_choice":"Stopped","damage_taken":9,"max_hp_gain":0,"max_hp_loss":0,"event_name":"Cursed Tome","floor":24,"gold_loss":0},{"damage_healed":0,"gold_gain":0,"player_choice":"Paid Fearfully","damage_taken":0,"max_hp_gain":0,"max_hp_loss":0,"event_name":"Masked Bandits","floor":25,"gold_loss":26},{"damage_healed":26,"gold_gain":0,"player_choice":"Heal","damage_taken":0,"max_hp_gain":0,"max_hp_loss":0,"event_name":"The Library","floor":27,"gold_loss":0}],"is_beta":false,"boss_relics":[{"not_picked":["Ectoplasm","Runic Dome"],"picked":"SlaversCollar"}],"items_purged_floors":[10],"is_endless":false,"potions_floor_spawned":[6,7,13,14,20,28,30],"killed_by":"Champ","ascension_level":0}}