{"host":"1lwxixhv2lzh5ag1","time":1613357716,"event":{"mods":["AchievementEnabler","BaseMod","Bestiary","Better Altar","Better Match","Better Note","Better Sensory Stone","Better Silent Start","Better Skull","Better Third Choice","BetterRewards","Colored Map","Colored Powertips","DeckTracker","Displayed Cursed Tome","Downfall","Fox Events","Hubris","Minty Spire (QoL Compilation)","Permanent Neow","Relic Stats","Reliquary","Replay The Spire","Spire Arcade","StSLib","Td1madao Mod","The Blue Laboratory","Uncapped","Waifu the Spire"],"gold_per_floor":[111,111,111,126,151,194,194,218,295,318,338,353,373,394,394,394,394],"floor_reached":16,"language":"ENG","playtime":608,"items_purged":[],"score":108,"play_id":"40c670bd-c837-4df0-bffa-f8d28545730e","local_time":"20210214215516","is_ascension_mode":false,"campfire_choices":[{"floor":7,"key":"REST"},{"floor":15,"key":"REST"}],"circlet_count":0,"master_deck":["Strike_G","Strike_G","Strike_G","Strike_G","Defend_G","Defend_G","Defend_G","Defend_G","Survivor","Neutralize","Draining Mist","Injury","Blade Dance","Poisoned Stab","Bouncing Flask","Dodge and Roll","Outmaneuver","Deadly Poison","Dagger Throw","Deadly Poison","Poisoned Stab"],"relics":["Ring of the Snake","NeowsBlessing","Golden Idol","Basket Of Snakes","reliquary:TridentHead"],"acts_visited":["Exordium"],"potions_floor_usage":[5,11,13],"damage_taken":[{"damage":0,"enemies":"Small Slimes","floor":1,"turns":1},{"damage":0,"enemies":"2 Louse","floor":4,"turns":1},{"damage":0,"enemies":"Cultist","floor":5,"turns":1},{"damage":40,"enemies":"Lagavulin","floor":6,"turns":7},{"damage":7,"enemies":"Lots of Slimes","floor":8,"turns":4},{"damage":0,"enemies":"Gremlin Gang","floor":10,"turns":3},{"damage":8,"enemies":"Exordium Thugs","floor":11,"turns":5},{"damage":0,"enemies":"Red Slaver","floor":12,"turns":4},{"damage":16,"enemies":"Large Slime","floor":13,"turns":4},{"damage":0,"enemies":"3 Louse","floor":14,"turns":3},{"damage":42,"enemies":"Slime Boss","floor":16,"turns":7}],"seed_played":"4462197390401318665","potions_obtained":[{"floor":4,"key":"blueLaboratory:FruitPunch"},{"floor":6,"key":"PowerPotion"},{"floor":8,"key":"blueLaboratory:ArtistsPotion"},{"floor":11,"key":"blueLaboratory:BubblePotion"}],"is_trial":false,"path_per_floor":["M","?","?","M","M","E","R","M","T","M","M","M","M","M","R","B"],"character_chosen":"THE_SILENT","items_purchased":[],"campfire_rested":2,"item_purchase_floors":[],"current_hp_per_floor":[70,70,63,63,65,25,46,39,39,39,31,31,15,15,36,0,0],"gold":394,"neow_bonus":"THREE_ENEMY_KILL","is_daily":false,"chose_seed":false,"campfire_upgraded":0,"win_rate":0.0,"timestamp":1613357716,"path_taken":["M","?","?","M","M","E","R","M","T","M","M","?","M","M","R","BOSS"],"items_purchased_type":[],"build_version":"2020-12-22","purchased_purges":0,"victory":false,"max_hp_per_floor":[70,70,70,70,72,72,72,72,72,72,72,72,72,72,72,72,72],"relic_stats":{"counters":[11,40],"Golden Idol":42,"obtain_stats":[{"reliquary:TridentHead":9,"NeowsBlessing":0,"Golden Idol":2,"Basket Of Snakes":6,"Ring of the Snake":0},{"reliquary:TridentHead":5,"NeowsBlessing":0,"Golden Idol":1,"Basket Of Snakes":4,"Ring of the Snake":0},{"reliquary:TridentHead":14,"NeowsBlessing":0,"Golden Idol":1,"Basket Of Snakes":10,"Ring of the Snake":0}],"Ring of the Snake":[55]},"card_choices":[{"not_picked":["Outmaneuver","Choke"],"picked":"Draining Mist","floor":1},{"not_picked":["Endless Agony","PiercingWail"],"picked":"Blade Dance","floor":4},{"not_picked":["Deflect","Well Laid Plans"],"picked":"Poisoned Stab","floor":5},{"not_picked":["Eviscerate","ReplayTheSpireMod:The Works"],"picked":"Bouncing Flask","floor":6},{"not_picked":["ReplayTheSpireMod:The Works","Blade Dance"],"picked":"Dodge and Roll","floor":8},{"not_picked":["Night Terror","Dagger Throw"],"picked":"Outmaneuver","floor":10},{"not_picked":["Backflip","Slice"],"picked":"Deadly Poison","floor":11},{"not_picked":["Finisher","Reflex"],"picked":"Dagger Throw","floor":12},{"not_picked":["Malaise","Flying Knee"],"picked":"Deadly Poison","floor":13},{"not_picked":["Bouncing Flask","Prepared"],"picked":"Poisoned Stab","floor":14}],"player_experience":29999,"relics_obtained":[{"floor":6,"key":"Basket Of Snakes"},{"floor":9,"key":"reliquary:TridentHead"}],"event_choices":[{"damage_healed":0,"gold_gain":0,"player_choice":"Take Wound","damage_taken":0,"relics_obtained":["Golden Idol"],"max_hp_gain":0,"max_hp_loss":0,"event_name":"Golden Idol","floor":2,"gold_loss":0,"cards_obtained":["Injury"]},{"damage_healed":0,"gold_gain":0,"player_choice":"Damaged","damage_taken":7,"max_hp_gain":0,"max_hp_loss":0,"event_name":"Wheel of Change","floor":3,"gold_loss":0}],"is_beta":false,"boss_relics":[],"items_purged_floors":[],"is_endless":false,"potions_floor_spawned":[4,6,8,11],"killed_by":"Slime Boss","ascension_level":0}}