{"host":"cjhtzh7tp54jdfyv","time":1613392397,"event":{"mods":["AchievementEnabler","BaseMod","Colored Map","Colored Powertips","Curses Come First","DeckTracker","Minty Spire (QoL Compilation)","RNG Fix","Relic Sorter","Relic Stats","StSLib","UnlockEverythingMod","ojb\u0027s Better Paths Mod","ojb\u0027s Info Mod"],"gold_per_floor":[110,122,122,42,42,67,80,108,108,124,158,2,27,27,27,27,27],"floor_reached":16,"language":"ENG","playtime":994,"items_purged":["Defend_P"],"score":456,"play_id":"40508f59-1752-4fc3-a787-5474a6fb0f2f","local_time":"20210215073317","is_ascension_mode":true,"campfire_choices":[{"floor":15,"key":"REST"}],"circlet_count":0,"master_deck":["AscendersBane","Strike_P","Strike_P+1","Strike_P+1","Strike_P","Defend_P","Defend_P","Eruption+1","Vigilance","Consecrate","Adaptation","FollowUp","Conclude","CutThroughFate","FearNoEvil","Vault","FlurryOfBlows"],"relics":["Fusion Hammer","Orichalcum","Bottled Flame","Question Card","Blood Vial","Lantern"],"acts_visited":["Exordium"],"potions_floor_usage":[6,11,16],"damage_taken":[{"damage":4,"enemies":"Jaw Worm","floor":1,"turns":3},{"damage":0,"enemies":"Cultist","floor":2,"turns":4},{"damage":18,"enemies":"3 Sentries","floor":6,"turns":5},{"damage":7,"enemies":"Small Slimes","floor":7,"turns":3},{"damage":2,"enemies":"Gremlin Nob","floor":8,"turns":3},{"damage":1,"enemies":"Gremlin Gang","floor":10,"turns":2},{"damage":0,"enemies":"Lagavulin","floor":11,"turns":4},{"damage":0,"enemies":"Gremlin Nob","floor":13,"turns":3}],"seed_played":"-4794964273067336642","potions_obtained":[{"floor":1,"key":"EssenceOfSteel"},{"floor":6,"key":"LiquidMemories"}],"is_trial":false,"path_per_floor":["M","M","?","$","?","E","M","E","T","M","E","$","E","?","R","B"],"character_chosen":"WATCHER","items_purchased":["Adaptation","FlurryOfBlows","Strength Potion"],"campfire_rested":1,"item_purchase_floors":[4,12,12],"current_hp_per_floor":[57,57,57,57,50,32,25,23,23,22,22,22,24,4,24,0,0],"gold":27,"neow_bonus":"BOSS_RELIC","is_daily":false,"chose_seed":false,"campfire_upgraded":0,"win_rate":0.0,"timestamp":1613392397,"path_taken":["M","M","?","$","?","E","M","E","T","M","E","$","E","?","R","BOSS"],"items_purchased_type":["Card","Card","Potion"],"build_version":"2020-12-22","purchased_purges":1,"victory":false,"max_hp_per_floor":[68,68,68,68,68,68,68,68,68,68,68,68,68,68,68,68,68],"relic_stats":{"Blood Vial":4,"counters":[9,34],"Orichalcum":[78],"Question Card":3,"obtain_stats":[{"Blood Vial":11,"Bottled Flame":8,"Lantern":13,"Fusion Hammer":0,"PureWater":0,"Orichalcum":6,"Question Card":9},{"Blood Vial":7,"Bottled Flame":5,"Lantern":8,"Fusion Hammer":0,"PureWater":0,"Orichalcum":3,"Question Card":5},{"Blood Vial":24,"Bottled Flame":18,"Lantern":27,"Fusion Hammer":0,"PureWater":0,"Orichalcum":12,"Question Card":18}]},"card_choices":[{"not_picked":["Swivel","PathToVictory","MentalFortress"],"picked":"SKIP","floor":1},{"not_picked":["ThirdEye","Halt"],"picked":"Consecrate","floor":2},{"not_picked":["EmptyBody","Evaluate"],"picked":"FollowUp","floor":6},{"not_picked":["Halt","BowlingBash"],"picked":"Conclude","floor":7},{"not_picked":["LikeWater","DevaForm"],"picked":"CutThroughFate","floor":8},{"not_picked":["PathToVictory","WaveOfTheHand","Consecrate"],"picked":"FearNoEvil","floor":10},{"not_picked":["FollowUp","WindmillStrike","SashWhip"],"picked":"Vault","floor":11},{"not_picked":["FollowUp","SashWhip","CarveReality","ConjureBlade"],"picked":"SKIP","floor":13}],"player_experience":4644799,"relics_obtained":[{"floor":6,"key":"Orichalcum"},{"floor":8,"key":"Bottled Flame"},{"floor":9,"key":"Question Card"},{"floor":11,"key":"Blood Vial"},{"floor":13,"key":"Lantern"}],"event_choices":[{"damage_healed":0,"gold_gain":0,"player_choice":"Forge","damage_taken":0,"max_hp_gain":0,"max_hp_loss":0,"event_name":"Accursed Blacksmith","floor":3,"gold_loss":0,"cards_upgraded":["Eruption"]},{"cards_removed":["Defend_P"],"damage_healed":0,"gold_gain":0,"player_choice":"Card Removal","damage_taken":7,"max_hp_gain":0,"max_hp_loss":0,"event_name":"Golden Wing","floor":5,"gold_loss":0},{"damage_healed":0,"gold_gain":0,"player_choice":"Entered Light","damage_taken":20,"max_hp_gain":0,"max_hp_loss":0,"event_name":"Shining Light","floor":14,"gold_loss":0,"cards_upgraded":["Strike_P","Strike_P"]}],"is_beta":false,"boss_relics":[],"items_purged_floors":[12],"is_endless":false,"potions_floor_spawned":[1,6],"killed_by":"The Guardian","ascension_level":20}}