{"host":"iudiqz5bwex5meyb","time":1613432042,"event":{"mods":["AchievementEnabler","BaseMod","Block Reminder","Colored Map","Minty Spire (QoL Compilation)","StSLib","ojb\u0027s Better Paths Mod","ojb\u0027s Info Mod"],"gold_per_floor":[111,124,124,142,156,189,189,203,284,311,331,349,349,349,349,449,449,469,17,35,51,62,89,89,103,129,154,164,197,208,237,237,337,337,348,348,348,358,22,55,55,55,55,55,72,72,123,143,143,143,143,143,40,65,65,65],"floor_reached":55,"language":"ENG","playtime":9448,"items_purged":["Strike_G"],"score":955,"play_id":"373d0ff8-dc5b-49de-a8d6-d9826689672e","local_time":"20210215173402","is_ascension_mode":true,"campfire_choices":[{"data":"Cloak And Dagger","floor":7.0,"key":"SMITH"},{"floor":13.0,"key":"REST"},{"data":"Blade Dance","floor":15.0,"key":"SMITH"},{"data":"Choke","floor":24.0,"key":"SMITH"},{"data":"Tools of the Trade","floor":32.0,"key":"SMITH"},{"floor":41,"key":"RECALL"},{"data":"Cloak And Dagger","floor":44,"key":"SMITH"},{"data":"Prepared","floor":46,"key":"SMITH"},{"data":"Blade Dance","floor":49,"key":"SMITH"},{"data":"Phantasmal Killer","floor":52,"key":"SMITH"}],"circlet_count":0,"master_deck":["Strike_G","Strike_G","Strike_G","Defend_G","Defend_G","Defend_G","Defend_G","Defend_G","Survivor","Neutralize","Footwork","Outmaneuver+1","Infinite Blades","Cloak And Dagger+1","Acrobatics","Prepared","Blade Dance+1","Choke+1","Tools of the Trade+1","Finisher","Prepared+1","Deflect","Blade Dance+1","Blur","Cloak And Dagger+1","Slice+1","Dodge and Roll+1","Phantasmal Killer+1","Madness","Madness","All Out Attack","Dodge and Roll+1","Footwork+1","Backflip"],"relics":["Ring of the Snake","Ancient Tea Set","Bag of Marbles","Mercury Hourglass","StoneCalendar","Bronze Scales","WristBlade","FossilizedHelix","Lizard Tail","Potion Belt","Incense Burner","Red Mask","Coffee Dripper","Toy Ornithopter","Strawberry","MealTicket","Kunai","Calipers","Bird Faced Urn"],"acts_visited":["Exordium","TheCity","TheBeyond","TheEnding"],"potions_floor_usage":[33,33,33,35,45,50,54,55],"damage_taken":[{"damage":0.0,"enemies":"Small Slimes","floor":1.0,"turns":5.0},{"damage":0.0,"enemies":"Cultist","floor":2.0,"turns":4.0},{"damage":2.0,"enemies":"Jaw Worm","floor":4.0,"turns":5.0},{"damage":20.0,"enemies":"Gremlin Gang","floor":5.0,"turns":6.0},{"damage":30.0,"enemies":"Gremlin Nob","floor":6.0,"turns":6.0},{"damage":0.0,"enemies":"Lots of Slimes","floor":8.0,"turns":5.0},{"damage":25.0,"enemies":"3 Sentries","floor":10.0,"turns":14.0},{"damage":0.0,"enemies":"Large Slime","floor":11.0,"turns":5.0},{"damage":1.0,"enemies":"2 Fungi Beasts","floor":12.0,"turns":3.0},{"damage":11.0,"enemies":"Hexaghost","floor":16.0,"turns":7.0},{"damage":0.0,"enemies":"Chosen","floor":18.0,"turns":2.0},{"damage":0.0,"enemies":"Shell Parasite","floor":20.0,"turns":1.0},{"damage":0.0,"enemies":"Snake Plant","floor":21.0,"turns":1.0},{"damage":0.0,"enemies":"Snecko","floor":22.0,"turns":3.0},{"damage":20.0,"enemies":"Gremlin Leader","floor":23.0,"turns":5.0},{"damage":3.0,"enemies":"Cultist and Chosen","floor":25.0,"turns":4.0},{"damage":16.0,"enemies":"Slavers","floor":27.0,"turns":4.0},{"damage":6.0,"enemies":"Snake Plant","floor":28.0,"turns":2.0},{"damage":14.0,"enemies":"Book of Stabbing","floor":29.0,"turns":5.0},{"damage":0.0,"enemies":"Centurion and Healer","floor":30.0,"turns":4.0},{"damage":0.0,"enemies":"Masked Bandits","floor":31.0,"turns":3.0},{"damage":0,"enemies":"Collector","floor":33,"turns":3},{"damage":0,"enemies":"3 Darklings","floor":35,"turns":3},{"damage":6,"enemies":"3 Shapes","floor":38,"turns":2},{"damage":45,"enemies":"Giant Head","floor":40,"turns":7},{"damage":0,"enemies":"Writhing Mass","floor":45,"turns":5},{"damage":0,"enemies":"2 Orb Walkers","floor":47,"turns":2},{"damage":0,"enemies":"Maw","floor":48,"turns":7},{"damage":3,"enemies":"Donu and Deca","floor":50,"turns":8},{"damage":0,"enemies":"Shield and Spear","floor":54,"turns":7},{"damage":162,"enemies":"The Heart","floor":55,"turns":8}],"seed_played":"4601258962005770975","potions_obtained":[{"floor":1.0,"key":"Strength Potion"},{"floor":5.0,"key":"Regen Potion"},{"floor":10.0,"key":"LiquidMemories"},{"floor":11.0,"key":"FearPotion"},{"floor":12.0,"key":"Poison Potion"},{"floor":16.0,"key":"CunningPotion"},{"floor":20.0,"key":"AttackPotion"},{"floor":22.0,"key":"SpeedPotion"},{"floor":27.0,"key":"AttackPotion"},{"floor":30.0,"key":"Fire Potion"},{"floor":31.0,"key":"LiquidMemories"},{"floor":33,"key":"GamblersBrew"},{"floor":40,"key":"SneckoOil"}],"is_trial":false,"path_per_floor":["M","M","?","M","M","E","R","M","T","E","M","M","R","?","R","B",null,"M","$","M","M","M","E","R","M","T","E","M","E","M","?","R","B",null,"M","?","?","M","$","E","R","?","T","R","M","R","?","M","R","B",null,"R","$","E","B"],"character_chosen":"THE_SILENT","items_purchased":["FossilizedHelix","Finisher","Toy Ornithopter","Strawberry","Energy Potion","Fire Potion","Energy Potion"],"campfire_rested":1,"item_purchase_floors":[19,19,39,39,39,53,53],"current_hp_per_floor":[70,70,70,68,48,30,30,30,30,5,5,4,25,25,25,14,70,70,70,70,70,70,50,50,47,47,31,25,11,11,11,11,11,70,70,61,61,55,62,17,17,17,17,17,22,22,22,22,22,24,77,77,77,77,0,0],"gold":65,"neow_bonus":"RANDOM_COMMON_RELIC","is_daily":false,"chose_seed":false,"campfire_upgraded":8,"win_rate":0.0,"timestamp":1613432042,"path_taken":["M","M","?","M","M","E","R","?","T","E","?","M","R","?","R","BOSS","M","$","M","M","M","E","R","?","T","E","M","E","?","?","R","BOSS","M","?","?","?","$","E","R","?","T","R","M","R","?","M","R","BOSS","R","$","E","BOSS"],"items_purchased_type":["Relic","Card","Relic","Relic","Potion","Potion","Potion"],"build_version":"2020-12-22","purchased_purges":1,"victory":false,"max_hp_per_floor":[70,70,70,70,70,70,70,70,70,70,70,70,70,70,70,70,70,70,70,70,70,70,70,70,70,70,70,70,70,70,70,70,70,70,70,70,70,70,77,77,77,77,77,77,77,77,77,77,77,77,77,77,77,77,77,77],"card_choices":[{"not_picked":["Backflip","Flechettes"],"picked":"Footwork","floor":1.0},{"not_picked":["Slice","Backflip"],"picked":"Outmaneuver","floor":2.0},{"not_picked":["Dash","Backstab"],"picked":"Infinite Blades","floor":4.0},{"not_picked":["Slice","Dodge and Roll"],"picked":"Cloak And Dagger","floor":5.0},{"not_picked":["Concentrate","Unload"],"picked":"Acrobatics","floor":6.0},{"not_picked":["Dagger Throw","Dodge and Roll"],"picked":"Prepared","floor":8.0},{"not_picked":["PiercingWail","Noxious Fumes"],"picked":"Blade Dance","floor":10.0},{"not_picked":["Slice","Calculated Gamble","Bane"],"picked":"SKIP","floor":11.0},{"not_picked":["Sucker Punch","Bane"],"picked":"Choke","floor":12.0},{"not_picked":["Grand Finale","Die Die Die"],"picked":"Tools of the Trade","floor":16.0},{"not_picked":["Calculated Gamble","Crippling Poison","Deadly Poison"],"picked":"SKIP","floor":18.0},{"not_picked":["Outmaneuver","Slice"],"picked":"Prepared","floor":20.0},{"not_picked":["Slice","Backflip"],"picked":"Deflect","floor":21.0},{"not_picked":["PiercingWail+1","Slice+1"],"picked":"Blade Dance","floor":22.0},{"not_picked":["Sucker Punch","Setup"],"picked":"Blur","floor":23.0},{"not_picked":["Dodge and Roll+1","Poisoned Stab+1"],"picked":"Cloak And Dagger","floor":25.0},{"not_picked":["Choke+1","Eviscerate"],"picked":"Slice+1","floor":27.0},{"not_picked":["Reflex","Dash","Blade Dance"],"picked":"SKIP","floor":28.0},{"not_picked":["Eviscerate","Quick Slash","Malaise"],"picked":"SKIP","floor":29.0},{"not_picked":["Blade Dance","Predator+1","Acrobatics"],"picked":"SKIP","floor":30.0},{"not_picked":["Leg Sweep","Sucker Punch"],"picked":"Dodge and Roll+1","floor":31.0},{"not_picked":["Tools of the Trade","Bullet Time"],"picked":"Phantasmal Killer","floor":33},{"not_picked":["Choke","Flying Knee","Finisher"],"picked":"SKIP","floor":35},{"not_picked":["Dash","Flying Knee","Quick Slash+1"],"picked":"SKIP","floor":38},{"not_picked":["Bane+1","Predator+1"],"picked":"Dodge and Roll+1","floor":40},{"not_picked":["Acrobatics","Concentrate"],"picked":"Footwork+1","floor":45},{"not_picked":["Quick Slash+1","Slice+1"],"picked":"Backflip","floor":48},{"not_picked":["Slice","Underhanded Strike+1","Prepared+1"],"picked":"SKIP","floor":54}],"player_experience":270540,"relics_obtained":[{"floor":6.0,"key":"Bag of Marbles"},{"floor":9.0,"key":"Mercury Hourglass"},{"floor":10.0,"key":"StoneCalendar"},{"floor":14.0,"key":"Bronze Scales"},{"floor":23.0,"key":"Lizard Tail"},{"floor":27.0,"key":"Potion Belt"},{"floor":29.0,"key":"Incense Burner"},{"floor":31.0,"key":"Red Mask"},{"floor":40,"key":"MealTicket"},{"floor":43,"key":"Kunai"},{"floor":47,"key":"Calipers"},{"floor":54,"key":"Bird Faced Urn"}],"event_choices":[{"damage_healed":0.0,"max_hp_gain":0.0,"max_hp_loss":0.0,"gold_gain":0.0,"event_name":"Upgrade Shrine","player_choice":"Upgraded","floor":3.0,"gold_loss":0.0,"damage_taken":0.0,"cards_upgraded":["Outmaneuver"]},{"damage_healed":0.0,"max_hp_gain":0.0,"max_hp_loss":0.0,"gold_gain":0.0,"event_name":"Wheel of Change","player_choice":"Relic","floor":14.0,"gold_loss":0.0,"damage_taken":0.0},{"damage_healed":0.0,"max_hp_gain":0.0,"max_hp_loss":0.0,"gold_gain":0.0,"event_name":"Masked Bandits","player_choice":"Fought Bandits","floor":31.0,"gold_loss":0.0,"damage_taken":0.0},{"damage_healed":0,"gold_gain":0,"player_choice":"Embrace Madness","damage_taken":9,"max_hp_gain":0,"max_hp_loss":0,"event_name":"Winding Halls","floor":36,"gold_loss":0,"cards_obtained":["Madness","Madness"]},{"damage_healed":0,"gold_gain":0,"cards_transformed":["Strike_G"],"player_choice":"Transformed","damage_taken":0,"max_hp_gain":0,"max_hp_loss":0,"event_name":"Transmorgrifier","floor":37,"gold_loss":0,"cards_obtained":["All Out Attack"]},{"damage_healed":0,"gold_gain":0,"player_choice":"Memory 1","damage_taken":0,"max_hp_gain":0,"max_hp_loss":0,"event_name":"SensoryStone","floor":42,"gold_loss":0},{"damage_healed":0,"gold_gain":0,"player_choice":"Fight","damage_taken":0,"max_hp_gain":0,"max_hp_loss":0,"event_name":"Mysterious Sphere","floor":47,"gold_loss":0}],"is_beta":false,"boss_relics":[{"not_picked":["Tiny House","Runic Pyramid"],"picked":"WristBlade"},{"not_picked":["Philosopher\u0027s Stone","Runic Dome"],"picked":"Coffee Dripper"}],"items_purged_floors":[19],"is_endless":false,"potions_floor_spawned":[1,5,10,11,12,16,20,22,27,30,31,33,40],"killed_by":"The Heart","ascension_level":4}}