{"host":"Hova","time":1613403443,"event":{"mods":["AchievementEnabler","Aspiration","BaseMod","Better Match","Better Note","Colored Map","Colored Powertips","DeckTracker","Downfall","Hubris","Infinite Spire","Minty Spire (QoL Compilation)","Rare Cards Sparkle","Reliquary","Remilia??????","Replay The Spire","Shop Mod","StSLib","SuperFastMode","The Clintock","The Cursed","The Death Knight","The Necromancer","The Servant 0.9.4"],"gold_per_floor":[113,113,132,144,156,156,173,191,191,205,205,72,86,120,120,221,221,232,232,243,143,143,170,170,170,194,212,212,212,212],"floor_reached":29,"language":"ENG","playtime":1670,"items_purged":["Regret","Defend_R"],"score":247,"play_id":"9b0947e0-2ba6-41c8-9f1f-2c1bb3a7d50e","local_time":"20210215183723","is_ascension_mode":false,"campfire_choices":[{"data":"infinitespire:Starlight","floor":6,"key":"SMITH"},{"data":"Seeing Red","floor":15,"key":"SMITH"},{"data":"Barricade","floor":24,"key":"SMITH"}],"circlet_count":0,"master_deck":["Strike_R","Strike_R","Strike_R","Strike_R","Strike_R","Defend_R","Defend_R","Defend_R","Bash","Pommel Strike","infinitespire:Starlight+1","Body Slam","Pommel Strike","Pommel Strike","Inflame+1","Bloodletting","Seeing Red+1","Barricade+1","ReplayTheSpireMod:LeadingStrike","Perfected Strike+1","hubris:Wrath","Entrench+1","infinitespire:FinalStrike+1","Inflame+1"],"relics":["Burning Blood","Mercury Hourglass","Juzu Bracelet","Replay:Baseball","aspiration:RunicSpoon","Ring of Misfortune","Ring of Hypnosis","MealTicket","hubris:AstralHammer","Ring of Chaos","aspiration:Lifesprig"],"acts_visited":["Exordium","TheCity"],"potions_floor_usage":[10,16,16,16,23],"damage_taken":[{"damage":6,"enemies":"2 Louse","floor":1,"turns":3},{"damage":6,"enemies":"Cultist","floor":3,"turns":3},{"damage":11,"enemies":"Jaw Worm","floor":4,"turns":5},{"damage":18,"enemies":"Exordium Wildlife","floor":5,"turns":4},{"damage":19,"enemies":"2 Fungi Beasts","floor":7,"turns":4},{"damage":27,"enemies":"Large Slime","floor":8,"turns":7},{"damage":14,"enemies":"Exordium Thugs","floor":10,"turns":5},{"damage":4,"enemies":"Blue Slaver","floor":13,"turns":3},{"damage":14,"enemies":"Gremlin Nob","floor":14,"turns":3},{"damage":33,"enemies":"Fading Forest","floor":16,"turns":11},{"damage":41,"enemies":"2 Thieves","floor":18,"turns":4},{"damage":35,"enemies":"3 Byrds","floor":20,"turns":5},{"damage":47,"enemies":"Nightmare","floor":23,"turns":8},{"damage":0,"enemies":"Snake Plant","floor":27,"turns":1}],"seed_played":"-3837927769780782674","potions_obtained":[{"floor":1,"key":"Slimebound:ThreeZeroPotion"},{"floor":3,"key":"Weak Potion"},{"floor":7,"key":"SpeedPotion"},{"floor":10,"key":"CultistPotion"},{"floor":16,"key":"Strength Potion"},{"floor":20,"key":"hexamod:SoulburnPotion"},{"floor":23,"key":"sneckomod:MuddlingPotion"}],"is_trial":false,"path_per_floor":["M","?","M","M","M","R","M","M","T","M","?","$","M","E","R","B",null,"M","?","M","$","?","NM","R","AVR","T","M","?","?"],"character_chosen":"IRONCLAD","items_purchased":["Inflame+1"],"campfire_rested":0,"item_purchase_floors":[12],"current_hp_per_floor":[88,65,75,80,78,78,80,74,74,81,81,81,83,75,75,61,88,68,68,54,54,54,28,28,28,28,34,8,0,0],"gold":212,"neow_bonus":"TEN_PERCENT_HP_BONUS","is_daily":false,"chose_seed":false,"campfire_upgraded":3,"win_rate":0.0,"timestamp":1613403443,"path_taken":["M","?","M","M","M","R","M","M","T","M","?","$","M","E","R","BOSS","M","?","M","$","?","NM","R","AVR","T","M","?","?"],"items_purchased_type":["Card"],"build_version":"2020-11-17","purchased_purges":2,"victory":false,"max_hp_per_floor":[88,88,88,88,88,88,88,88,88,88,88,88,88,88,88,88,88,88,88,88,88,88,88,88,88,88,88,88,88,88],"card_choices":[{"not_picked":["Battle Trance","Shrug It Off"],"picked":"Pommel Strike","floor":1},{"not_picked":["infinitespire:Oblivion","ReplayTheSpireMod:Haul"],"picked":"infinitespire:Starlight","floor":2},{"not_picked":["Blood for Blood","hubris:ReadiedAction","ReplayTheSpireMod:Strike From Hell"],"picked":"SKIP","floor":3},{"not_picked":["Whirlwind","Thunderclap"],"picked":"Body Slam","floor":4},{"not_picked":["Fiend Fire","Fire Breathing","ReplayTheSpireMod:Stacked"],"picked":"SKIP","floor":5},{"not_picked":["Replay:Undeath\u0027s Touch","hubris:ReadiedAction","Thunderclap"],"picked":"SKIP","floor":7},{"not_picked":["ReplayTheSpireMod:Muscle Training","Thunderclap"],"picked":"Pommel Strike","floor":8},{"not_picked":["ReplayTheSpireMod:Strike From Hell","Armaments"],"picked":"Pommel Strike","floor":10},{"not_picked":["Replay:Undeath\u0027s Touch","Clash"],"picked":"Bloodletting","floor":13},{"not_picked":["True Grit","Carnage"],"picked":"Seeing Red","floor":14},{"not_picked":["Eclipse","Reaper"],"picked":"Barricade","floor":16},{"not_picked":["Power Through","Body Slam+1"],"picked":"ReplayTheSpireMod:LeadingStrike","floor":18},{"not_picked":["Blood for Blood","Cleave"],"picked":"Perfected Strike","floor":20},{"not_picked":["Ghostly Armor","Clothesline"],"picked":"Entrench+1","floor":23},{"not_picked":["Armaments+1","Headbutt+1"],"picked":"Inflame","floor":27}],"player_experience":2223,"relics_obtained":[{"floor":9,"key":"Mercury Hourglass"},{"floor":14,"key":"Replay:Baseball"},{"floor":22,"key":"Ring of Misfortune"},{"floor":22,"key":"Ring of Hypnosis"},{"floor":23,"key":"MealTicket"},{"floor":26,"key":"aspiration:Lifesprig"}],"event_choices":[{"damage_healed":0,"gold_gain":0,"player_choice":"Box","damage_taken":0,"relics_obtained":["Juzu Bracelet"],"max_hp_gain":0,"max_hp_loss":0,"event_name":"Big Fish","floor":11,"gold_loss":0,"cards_obtained":["Regret"]}],"is_beta":true,"boss_relics":[{"not_picked":["Snecko Eye","Cursed Key"],"picked":"aspiration:RunicSpoon"}],"items_purged_floors":[12,21],"is_endless":false,"potions_floor_spawned":[1,3,7,10,14,16,20,23],"ascension_level":0}}