{"host":"oi6p1guiqfwwvxym","time":1613418123,"event":{"mods":["BaseMod","Bestiary","Colored Map","Minty Spire (QoL Compilation)","Relic Stats"],"gold_per_floor":[118,130,146,146,164,164,164,164],"floor_reached":7,"language":"ENG","playtime":411,"items_purged":[],"score":67,"play_id":"ea1ae429-c1b9-4c64-bd9b-301b63a3878c","local_time":"20210215114203","is_ascension_mode":true,"campfire_choices":[{"data":"Skewer","floor":6,"key":"SMITH"}],"circlet_count":0,"master_deck":["AscendersBane","Strike_G","Strike_G","Strike_G","Strike_G","Strike_G","Defend_G","Defend_G","Defend_G","Defend_G","Defend_G","Survivor","Neutralize","Corpse Explosion","Bouncing Flask","Skewer+1","Envenom","Outmaneuver","Footwork"],"relics":["Ring of the Snake"],"acts_visited":["Exordium"],"potions_floor_usage":[5],"damage_taken":[{"damage":3.0,"enemies":"Jaw Worm","floor":1.0,"turns":7.0},{"damage":0.0,"enemies":"Cultist","floor":2.0,"turns":3.0},{"damage":7.0,"enemies":"Small Slimes","floor":3.0,"turns":5.0},{"damage":14,"enemies":"Exordium Thugs","floor":5,"turns":5},{"damage":48,"enemies":"Gremlin Nob","floor":7,"turns":4}],"seed_played":"6649040107188712360","potions_obtained":[{"floor":1.0,"key":"Explosive Potion"},{"floor":3.0,"key":"EssenceOfSteel"}],"is_trial":false,"path_per_floor":["M","M","M","?","M","R","E"],"character_chosen":"THE_SILENT","items_purchased":[],"campfire_rested":0,"item_purchase_floors":[],"current_hp_per_floor":[60,60,53,53,39,39,0,0],"gold":164,"neow_bonus":"THREE_RARE_CARDS","is_daily":false,"chose_seed":false,"campfire_upgraded":1,"win_rate":0.0,"timestamp":1613418123,"path_taken":["M","M","M","?","?","R","E"],"items_purchased_type":[],"build_version":"2020-12-22","purchased_purges":0,"victory":false,"max_hp_per_floor":[63,63,63,63,63,63,63,63],"relic_stats":{"counters":[5,24],"obtain_stats":[{"Ring of the Snake":0},{"Ring of the Snake":0},{"Ring of the Snake":0}],"Ring of the Snake":[10]},"card_choices":[{"not_picked":["Storm of Steel","Doppelganger"],"picked":"Corpse Explosion","floor":0.0},{"not_picked":["Deflect","Calculated Gamble"],"picked":"Bouncing Flask","floor":1.0},{"not_picked":["Dodge and Roll","Underhanded Strike","Heel Hook"],"picked":"SKIP","floor":2.0},{"not_picked":["Flechettes","Poisoned Stab"],"picked":"Skewer","floor":3.0},{"not_picked":["Backflip","Outmaneuver"],"picked":"Footwork","floor":5}],"player_experience":440932,"relics_obtained":[],"event_choices":[{"damage_healed":0.0,"max_hp_gain":0.0,"max_hp_loss":0.0,"gold_gain":0.0,"event_name":"Match and Keep!","player_choice":"2 cards matched","floor":4.0,"gold_loss":0.0,"damage_taken":0.0,"cards_obtained":["Envenom","Outmaneuver"]}],"is_beta":false,"boss_relics":[],"items_purged_floors":[],"is_endless":false,"potions_floor_spawned":[1,3],"killed_by":"Gremlin Nob","ascension_level":11}}