{"host":"kwyq3wo3fj8d4s27","time":1613354870,"event":{"mods":["AchievementEnabler","BaseMod","Colored Map","Highlight Path","Minty Spire (QoL Compilation)","StSLib"],"gold_per_floor":[20,38,38,55,5067,5067,5094,5094,5162,4577,4577,4593,4612,3915,3915,4013,4013,4030,3614,3614,3634,3646,3679,3679,3690,3714,3747,3780,2933,2933,2960,2960,3060,3060,3071,2595,2595,2595,2615,2615,0,5016,5016,5016,4179,4192,4205,4224,4224,4224,4224,4224,3999,4030,4030],"floor_reached":56,"language":"ENG","playtime":1702,"items_purged":["Strike_R","Strike_R","Strike_R","Defend_R","Defend_R+1","Apotheosis+1","Defend_R+1"],"score":1616,"play_id":"02e4009c-9670-4f0c-99fd-d75541f9f1bf","local_time":"20210214180750","is_ascension_mode":true,"campfire_choices":[{"data":"Apotheosis","floor":6,"key":"SMITH"},{"floor":8,"key":"RECALL"},{"data":"Rampage","floor":15,"key":"SMITH"},{"data":"Whirlwind","floor":24,"key":"SMITH"},{"data":"Bash","floor":30,"key":"SMITH"},{"data":"Defend_R","floor":32,"key":"SMITH"},{"data":"Finesse","floor":40,"key":"SMITH"},{"floor":49,"key":"REST"},{"floor":52,"key":"REST"}],"circlet_count":0,"master_deck":["Defend_R+1","Bash+1","Whirlwind+1","Rampage+1","Limit Break+1","Spot Weakness+1","Finesse+1","Double Tap+1"],"relics":["Black Blood","Incense Burner","Bottled Flame","War Paint","Pocketwatch","Sling","WingedGreaves","Pen Nib","Sozu","Strawberry","Oddly Smooth Stone","Red Skull","Shuriken","MealTicket","Lee\u0027s Waffle","Thread and Needle","Letter Opener","Omamori","Juzu Bracelet","Frozen Eye","Red Mask","Nunchaku","Chemical X","Toxic Egg 2","Question Card","Mango"],"acts_visited":["Exordium","TheCity","TheBeyond","TheEnding"],"potions_floor_usage":[50,50,54],"damage_taken":[{"damage":0,"enemies":"2 Louse","floor":1,"turns":4},{"damage":11,"enemies":"Jaw Worm","floor":2,"turns":3},{"damage":10,"enemies":"Cultist","floor":4,"turns":4},{"damage":57,"enemies":"Gremlin Gang","floor":5,"turns":5},{"damage":53,"enemies":"Gremlin Nob","floor":7,"turns":5},{"damage":8,"enemies":"Blue Slaver","floor":12,"turns":4},{"damage":0,"enemies":"Large Slime","floor":13,"turns":4},{"damage":59,"enemies":"Hexaghost","floor":16,"turns":6},{"damage":0,"enemies":"Chosen","floor":18,"turns":4},{"damage":0,"enemies":"3 Byrds","floor":21,"turns":2},{"damage":2,"enemies":"Centurion and Healer","floor":22,"turns":5},{"damage":34,"enemies":"Slavers","floor":23,"turns":2},{"damage":9,"enemies":"Snake Plant","floor":25,"turns":4},{"damage":35,"enemies":"Book of Stabbing","floor":27,"turns":3},{"damage":3,"enemies":"Gremlin Leader","floor":28,"turns":3},{"damage":20,"enemies":"Slavers","floor":31,"turns":4},{"damage":71,"enemies":"Champ","floor":33,"turns":7},{"damage":15,"enemies":"Orb Walker","floor":35,"turns":4},{"damage":30,"enemies":"3 Shapes","floor":39,"turns":3},{"damage":7,"enemies":"Writhing Mass","floor":42,"turns":4},{"damage":0,"enemies":"Transient","floor":46,"turns":5},{"damage":0,"enemies":"Sphere and 2 Shapes","floor":47,"turns":2},{"damage":0,"enemies":"3 Darklings","floor":48,"turns":1},{"damage":51,"enemies":"Awakened One","floor":50,"turns":5},{"damage":56,"enemies":"Shield and Spear","floor":54,"turns":3},{"damage":94,"enemies":"The Heart","floor":55,"turns":6}],"seed_played":"6963089411687393364","potions_obtained":[{"floor":4,"key":"BloodPotion"},{"floor":5,"key":"Fire Potion"},{"floor":7,"key":"Weak Potion"}],"is_trial":false,"path_per_floor":["M","M","?","M","M","R","E","R","T","$","?","M","M","$","R","B",null,"M","$","?","M","M","E","R","M","T","E","E","$","R","E","R","B",null,"M","$","?","?","M","R","?","M","T","?","$","M","M","M","R","B",null,"R","$","E","B",null],"character_chosen":"IRONCLAD","items_purchased":["War Paint","Pocketwatch","Rampage","Sling","WingedGreaves","Pen Nib","Strawberry","Oddly Smooth Stone","Lee\u0027s Waffle","Thread and Needle","Letter Opener","Juzu Bracelet","Frozen Eye","Chemical X","Toxic Egg 2","Question Card"],"campfire_rested":2,"item_purchase_floors":[10,10,10,14,14,14,19,19,29,29,29,36,36,45,45,45],"current_hp_per_floor":[80,75,68,64,80,80,80,80,80,80,80,78,80,80,80,27,80,80,87,87,87,87,59,59,56,56,27,30,94,94,80,80,15,94,91,94,84,84,66,66,66,71,71,71,86,94,94,94,94,55,94,94,94,82,77],"gold":4030,"neow_bonus":"RANDOM_COLORLESS_2","is_daily":false,"chose_seed":false,"campfire_upgraded":6,"win_rate":0.0,"timestamp":1613354870,"path_taken":["M","M","?","M","M","R","E","R","T","$","?","M","M","$","R","BOSS","M","$","?","?","M","E","R","?","T","E","E","$","R","E","R","BOSS","M","$","?","?","M","R","?","M","T","?","$","M","M","M","R","BOSS","R","$","E","BOSS"],"items_purchased_type":["Relic","Relic","Card","Relic","Relic","Relic","Relic","Relic","Relic","Relic","Relic","Relic","Relic","Relic","Relic","Relic"],"build_version":"2020-12-22","purchased_purges":7,"victory":true,"max_hp_per_floor":[80,80,80,80,80,80,80,80,80,80,80,80,80,80,80,80,80,80,87,87,87,87,87,87,87,87,87,87,94,94,94,94,94,94,94,94,94,94,94,94,94,94,94,94,94,94,94,94,94,94,94,94,94,108,108],"card_choices":[{"not_picked":["Magnetism","Violence"],"picked":"Apotheosis","floor":0},{"not_picked":["Shrug It Off","Clothesline","Body Slam"],"picked":"SKIP","floor":1},{"not_picked":["Bloodletting","Thunderclap","Burning Pact"],"picked":"SKIP","floor":2},{"not_picked":["Searing Blow","Uppercut","Anger"],"picked":"SKIP","floor":4},{"not_picked":["Ghostly Armor","Anger"],"picked":"Whirlwind","floor":5},{"not_picked":["Body Slam","Warcry","Dropkick"],"picked":"SKIP","floor":7},{"not_picked":["Headbutt","Wild Strike","Cleave"],"picked":"SKIP","floor":12},{"not_picked":["Twin Strike","Cleave","Shrug It Off"],"picked":"SKIP","floor":13},{"not_picked":["Metallicize+1","Headbutt+1","Thunderclap+1"],"picked":"SKIP","floor":18},{"not_picked":["Iron Wave+1","Body Slam","Dual Wield+1"],"picked":"SKIP","floor":21},{"not_picked":["Second Wind","Burning Pact","Shrug It Off"],"picked":"SKIP","floor":22},{"not_picked":["Wild Strike","Carnage+1","Intimidate+1"],"picked":"SKIP","floor":23},{"not_picked":["Dark Embrace","True Grit","Thunderclap+1"],"picked":"SKIP","floor":25},{"not_picked":["Body Slam+1","Uppercut","True Grit"],"picked":"SKIP","floor":27},{"not_picked":["Rampage","Sword Boomerang","Heavy Blade"],"picked":"SKIP","floor":28},{"not_picked":["Iron Wave","Dual Wield","Combust"],"picked":"SKIP","floor":31},{"not_picked":["Fiend Fire","Offering"],"picked":"Limit Break","floor":33},{"not_picked":["Iron Wave+1","Headbutt+1"],"picked":"Spot Weakness+1","floor":35},{"not_picked":["Magnetism","Apotheosis"],"picked":"Finesse","floor":37},{"not_picked":["True Grit","Clash+1","Pommel Strike"],"picked":"SKIP","floor":39},{"not_picked":["Fire Breathing","Clash","True Grit"],"picked":"SKIP","floor":42},{"not_picked":["Flex+1","Armaments+1","Shrug It Off+1","Iron Wave"],"picked":"SKIP","floor":46},{"not_picked":["Disarm+1","Perfected Strike","Anger","Clothesline"],"picked":"SKIP","floor":47},{"not_picked":["Uppercut","Shrug It Off+1","Cleave+1"],"picked":"Double Tap+1","floor":48},{"not_picked":["Burning Pact+1","Feel No Pain+1","Flame Barrier+1","Cleave"],"picked":"SKIP","floor":54}],"player_experience":31711,"relics_obtained":[{"floor":7,"key":"Incense Burner"},{"floor":9,"key":"Bottled Flame"},{"floor":23,"key":"Red Skull"},{"floor":27,"key":"Shuriken"},{"floor":28,"key":"MealTicket"},{"floor":31,"key":"Omamori"},{"floor":43,"key":"Nunchaku"},{"floor":54,"key":"Mango"}],"event_choices":[{"cards_removed":["Strike_R"],"damage_healed":0,"gold_gain":0,"player_choice":"Card Removal","damage_taken":7,"max_hp_gain":0,"max_hp_loss":0,"event_name":"Golden Wing","floor":3,"gold_loss":0},{"cards_removed":["Strike_R"],"damage_healed":0,"gold_gain":0,"player_choice":"Forget","damage_taken":0,"max_hp_gain":0,"max_hp_loss":0,"event_name":"Living Wall","floor":11,"gold_loss":0},{"damage_healed":0,"gold_gain":0,"player_choice":"Bought 0 Potions","damage_taken":0,"max_hp_gain":0,"max_hp_loss":0,"event_name":"The Woman in Blue","floor":20,"gold_loss":0},{"damage_healed":0,"gold_gain":0,"player_choice":"Memory 3","damage_taken":10,"max_hp_gain":0,"max_hp_loss":0,"event_name":"SensoryStone","floor":37,"gold_loss":0},{"damage_healed":0,"gold_gain":0,"player_choice":"Upgraded","damage_taken":0,"max_hp_gain":0,"max_hp_loss":0,"event_name":"Upgrade Shrine","floor":38,"gold_loss":0,"cards_upgraded":["Limit Break"]},{"damage_healed":0,"gold_gain":0,"player_choice":"Paid","damage_taken":0,"relics_obtained":["Red Mask"],"max_hp_gain":0,"max_hp_loss":0,"event_name":"Tomb of Lord Red Mask","floor":41,"gold_loss":2615},{"damage_healed":0,"gold_gain":0,"player_choice":"Ignored","damage_taken":0,"max_hp_gain":0,"max_hp_loss":0,"event_name":"SecretPortal","floor":44,"gold_loss":0}],"is_beta":false,"boss_relics":[{"not_picked":["SacredBark","Mark of Pain"],"picked":"Sozu"},{"not_picked":["Cursed Key","Snecko Eye"],"picked":"Black Blood"}],"items_purged_floors":[10,14,19,29,36,45,53],"is_endless":false,"potions_floor_spawned":[4,5,7,13,21,23,28,35,46,54],"ascension_level":3}}