{"host":"t9zjxed0utvsfjwc","time":1613432888,"event":{"mods":["2.2 Compatiblity","Act Like it!","Aspiration","BaseMod","Better Altar","Better Match","Better Note","Better Sensory Stone","Better Skull","Better Third Choice","Block Reminder","Colored Map","Colored Powertips","Conspire","Custom Start","Downfall","Energized Spire","Hermit","Highlight Path","Hubris","Infinite Spire","Marisa????????","Minty Spire (QoL Compilation)","Quick Restart","Rare Cards Sparkle","Relic Sorter","Reliquary","Replay The Spire","Ruina","StSLib","The Cursed","The Marked","The Runesmith","Unceasing Turn Reminder","everything is the same but u backflip on backflip"],"gold_per_floor":[116,40,141,156,231,258,258,272,325,125,125,145,145,222,222,255,255],"floor_reached":16,"language":"ENG","playtime":688,"items_purged":[],"score":138,"play_id":"be16cc44-b981-4855-8e28-9f4b37e8a8ef","local_time":"20210215234808","is_ascension_mode":true,"campfire_choices":[{"data":"Cloak And Dagger","floor":7,"key":"SMITH"},{"data":"Backstab","floor":13,"key":"SMITH"},{"floor":15,"key":"REST"}],"circlet_count":0,"master_deck":["Strike_G","Strike_G","Strike_G","Strike_G","Strike_G","Defend_G","Defend_G","Defend_G","Defend_G","Defend_G","Survivor","Neutralize","Backstab+1","Backstab","ReplayTheSpireMod:Speed Training","Backflip","Cloak And Dagger+1","Dagger Throw","conspire:SpireCoStock","conspire:SpireCoStock","conspire:SpireCoStock","conspire:SpireCoStock","Madness+1","Backflip"],"relics":["conspire:SpecialSausage","Omamori","Paper Crane","Snake Skull"],"acts_visited":["Exordium"],"potions_floor_usage":[12,12,16],"damage_taken":[{"damage":0,"enemies":"Jaw Worm","floor":1,"turns":5},{"damage":0,"enemies":"2 Louse","floor":4,"turns":1},{"damage":28,"enemies":"3 Sentries","floor":6,"turns":11},{"damage":0,"enemies":"Small Slimes","floor":8,"turns":1},{"damage":0,"enemies":"Looter","floor":12,"turns":4},{"damage":8,"enemies":"Large Slime","floor":14,"turns":7},{"damage":53,"enemies":"Fading Forest","floor":16,"turns":9}],"seed_played":"-1161505366240084868","potions_obtained":[{"floor":1,"key":"Adrenaline Potion"},{"floor":6,"key":"Strength Potion"},{"floor":8,"key":"PowerPotion"}],"is_trial":false,"path_per_floor":["M","$","?","M","?","E","R","M","T","?","?","M","R","M","R","B"],"character_chosen":"THE_SILENT","items_purchased":["Backstab"],"campfire_rested":1,"item_purchase_floors":[2],"current_hp_per_floor":[70,70,53,53,42,14,14,14,14,14,14,14,14,6,27,0,0],"gold":255,"neow_bonus":"BOSS_RELIC","is_daily":false,"chose_seed":false,"campfire_upgraded":2,"win_rate":0.0,"timestamp":1613432888,"path_taken":["M","$","?","M","?","E","R","M","T","?","?","M","R","M","R","BOSS"],"items_purchased_type":["Card"],"build_version":"2020-12-22","purchased_purges":0,"victory":false,"max_hp_per_floor":[70,70,70,70,70,70,70,70,70,70,70,70,70,70,70,70,70],"card_choices":[{"not_picked":["Deadly Poison","All Out Attack"],"picked":"Backstab","floor":1},{"not_picked":["Bane","Acrobatics"],"picked":"ReplayTheSpireMod:Speed Training","floor":3},{"not_picked":["Blade Dance","Outmaneuver"],"picked":"Backflip","floor":4},{"not_picked":["Slice","Underhanded Strike"],"picked":"Cloak And Dagger","floor":6},{"not_picked":["Venomology","Deflect"],"picked":"Dagger Throw","floor":8},{"not_picked":["Acrobatics","Dagger Spray","PiercingWail"],"picked":"SKIP","floor":12},{"not_picked":["Bouncing Flask","Quick Slash"],"picked":"Backflip","floor":14}],"player_experience":572936,"relics_obtained":[{"floor":3,"key":"Omamori"},{"floor":6,"key":"Paper Crane"},{"floor":9,"key":"Snake Skull"}],"event_choices":[{"damage_healed":0,"gold_gain":75,"player_choice":"Gold","damage_taken":11,"max_hp_gain":0,"max_hp_loss":0,"event_name":"betterThird:BetterGoop","floor":5,"gold_loss":0},{"damage_healed":0,"gold_gain":0,"player_choice":"Invest 4","damage_taken":0,"max_hp_gain":0,"max_hp_loss":0,"event_name":"conspire:Investor","floor":10,"gold_loss":0},{"damage_healed":0,"gold_gain":1,"player_choice":"4","damage_taken":0,"max_hp_gain":0,"max_hp_loss":0,"event_name":"betterStone:BetterStone","floor":11,"gold_loss":0,"cards_obtained":["Madness"]}],"is_beta":false,"boss_relics":[],"items_purged_floors":[],"is_endless":false,"potions_floor_spawned":[1,6,8],"killed_by":"Fading Forest","ascension_level":3}}