{"host":"r081svdj6e9i7zze","time":1613407544,"event":{"mods":["AchievementEnabler","BaseMod","Colored Map","Minty Spire (QoL Compilation)","SuperFastMode"],"gold_per_floor":[219,229,229,229,246,246,263,296,296,296,296,321,321,138,138,240,240,254,254,266,283,302,302,320,320,390,403,403,21,21,37,37,37,37],"floor_reached":33,"language":"KOR","playtime":2116,"items_purged":["Strike_R","Defend_R"],"score":307,"play_id":"4be50c57-591c-4818-b844-33076a1f1b00","local_time":"20210216014544","is_ascension_mode":false,"campfire_choices":[{"data":"Searing Blow","floor":6,"key":"SMITH"},{"data":"Searing Blow+1","floor":11,"key":"SMITH"},{"data":"Searing Blow+2","floor":13,"key":"SMITH"},{"data":"Searing Blow+3","floor":15,"key":"SMITH"},{"data":"Searing Blow+4","floor":23,"key":"SMITH"},{"data":"Searing Blow+5","floor":25,"key":"SMITH"},{"data":"Searing Blow+6","floor":28,"key":"SMITH"},{"data":"Searing Blow+7","floor":32,"key":"SMITH"}],"circlet_count":0,"master_deck":["Strike_R+1","Defend_R","Defend_R+1","Defend_R","Bash","Carnage","Searing Blow+8","Clash","Sentinel","Anger","Infernal Blade","Discovery","Shrug It Off","Impervious","Whirlwind+1","Carnage+1","Power Through+1","Clash","True Grit+1","Anger","Anger+1","Seeing Red","Seeing Red+1","Good Instincts+1","Spot Weakness+1","Limit Break+1"],"relics":["Burning Blood","Eternal Feather","Shuriken","WingedGreaves","Question Card","Toxic Egg 2","Frozen Eye","Nloth\u0027s Gift"],"acts_visited":["Exordium","TheCity"],"potions_floor_usage":[16,16,22,33,33],"damage_taken":[{"damage":6,"enemies":"Jaw Worm","floor":1,"turns":5},{"damage":5,"enemies":"Small Slimes","floor":2,"turns":5},{"damage":1,"enemies":"Cultist","floor":5,"turns":3},{"damage":5,"enemies":"Exordium Thugs","floor":7,"turns":6},{"damage":45,"enemies":"3 Sentries","floor":8,"turns":9},{"damage":20,"enemies":"Gremlin Nob","floor":12,"turns":4},{"damage":0,"enemies":"Slime Boss","floor":16,"turns":6},{"damage":0,"enemies":"Spheric Guardian","floor":18,"turns":4},{"damage":5,"enemies":"Shell Parasite","floor":20,"turns":6},{"damage":16,"enemies":"Centurion and Healer","floor":21,"turns":7},{"damage":36,"enemies":"Snake Plant","floor":22,"turns":4},{"damage":44,"enemies":"3 Cultists","floor":24,"turns":6},{"damage":7,"enemies":"Snecko","floor":27,"turns":4},{"damage":0,"enemies":"Sentry and Sphere","floor":31,"turns":2},{"damage":97,"enemies":"Collector","floor":33,"turns":6}],"seed_played":"-5818883710584625738","potions_obtained":[{"floor":1,"key":"SneckoOil"},{"floor":2,"key":"HeartOfIron"},{"floor":8,"key":"SmokeBomb"},{"floor":21,"key":"SpeedPotion"},{"floor":27,"key":"Regen Potion"},{"floor":31,"key":"LiquidMemories"}],"is_trial":false,"path_per_floor":["M","M","?","?","M","R","M","E","T","T","R","E","R","$","R","B",null,"M","?","M","M","M","R","M","R","T","M","R","$","?","M","R","B"],"character_chosen":"IRONCLAD","items_purchased":["Discovery","Shrug It Off","Frozen Eye","Good Instincts+1","Spot Weakness+1"],"campfire_rested":0,"item_purchase_floors":[14,14,29,29,29],"current_hp_per_floor":[80,80,64,64,69,69,70,31,31,31,40,26,35,35,44,50,80,80,80,80,70,40,52,14,26,26,25,37,37,37,43,58,0,0],"gold":37,"neow_bonus":"HUNDRED_GOLD","is_daily":false,"chose_seed":false,"campfire_upgraded":8,"win_rate":0.0,"timestamp":1613407544,"path_taken":["M","M","?","?","M","R","?","E","T","?","R","E","R","$","R","BOSS","M","?","M","M","M","R","M","R","T","M","R","$","?","?","R","BOSS"],"items_purchased_type":["Card","Card","Relic","Card","Card"],"build_version":"2020-12-22","purchased_purges":2,"victory":false,"max_hp_per_floor":[80,80,80,80,80,80,80,80,80,80,80,80,80,80,80,80,80,80,80,80,80,80,80,80,80,80,80,80,80,80,80,80,80,80],"card_choices":[{"not_picked":["Rupture","Clothesline"],"picked":"Carnage","floor":1},{"not_picked":["Entrench","True Grit"],"picked":"Searing Blow","floor":2},{"not_picked":["Twin Strike","Hemokinesis"],"picked":"Clash","floor":5},{"not_picked":["Fire Breathing","Pommel Strike"],"picked":"Sentinel","floor":7},{"not_picked":["True Grit","Cleave"],"picked":"Anger","floor":8},{"not_picked":["Headbutt","Body Slam"],"picked":"Infernal Blade","floor":12},{"not_picked":["Juggernaut","Fiend Fire","Demon Form"],"picked":"Impervious","floor":16},{"not_picked":["Searing Blow+1","Pummel","Body Slam"],"picked":"Clash","floor":18},{"not_picked":["Pommel Strike","Wild Strike","Clothesline"],"picked":"True Grit+1","floor":20},{"not_picked":["Heavy Blade+1","Body Slam","Rampage+1"],"picked":"Anger","floor":21},{"not_picked":["Power Through","Armaments","Whirlwind"],"picked":"Anger+1","floor":22},{"not_picked":["Impervious","Rage","Feel No Pain"],"picked":"Seeing Red","floor":24},{"not_picked":["Dropkick+1","Cleave+1","Perfected Strike"],"picked":"Seeing Red+1","floor":27},{"not_picked":["Demon Form","Metallicize+1","Rupture"],"picked":"Limit Break+1","floor":31}],"player_experience":53764,"relics_obtained":[{"floor":8,"key":"Eternal Feather"},{"floor":9,"key":"Shuriken"},{"floor":10,"key":"WingedGreaves"},{"floor":12,"key":"Question Card"},{"floor":26,"key":"Toxic Egg 2"}],"event_choices":[{"damage_healed":0,"gold_gain":0,"player_choice":"Entered Light","damage_taken":16,"max_hp_gain":0,"max_hp_loss":0,"event_name":"Shining Light","floor":3,"gold_loss":0,"cards_upgraded":["Defend_R","Strike_R"]},{"damage_healed":0,"gold_gain":0,"player_choice":"Ignored","damage_taken":0,"max_hp_gain":0,"max_hp_loss":0,"event_name":"NoteForYourself","floor":4,"gold_loss":0},{"damage_healed":0,"gold_gain":0,"player_choice":"Ignored","damage_taken":0,"max_hp_gain":0,"max_hp_loss":0,"event_name":"Ghosts","floor":19,"gold_loss":0},{"damage_healed":0,"gold_gain":0,"player_choice":"Traded Relic","damage_taken":0,"relics_obtained":["Nloth\u0027s Gift"],"max_hp_gain":0,"max_hp_loss":0,"event_name":"N\u0027loth","floor":30,"relics_lost":["Astrolabe"],"gold_loss":0}],"is_beta":false,"boss_relics":[{"not_picked":["Runic Dome","Black Star"],"picked":"Astrolabe"}],"items_purged_floors":[14,29],"is_endless":false,"potions_floor_spawned":[1,2,8,21,27,31],"killed_by":"Collector","ascension_level":0}}