{"host":"g2yp6paluzgljz05","time":1613431855,"event":{"mods":["BaseMod","Bestiary","Colored Powertips","DeckTracker","Highlight Path","Minty Spire (QoL Compilation)","Quick Restart"],"gold_per_floor":[19,19,31,31,31,31,31,31,31,46,75,75,0,13,13,116,116,131,31,47,59,59,59,94,104,104,131,6,24,38,38,38,142,142,155,226,226,226],"floor_reached":37,"language":"ENG","playtime":2513,"items_purged":["Strike_B","Barrage","Hologram+1"],"score":509,"play_id":"cdba4c2a-6560-4480-83b0-187f042c3889","local_time":"20210216103055","is_ascension_mode":true,"campfire_choices":[{"data":"Coolheaded","floor":6,"key":"SMITH"},{"floor":12,"key":"REST"},{"data":"Hologram","floor":15,"key":"SMITH"},{"data":"Fission","floor":23,"key":"SMITH"},{"floor":32,"key":"REST"}],"circlet_count":0,"master_deck":["Zap+1","Dualcast+1","Coolheaded+1","All For One+1","Biased Cognition","Coolheaded","Fission+1","Tempest","Defragment","Redo+1","Buffer","Redo"],"relics":["Cracked Core","Potion Belt","GremlinMask","Ginger","Toy Ornithopter","Pandora\u0027s Box","Whetstone","CaptainsWheel","Tiny Chest","Omamori","Nuclear Battery","Letter Opener"],"acts_visited":["Exordium","TheCity","TheBeyond"],"potions_floor_usage":[11,11,16,16,29,33,33],"damage_taken":[{"damage":0,"enemies":"Small Slimes","floor":1,"turns":2},{"damage":3,"enemies":"Cultist","floor":3,"turns":4},{"damage":0,"enemies":"2 Louse","floor":10,"turns":3},{"damage":18,"enemies":"Gremlin Nob","floor":11,"turns":3},{"damage":1,"enemies":"Looter","floor":14,"turns":3},{"damage":43,"enemies":"Slime Boss","floor":16,"turns":9},{"damage":22,"enemies":"2 Thieves","floor":18,"turns":3},{"damage":6,"enemies":"Chosen","floor":20,"turns":2},{"damage":0,"enemies":"3 Cultists","floor":21,"turns":4},{"damage":19,"enemies":"Gremlin Leader","floor":24,"turns":4},{"damage":0,"enemies":"Chosen and Byrds","floor":25,"turns":3},{"damage":19,"enemies":"Snake Plant","floor":29,"turns":2},{"damage":0,"enemies":"Snecko","floor":30,"turns":2},{"damage":18,"enemies":"Champ","floor":33,"turns":8},{"damage":0,"enemies":"3 Darklings","floor":35,"turns":4},{"damage":66,"enemies":"2 Orb Walkers","floor":37,"turns":3}],"seed_played":"4620148935502618113","potions_obtained":[{"floor":10,"key":"EntropicBrew"},{"floor":14,"key":"CultistPotion"},{"floor":16,"key":"Weak Potion"},{"floor":21,"key":"ColorlessPotion"},{"floor":24,"key":"PowerPotion"},{"floor":29,"key":"Fire Potion"}],"is_trial":false,"path_per_floor":["M","?","M","$","?","R","?","?","T","M","E","R","$","M","R","B",null,"M","$","M","M","?","R","E","M","T","T","$","M","M","?","R","B",null,"M","T","?"],"character_chosen":"DEFECT","items_purchased":[],"campfire_rested":2,"item_purchase_floors":[],"current_hp_per_floor":[75,75,72,72,57,57,50,50,50,50,32,54,54,53,53,29,64,42,42,36,36,36,36,17,17,17,17,17,3,3,3,25,17,61,61,61,0,0],"gold":226,"neow_bonus":"TRANSFORM_TWO_CARDS","is_daily":false,"chose_seed":false,"campfire_upgraded":3,"win_rate":0.0,"timestamp":1613431855,"path_taken":["M","?","?","$","?","R","?","?","T","?","E","R","?","M","R","BOSS","M","$","M","?","?","R","E","M","T","?","?","M","?","?","R","BOSS","M","?","?"],"items_purchased_type":[],"build_version":"2020-12-22","purchased_purges":3,"victory":false,"max_hp_per_floor":[75,75,75,75,75,75,75,75,75,75,75,75,75,75,75,75,75,75,75,75,75,75,75,75,75,75,75,75,75,75,75,75,75,75,75,75,75,75],"card_choices":[{"not_picked":["Steam","Cold Snap","Conserve Battery"],"picked":"SKIP","floor":1},{"not_picked":["Beam Cell","Redo"],"picked":"Coolheaded","floor":3},{"not_picked":["Conserve Battery","Go for the Eyes","Leap"],"picked":"SKIP","floor":10},{"not_picked":["Beam Cell","Reprogram","Barrage"],"picked":"SKIP","floor":11},{"not_picked":["Stack","Auto Shields"],"picked":"All For One","floor":14},{"not_picked":["Seek","Meteor Strike"],"picked":"Biased Cognition","floor":16},{"not_picked":["Rebound","Genetic Algorithm+1","Storm+1"],"picked":"SKIP","floor":18},{"not_picked":["Glacier","Hologram"],"picked":"Defragment","floor":20},{"not_picked":["Steam+1","Static Discharge+1"],"picked":"Redo+1","floor":21},{"not_picked":["Redo","Go for the Eyes+1","Steam"],"picked":"SKIP","floor":24},{"not_picked":["Sunder","Gash","Scrape"],"picked":"SKIP","floor":25},{"not_picked":["Leap","Rebound","Skim+1"],"picked":"SKIP","floor":29},{"not_picked":["Conserve Battery","Rainbow","Auto Shields"],"picked":"SKIP","floor":30},{"not_picked":["Thunder Strike","All For One"],"picked":"Buffer","floor":33},{"not_picked":["Rebound+1","Streamline"],"picked":"Redo","floor":35}],"player_experience":373492,"relics_obtained":[{"floor":9,"key":"Ginger"},{"floor":11,"key":"Toy Ornithopter"},{"floor":24,"key":"Whetstone"},{"floor":26,"key":"CaptainsWheel"},{"floor":27,"key":"Tiny Chest"},{"floor":36,"key":"Letter Opener"}],"event_choices":[{"cards_removed":["Melter"],"damage_healed":0,"gold_gain":0,"player_choice":"Gave Card","damage_taken":0,"relics_obtained":["Potion Belt"],"max_hp_gain":0,"max_hp_loss":0,"event_name":"WeMeetAgain","floor":2,"gold_loss":0},{"damage_healed":0,"gold_gain":0,"player_choice":"Entered Light","damage_taken":15,"max_hp_gain":0,"max_hp_loss":0,"event_name":"Shining Light","floor":5,"gold_loss":0,"cards_upgraded":["Zap","Dualcast"]},{"cards_removed":["Strike_B"],"damage_healed":0,"gold_gain":0,"player_choice":"Card Removal","damage_taken":7,"max_hp_gain":0,"max_hp_loss":0,"event_name":"Golden Wing","floor":7,"gold_loss":0},{"damage_healed":0,"gold_gain":0,"player_choice":"Trade","damage_taken":0,"relics_obtained":["GremlinMask"],"max_hp_gain":0,"max_hp_loss":0,"event_name":"FaceTrader","floor":8,"gold_loss":0},{"damage_healed":0,"gold_gain":0,"player_choice":"Ignored","damage_taken":0,"max_hp_gain":0,"max_hp_loss":0,"event_name":"Vampires","floor":22,"gold_loss":0},{"damage_healed":0,"gold_gain":0,"player_choice":"Opened","damage_taken":0,"relics_obtained":["Omamori"],"max_hp_gain":0,"max_hp_loss":0,"event_name":"The Mausoleum","floor":31,"gold_loss":0},{"damage_healed":0,"gold_gain":0,"player_choice":"Fight","damage_taken":0,"max_hp_gain":0,"max_hp_loss":0,"event_name":"Mysterious Sphere","floor":37,"gold_loss":0}],"is_beta":false,"boss_relics":[{"not_picked":["Philosopher\u0027s Stone","Snecko Eye"],"picked":"Pandora\u0027s Box"},{"not_picked":["Astrolabe","Black Star"],"picked":"Nuclear Battery"}],"items_purged_floors":[13,19,28],"is_endless":false,"potions_floor_spawned":[10,14,16,21,24,29],"killed_by":"2 Orb Walkers","ascension_level":5}}