{"host":"9nqlpswyo8o6ezw3","time":1613416665,"event":{"mods":["Act Like it!","BaseMod","Downfall","Hallownest","Hermit","Lobotomy","LobotomyExtend","Marisa????????","Minty Spire (QoL Compilation)","StSLib","The Bug Knight","The Cursed"],"gold_per_floor":[110,90,106,124,143,143,178,178,178,194,110,110,110,110,110,110,110],"floor_reached":16,"language":"ENG","playtime":1243,"items_purged":[],"score":100,"play_id":"8efb3bc3-a3dd-4394-8b63-698137b996be","local_time":"20210215141745","is_ascension_mode":false,"campfire_choices":[{"floor":6,"key":"REST"},{"data":"hermit:Showdown","floor":8,"key":"SMITH"},{"data":"hermit:Maintenance","floor":12,"key":"SMITH"},{"data":"hermit:Vantage","floor":15,"key":"SMITH"}],"circlet_count":0,"master_deck":["hermit:Strike_Hermit","hermit:Strike_Hermit","hermit:Strike_Hermit","hermit:Strike_Hermit","hermit:Defend_Hermit","hermit:Defend_Hermit","hermit:Defend_Hermit","hermit:Defend_Hermit","hermit:Snapshot","hermit:Covet","DespairKnight","hermit:Spite","hermit:TrackingShot","OldLady","hermit:Enervate","MeatLantern","hermit:Vantage+1","BigBird","hermit:Showdown+1","UniverseFragment","hermit:Glare","hermit:Maintenance+1","hermit:HighCaliber","Regret"],"relics":["hermit:Momento","CogitoBucket","LetterFromLob","Pen Nib","Orichalcum","SkinProphecy","HollowMod:StagPassRelic"],"acts_visited":["Exordium"],"potions_floor_usage":[10],"damage_taken":[{"damage":1,"enemies":"Jaw Worm","floor":1,"turns":3},{"damage":0,"enemies":"Cultist","floor":3,"turns":3},{"damage":6,"enemies":"2 Louse","floor":4,"turns":3},{"damage":18,"enemies":"Red Slaver","floor":5,"turns":4},{"damage":18,"enemies":"3 Sentries","floor":7,"turns":8},{"damage":5,"enemies":"Blue Slaver","floor":10,"turns":6},{"damage":72,"enemies":"Slime Boss","floor":16,"turns":11}],"seed_played":"1371315795585000564","potions_obtained":[{"floor":2,"key":"Dexterity Potion"},{"floor":3,"key":"SmokeBomb"},{"floor":5,"key":"Regen Potion"}],"is_trial":false,"path_per_floor":["M","?","M","M","M","R","E","R","T","M","$","R","?","?","R","B"],"character_chosen":"HERMIT","items_purchased":["hermit:Maintenance","hermit:HighCaliber"],"campfire_rested":1,"item_purchase_floors":[11,11],"current_hp_per_floor":[74,74,74,68,50,72,54,54,54,64,64,64,64,75,75,0,0],"gold":110,"neow_bonus":"","is_daily":false,"chose_seed":false,"campfire_upgraded":3,"win_rate":0.0,"timestamp":1613416665,"path_taken":["M","?","M","M","M","R","E","R","T","M","$","R","?","?","R","BOSS"],"items_purchased_type":["Card","Card"],"build_version":"2020-12-22","purchased_purges":0,"victory":false,"max_hp_per_floor":[75,75,75,75,75,75,75,75,75,75,75,75,75,75,75,77,77],"card_choices":[{"not_picked":["OSAHOGD","BeautyBeast"],"picked":"DespairKnight","floor":1},{"not_picked":["hermit:Gestalt","hermit:HoleUp"],"picked":"hermit:Spite","floor":1},{"not_picked":["hermit:Manifest","hermit:Midnight"],"picked":"hermit:TrackingShot","floor":3},{"not_picked":["MHz","PunishingBird"],"picked":"RedShoes","floor":3},{"not_picked":["Wellcheers","VoidDream"],"picked":"OldLady","floor":4},{"not_picked":["hermit:Ricochet","hermit:LowProfile"],"picked":"hermit:Enervate","floor":4},{"not_picked":["PunishingBird","SnowQueen"],"picked":"MeatLantern","floor":5},{"not_picked":["hermit:Magnum","hermit:Horror"],"picked":"hermit:Vantage","floor":5},{"not_picked":["HeroicMonk","Scorched"],"picked":"BigBird","floor":7},{"not_picked":["hermit:Ricochet","hermit:Dive"],"picked":"hermit:Showdown","floor":7},{"not_picked":["UniverseFragment","BeautyBeast","CherryBlossoms"],"picked":"Singing Bowl","floor":10},{"not_picked":["HappyTeddy","BigBadWolf"],"picked":"UniverseFragment","floor":10},{"not_picked":["hermit:Gestalt","hermit:Snipe"],"picked":"hermit:Glare","floor":10}],"player_experience":36417,"relics_obtained":[{"floor":1,"key":"LetterFromLob"},{"floor":7,"key":"Pen Nib"},{"floor":9,"key":"Orichalcum"}],"event_choices":[{"damage_healed":0,"gold_gain":0,"player_choice":"Bought 1 Potion","damage_taken":0,"max_hp_gain":0,"max_hp_loss":0,"event_name":"The Woman in Blue","floor":2,"gold_loss":0},{"damage_healed":0,"gold_gain":0,"player_choice":"Box","damage_taken":0,"relics_obtained":["HollowMod:StagPassRelic"],"max_hp_gain":0,"max_hp_loss":0,"event_name":"Big Fish","floor":13,"gold_loss":0,"cards_obtained":["Regret"]},{"cards_removed":["RedShoes"],"damage_healed":11,"gold_gain":0,"player_choice":"Offered Uncommon","damage_taken":0,"max_hp_gain":0,"max_hp_loss":0,"event_name":"Bonfire Elementals","floor":14,"gold_loss":0}],"is_beta":false,"boss_relics":[],"items_purged_floors":[],"is_endless":false,"potions_floor_spawned":[3,5],"killed_by":"Slime Boss","ascension_level":0}}