{"host":"c35j6tsoy7cxzn43","time":1613392801,"event":{"mods":["BaseMod","Better Third Choice","BetterRewards","Colored Map","Colored Powertips","Conspire","Highlight Path","Hubris","Infinite Spire","Minty Spire (QoL Compilation)","Quick Restart","Replay The Spire","Shop Mod","StSLib"],"gold_per_floor":[211,211,267,284,299,324,324,324,324,337,372,69,69,99,99,214,214,245,272,49,249,273,289,289],"floor_reached":23,"language":"ENG","playtime":858,"items_purged":["Strike_B"],"score":251,"play_id":"325f8c19-3d51-4792-91cc-dd7f5ed6c0be","local_time":"20210215134001","is_ascension_mode":false,"campfire_choices":[{"data":"Ball Lightning","floor":7,"key":"SMITH"},{"data":"Ball Lightning","floor":13,"key":"SMITH"},{"data":"Zap","floor":15,"key":"SMITH"}],"circlet_count":0,"master_deck":["Strike_B","Strike_B","Strike_B","Defend_B","Defend_B","Defend_B","Defend_B","Zap+1","Dualcast","Sweeping Beam+1","Ball Lightning+1","Ball Lightning+1","Rainbow+1","Multi-Cast","Sunder+1","Conserve Battery+1"],"relics":["Cracked Core","hubris:Towel","Regal Pillow","Replay:Baseball","Replay:Towering Pillar of Hats","Replay:Bandana","hubris:BallOfYels","Guide Book","hubris:TerracottaHorce","MealTicket"],"acts_visited":["Exordium","TheCity"],"potions_floor_usage":[6,19,23,23],"damage_taken":[{"damage":1,"enemies":"2 Louse","floor":1,"turns":2},{"damage":1,"enemies":"Cultist","floor":4,"turns":3},{"damage":0,"enemies":"Small Slimes","floor":5,"turns":3},{"damage":6,"enemies":"Gremlin Nob","floor":6,"turns":3},{"damage":8,"enemies":"Red Slaver","floor":10,"turns":2},{"damage":17,"enemies":"3 Sentries","floor":11,"turns":5},{"damage":8,"enemies":"Exordium Thugs","floor":14,"turns":3},{"damage":0,"enemies":"Slime Boss","floor":16,"turns":5},{"damage":9,"enemies":"2 Thieves","floor":18,"turns":2},{"damage":7,"enemies":"3 Byrds","floor":19,"turns":2},{"damage":14,"enemies":"Snake Plant","floor":22,"turns":2},{"damage":38,"enemies":"Gremlin Leader","floor":23,"turns":5}],"seed_played":"-490538751356081047","potions_obtained":[{"floor":3,"key":"Explosive Potion"},{"floor":3,"key":"Venom Potion"},{"floor":4,"key":"Doom Potion"},{"floor":6,"key":"ColorlessPotion"},{"floor":11,"key":"Strength Potion"},{"floor":18,"key":"Explosive Potion"},{"floor":22,"key":"Explosive Potion"}],"is_trial":false,"path_per_floor":["M","?","?","M","M","E","R","?","T","M","E","$","R","M","R","B",null,"M","M","$","?","M","E"],"character_chosen":"DEFECT","items_purchased":["hubris:BallOfYels","Guide Book","MealTicket"],"campfire_rested":0,"item_purchase_floors":[12,12,20],"current_hp_per_floor":[74,74,56,55,55,49,49,49,49,41,24,24,24,16,16,16,60,51,44,44,44,30,0,0],"gold":289,"neow_bonus":"HUNDRED_GOLD","is_daily":false,"chose_seed":false,"campfire_upgraded":3,"win_rate":0.0,"timestamp":1613392801,"path_taken":["M","?","?","M","M","E","R","?","T","?","E","$","R","M","R","BOSS","M","M","$","?","?","E"],"items_purchased_type":["Relic","Relic","Relic"],"build_version":"2020-12-22","purchased_purges":1,"victory":false,"max_hp_per_floor":[75,75,75,75,75,75,75,75,75,75,75,75,75,75,75,75,75,75,75,75,75,75,75,75],"card_choices":[{"not_picked":["Streamline","Rebound"],"picked":"Sweeping Beam","floor":1},{"not_picked":["Cold Snap","Stack","ReplaySort"],"picked":"SKIP","floor":4},{"not_picked":["Leap","ReplayGash"],"picked":"Ball Lightning","floor":5},{"not_picked":["Time Bomb","Cold Snap"],"picked":"Ball Lightning","floor":6},{"not_picked":["Stack","ReplayTheSpireMod:Dual Polarity","Aggregate"],"picked":"SKIP","floor":10},{"not_picked":["Conserve Battery","Steam"],"picked":"Rainbow","floor":11},{"not_picked":["Rebound","Skim","Leap"],"picked":"SKIP","floor":14},{"not_picked":["Biased Cognition","ReplayTheSpireMod:Fabricate Wheel"],"picked":"Multi-Cast","floor":16},{"not_picked":["Turbo","Loop"],"picked":"Sunder+1","floor":18},{"not_picked":["Aggregate","ReplaySort","Meteor Strike"],"picked":"SKIP","floor":19},{"not_picked":["ReplayGash+1","Chaos"],"picked":"Conserve Battery+1","floor":22}],"player_experience":475982,"relics_obtained":[{"floor":3,"key":"Regal Pillow"},{"floor":6,"key":"Replay:Baseball"},{"floor":9,"key":"Replay:Towering Pillar of Hats"},{"floor":11,"key":"Replay:Bandana"}],"event_choices":[{"damage_healed":0,"gold_gain":0,"player_choice":"Bought 0 Potions","damage_taken":0,"max_hp_gain":0,"max_hp_loss":0,"event_name":"The Woman in Blue","floor":8,"gold_loss":0},{"damage_healed":0,"gold_gain":200,"player_choice":"Gold","damage_taken":0,"max_hp_gain":0,"max_hp_loss":0,"event_name":"Wheel of Change","floor":21,"gold_loss":0}],"is_beta":false,"boss_relics":[{"not_picked":["Runic Dome","ReplayTheSpireMod:DimensionalGlitch"],"picked":"hubris:TerracottaHorce"}],"items_purged_floors":[20],"is_endless":false,"potions_floor_spawned":[4,6,11,18,22],"killed_by":"Gremlin Leader","ascension_level":0}}