{"host":"q8mjpf3krl0t4p3x","time":1613363538,"event":{"mods":["BaseMod","Colored Map","Colored Powertips","Googly Eyes","Minty Spire (QoL Compilation)","Quick Restart","StSLib","everything is the same but u backflip on backflip","slay the spire mod where everything is the same but ironclad has a cowboy hat"],"gold_per_floor":[115,80,80,95,95,95,112,112,112,125,125,142,43,61,61,162,162,177,37,49,49,64,64,96,111,111,128,128,148,163,163,163],"floor_reached":31,"language":"ENG","playtime":1203,"items_purged":[],"score":276,"play_id":"1bfb3d81-bc88-4b36-8035-c4e9f12430e5","local_time":"20210214203218","is_ascension_mode":false,"campfire_choices":[{"data":"FearNoEvil","floor":6.0,"key":"SMITH"},{"data":"Conclude","floor":11.0,"key":"SMITH"},{"data":"MentalFortress","floor":15.0,"key":"SMITH"},{"data":"WreathOfFlame","floor":23.0,"key":"SMITH"},{"floor":28,"key":"REST"}],"circlet_count":0,"master_deck":["Strike_P","Strike_P","Strike_P","Strike_P","Defend_P","Defend_P","Defend_P","Defend_P","Eruption+1","Vigilance","FearNoEvil+1","ClearTheMind","Tantrum","Conclude+1","MentalFortress+1","WreathOfFlame+1","EmptyFist","Halt","EmptyBody+1"],"relics":["PureWater","Dead Branch","Peace Pipe","Singing Bowl","Damaru","Gremlin Horn"],"acts_visited":["Exordium","TheCity"],"potions_floor_usage":[30],"damage_taken":[{"damage":0.0,"enemies":"Small Slimes","floor":1.0,"turns":2.0},{"damage":0.0,"enemies":"Cultist","floor":4.0,"turns":2.0},{"damage":1.0,"enemies":"Jaw Worm","floor":7.0,"turns":3.0},{"damage":11.0,"enemies":"Large Slime","floor":10.0,"turns":5.0},{"damage":0.0,"enemies":"3 Louse","floor":12.0,"turns":1.0},{"damage":10.0,"enemies":"Gremlin Gang","floor":14.0,"turns":3.0},{"damage":67.0,"enemies":"The Guardian","floor":16.0,"turns":7.0},{"damage":0.0,"enemies":"Chosen","floor":18.0,"turns":3.0},{"damage":15.0,"enemies":"2 Thieves","floor":20.0,"turns":2.0},{"damage":0.0,"enemies":"Shelled Parasite and Fungi","floor":22.0,"turns":1.0},{"damage":13.0,"enemies":"Slavers","floor":24.0,"turns":4.0},{"damage":27.0,"enemies":"Snake Plant","floor":25.0,"turns":5.0},{"damage":31,"enemies":"Snecko","floor":27,"turns":5},{"damage":21,"enemies":"3 Cultists","floor":29,"turns":4},{"damage":1,"enemies":"Centurion and Healer","floor":30,"turns":3},{"damage":33,"enemies":"Snake Plant","floor":31,"turns":4}],"seed_played":"-3252941291372760409","potions_obtained":[{"floor":1.0,"key":"Fire Potion"},{"floor":7.0,"key":"FairyPotion"},{"floor":10.0,"key":"BlessingOfTheForge"},{"floor":14.0,"key":"Strength Potion"},{"floor":18.0,"key":"Explosive Potion"},{"floor":20.0,"key":"Energy Potion"},{"floor":29,"key":"DistilledChaos"},{"floor":30,"key":"DuplicationPotion"}],"is_trial":false,"path_per_floor":["M","?","?","M","?","R","M","?","T","M","R","M","$","M","R","B",null,"M","$","M","?","M","R","E","M","T","M","R","M","M","M"],"character_chosen":"WATCHER","items_purchased":["Fruit Juice","WreathOfFlame","Fruit Juice"],"campfire_rested":1,"item_purchase_floors":[13,19,19],"current_hp_per_floor":[51,69,69,69,69,69,68,56,56,45,45,47,52,42,42,9,81,83,88,75,90,90,90,77,52,52,23,51,32,31,0,0],"gold":163,"neow_bonus":"ONE_RARE_RELIC","is_daily":false,"chose_seed":false,"campfire_upgraded":4,"win_rate":0.0,"timestamp":1613363538,"path_taken":["M","?","?","?","?","R","M","?","T","M","R","M","$","M","R","BOSS","M","$","M","?","M","R","E","M","T","M","R","M","M","M"],"items_purchased_type":["Potion","Card","Potion"],"build_version":"2020-12-22","purchased_purges":0,"victory":false,"max_hp_per_floor":[72,72,72,72,72,72,72,72,72,72,72,74,79,79,79,81,81,83,88,90,90,90,90,90,92,92,94,94,96,96,96,96],"card_choices":[{"not_picked":["BowlingBash","Evaluate"],"picked":"FearNoEvil","floor":1.0},{"not_picked":["SandsOfTime","Evaluate"],"picked":"ClearTheMind","floor":4.0},{"not_picked":["Devotion","JustLucky"],"picked":"Tantrum","floor":7.0},{"not_picked":["WaveOfTheHand","FollowUp"],"picked":"Conclude","floor":10.0},{"not_picked":["Sanctity","BowlingBash","SandsOfTime"],"picked":"Singing Bowl","floor":12.0},{"not_picked":["CrushJoints","FlurryOfBlows"],"picked":"MentalFortress","floor":14.0},{"not_picked":["Vault","Alpha","Scrawl"],"picked":"Singing Bowl","floor":16.0},{"not_picked":["Wallop","Conclude+1","Sanctity"],"picked":"Singing Bowl","floor":18.0},{"not_picked":["FlyingSleeves","Evaluate","FlurryOfBlows"],"picked":"Singing Bowl","floor":20.0},{"not_picked":["DevaForm","ForeignInfluence"],"picked":"EmptyFist","floor":22.0},{"not_picked":["Protect","ForeignInfluence"],"picked":"Halt","floor":24.0},{"not_picked":["Fasting2","Crescendo","ClearTheMind"],"picked":"Singing Bowl","floor":25.0},{"not_picked":["FollowUp","ReachHeaven","Consecrate"],"picked":"Singing Bowl","floor":27},{"not_picked":["Prostrate+1","Consecrate","ReachHeaven+1"],"picked":"Singing Bowl","floor":29},{"not_picked":["WaveOfTheHand","Prostrate"],"picked":"EmptyBody+1","floor":30}],"player_experience":115437,"relics_obtained":[{"floor":9.0,"key":"Singing Bowl"},{"floor":24.0,"key":"Damaru"},{"floor":26.0,"key":"Gremlin Horn"}],"event_choices":[{"damage_healed":18.0,"max_hp_gain":0.0,"max_hp_loss":0.0,"gold_gain":0.0,"event_name":"The Cleric","player_choice":"Healed","floor":2.0,"gold_loss":35.0,"damage_taken":0.0},{"damage_healed":0.0,"max_hp_gain":0.0,"max_hp_loss":0.0,"gold_gain":0.0,"event_name":"Upgrade Shrine","player_choice":"Upgraded","floor":3.0,"gold_loss":0.0,"damage_taken":0.0,"cards_upgraded":["Eruption"]},{"damage_healed":0.0,"max_hp_gain":0.0,"max_hp_loss":0.0,"gold_gain":0.0,"event_name":"Golden Idol","player_choice":"Ignored","floor":5.0,"gold_loss":0.0,"damage_taken":0.0},{"damage_healed":0.0,"max_hp_gain":0.0,"max_hp_loss":0.0,"gold_gain":0.0,"event_name":"Scrap Ooze","player_choice":"Success","floor":8.0,"gold_loss":0.0,"damage_taken":12.0,"relics_obtained":["Peace Pipe"]},{"damage_healed":30.0,"max_hp_gain":0.0,"max_hp_loss":0.0,"gold_gain":0.0,"event_name":"The Library","player_choice":"Heal","floor":21.0,"gold_loss":0.0,"damage_taken":0.0}],"is_beta":false,"boss_relics":[{"not_picked":["Coffee Dripper","Cursed Key","Fusion Hammer"]}],"items_purged_floors":[],"is_endless":false,"potions_floor_spawned":[1,7,10,14,18,20,29,30],"killed_by":"Snake Plant","ascension_level":0}}