{"host":"8u1cu4kisw6g21am","time":1613365600,"event":{"mods":["AchievementEnabler","BaseMod","Bestiary","Better Note","BetterRewards","Marked Mod","Mimic Mod","Minty Spire (QoL Compilation)","Quick Restart","Shop Mod","Spicy Shops","StSLib"],"gold_per_floor":[119,131,142,317,317,317,345,365,365,382,382,447,447,467,467,570,570,582,592,592,602,602,634,634,665,665,693,693,693,693,707,707,810,810,825,839,839,857,544,572,587,621,621,621,621,654,654,680,680,680,680,680,152,186,186],"floor_reached":56,"language":"ENG","playtime":6705,"items_purged":["Strike_G","Regret","Strike_G","Strike_G","Strike_G","Strike_G","Defend_G","Defend_G","Defend_G","Defend_G","Neutralize","Defend_G","Survivor","Quick Slash","Bane","Deadly Poison+1","Bane","Envenom+1","Bane+1"],"score":2208,"play_id":"21682da6-28f4-4454-8845-7dcc4419eda8","local_time":"20210215000640","is_ascension_mode":true,"campfire_choices":[{"data":"Doubt","floor":6.0,"key":"PURGE"},{"floor":13.0,"key":"RECALL"},{"floor":15.0,"key":"REST"},{"data":"Sadistic Nature","floor":24,"key":"SMITH"},{"floor":29,"key":"REST"},{"floor":32,"key":"REST"},{"floor":45,"key":"REST"},{"floor":47,"key":"REST"},{"floor":49,"key":"REST"},{"data":"Bane+1","floor":52,"key":"PURGE"}],"circlet_count":0,"master_deck":["Sadistic Nature+1","Poisoned Stab+1","Backflip+1","Catalyst+1","Sadistic Nature+1","Backflip+1","Crippling Poison+1","Corpse Explosion+1","Backflip+1","Poisoned Stab+1","Catalyst+1","Bane+1","Poisoned Stab+1","Poisoned Stab+1","Outmaneuver+1","Intimidate+1","Intimidate+1","Burst+1","Intimidate+1","Intimidate+1","Poisoned Stab+1"],"relics":["Ring of the Snake","MerchantsRug","Matryoshka","Anchor","Meat on the Bone","Boot","Lizard Tail","TwistedFunnel","Peace Pipe","Prayer Wheel","HornCleat","PreservedInsect","Snake Skull","Membership Card","Blood Vial","Bottled Tornado","CaptainsWheel","Toxic Egg 2","The Specimen","Question Card","Molten Egg 2","Frozen Egg 2","Singing Bowl","Dream Catcher","PrismaticShard","Oddly Smooth Stone","Eternal Feather","Nunchaku","Bag of Preparation","Philosopher\u0027s Stone","Ornamental Fan","Ancient Tea Set","Bronze Scales","Pantograph","Paper Crane","Fusion Hammer","Darkstone Periapt","Mercury Hourglass","Mummified Hand","Sundial","Pear","White Beast Statue","Mango","Bag of Marbles","Bird Faced Urn"],"acts_visited":["Exordium","TheCity","TheBeyond","TheEnding"],"potions_floor_usage":[55,55,55,55,55,55],"damage_taken":[{"damage":0.0,"enemies":"2 Louse","floor":1.0,"turns":1.0},{"damage":0.0,"enemies":"Small Slimes","floor":2.0,"turns":1.0},{"damage":0.0,"enemies":"Cultist","floor":3.0,"turns":1.0},{"damage":0.0,"enemies":"Lagavulin","floor":7.0,"turns":2.0},{"damage":0.0,"enemies":"Exordium Wildlife","floor":8.0,"turns":1.0},{"damage":0.0,"enemies":"Blue Slaver","floor":10.0,"turns":2.0},{"damage":0.0,"enemies":"3 Sentries","floor":12.0,"turns":1.0},{"damage":0.0,"enemies":"3 Louse","floor":14.0,"turns":1.0},{"damage":0.0,"enemies":"Hexaghost","floor":16.0,"turns":2.0},{"damage":0.0,"enemies":"Shell Parasite","floor":18.0,"turns":1.0},{"damage":0.0,"enemies":"3 Byrds","floor":19.0,"turns":1.0},{"damage":0.0,"enemies":"Centurion and Healer","floor":21.0,"turns":1.0},{"damage":0,"enemies":"Book of Stabbing","floor":23,"turns":2},{"damage":0,"enemies":"Gremlin Leader","floor":25,"turns":1},{"damage":0,"enemies":"Slavers","floor":27,"turns":1},{"damage":0,"enemies":"Snake Plant","floor":31,"turns":1},{"damage":0,"enemies":"Collector","floor":33,"turns":2},{"damage":0,"enemies":"Orb Walker","floor":35,"turns":1},{"damage":0,"enemies":"3 Darklings","floor":36,"turns":1},{"damage":0,"enemies":"Sphere and 2 Shapes","floor":38,"turns":1},{"damage":0,"enemies":"Giant Head","floor":40,"turns":2},{"damage":0,"enemies":"Jaw Worm Horde","floor":41,"turns":1},{"damage":0,"enemies":"Nemesis","floor":42,"turns":1},{"damage":0,"enemies":"Giant Head","floor":46,"turns":2},{"damage":0,"enemies":"Nemesis","floor":48,"turns":1},{"damage":0,"enemies":"Time Eater","floor":50,"turns":2},{"damage":0,"enemies":"Shield and Spear","floor":54,"turns":1},{"damage":15,"enemies":"The Heart","floor":55,"turns":3}],"seed_played":"-4727627705539505317","potions_obtained":[{"floor":7.0,"key":"GhostInAJar"},{"floor":46,"key":"FairyPotion"}],"is_trial":false,"path_per_floor":["M","M","M","?","?","R","E","M","T","M","$","?","R","M","R","B",null,"M","M","$","M","?","E","R","E","T","E","?","R","?","M","R","B",null,"M","M","?","M","$","E","M","E","T","$","R","E","R","E","R","B",null,"R","$","E","B",null],"character_chosen":"THE_SILENT","items_purchased":["MerchantsRug","Sadistic Nature","Matryoshka","Anchor","Meat on the Bone","Boot","TwistedFunnel","Peace Pipe","Energy Potion","DuplicationPotion","Energy Potion","Prayer Wheel","Lee\u0027s Waffle","HornCleat","Potion Belt","EntropicBrew","PreservedInsect","Poisoned Stab","Snake Skull","Orichalcum","Membership Card","Blood Vial","Bottled Tornado","Orrery","GhostInAJar","Ancient Potion","Bane","Deadly Poison","Toxic Egg 2","The Specimen","Backflip+1","Quick Slash","Catalyst+1","DollysMirror","Question Card","Backflip+1","Bane","Bane","Crippling Poison+1","Molten Egg 2","Corpse Explosion+1","Frozen Egg 2","Envenom+1","Backflip+1","Poisoned Stab+1","Catalyst+1","War Paint","Bane+1","Poisoned Stab+1","Whetstone","Poisoned Stab+1","Singing Bowl","Dream Catcher","PrismaticShard","Outmaneuver+1","Darkstone Periapt","Mango","Bag of Marbles","Ancient Potion"],"campfire_rested":6,"item_purchase_floors":[0,0,0,0,0,0,0,0,0,0,0,0,0,0,0,0,0,0,0,0,0,0,0,0,0,0,0,0,0,0,0,0,0,0,0,0,0,0,0,0,0,0,0,0,0,0,0,0,0,0,0,0,0,0,0,39,53,53,53],"current_hp_per_floor":[89,91,95,95,95,95,97,99,99,103,103,105,105,107,109,109,109,113,115,115,119,119,121,121,123,123,125,125,127,121,127,133,135,135,137,141,151,155,155,155,159,161,161,161,163,175,175,177,179,179,179,179,193,195,180],"gold":186,"neow_bonus":"","is_daily":false,"chose_seed":false,"campfire_upgraded":1,"win_rate":0.0,"timestamp":1613365600,"path_taken":["M","M","M","?","?","R","E","M","T","?","$","?","R","M","R","BOSS","M","M","$","M","?","E","R","E","T","E","?","R","?","?","R","BOSS","M","M","?","M","$","E","M","E","T","$","R","E","R","E","R","BOSS","R","$","E","BOSS"],"items_purchased_type":["Relic","Card","Relic","Relic","Relic","Relic","Relic","Relic","Potion","Potion","Potion","Relic","Relic","Relic","Relic","Potion","Relic","Card","Relic","Relic","Relic","Relic","Relic","Relic","Potion","Potion","Card","Card","Relic","Relic","Card","Card","Card","Relic","Relic","Card","Card","Card","Card","Relic","Card","Relic","Card","Card","Card","Card","Relic","Card","Card","Relic","Card","Relic","Relic","Relic","Card","Relic","Relic","Relic","Potion"],"build_version":"2020-12-22","purchased_purges":19,"victory":true,"max_hp_per_floor":[89,91,95,95,95,95,97,99,99,103,103,105,105,107,109,109,109,113,115,115,119,119,121,121,123,123,125,125,127,127,131,133,135,135,137,141,151,155,155,155,159,161,161,161,163,175,175,177,179,179,179,179,193,195,195],"card_choices":[{"not_picked":["Acrobatics+1","Dash+1","Outmaneuver+1"],"picked":"Singing Bowl","floor":0.0},{"not_picked":["PiercingWail+1","Distraction+1","Underhanded Strike+1"],"picked":"Singing Bowl","floor":0.0},{"not_picked":["Glass Knife+1","Backflip+1"],"picked":"Bane+1","floor":0.0},{"not_picked":["Dagger Spray+1","Backflip+1","Predator+1"],"picked":"Singing Bowl","floor":0.0},{"not_picked":["Underhanded Strike+1","Leg Sweep+1","Outmaneuver+1"],"picked":"Singing Bowl","floor":0.0},{"not_picked":["Recycle+1","Go for the Eyes+1","Self Repair+1","Deflect+1"],"picked":"Singing Bowl","floor":1.0},{"not_picked":["CarveReality+1","Backstab+1","CrushJoints+1","Lockon+1"],"picked":"Singing Bowl","floor":1.0},{"not_picked":["Stack+1","Underhanded Strike+1","Shrug It Off+1","Compile Driver+1"],"picked":"Singing Bowl","floor":2.0},{"not_picked":["Sucker Punch+1","Force Field+1","Deep Breath+1"],"picked":"Intimidate+1","floor":2.0},{"not_picked":["EmptyBody+1","Pommel Strike+1","Havoc+1","Consecrate+1"],"picked":"Singing Bowl","floor":3.0},{"not_picked":["Pummel+1","DeceiveReality+1","Sunder+1","Acrobatics+1"],"picked":"Singing Bowl","floor":3.0},{"not_picked":["Masterful Stab+1","WheelKick+1","Turbo+1","Glass Knife+1"],"picked":"Singing Bowl","floor":7.0},{"not_picked":["Rage+1","Steam Power+1","Recycle+1","Flying Knee+1"],"picked":"Singing Bowl","floor":8.0},{"not_picked":["MarkedMod:GracefulMovements+1","Ball Lightning+1","Flex+1"],"picked":"Intimidate+1","floor":8.0},{"not_picked":["True Grit+1","Blizzard+1","Blind+1","BowlingBash+1"],"picked":"Singing Bowl","floor":10.0},{"not_picked":["Havoc+1","Headbutt+1","Eviscerate+1","Crescendo+1"],"picked":"Singing Bowl","floor":10.0},{"not_picked":["Heavy Blade+1","Poisoned Stab+1","Compile Driver+1","Dagger Throw+1"],"picked":"Singing Bowl","floor":12.0},{"not_picked":["Wild Strike+1","Go for the Eyes+1","Rebound+1","EmptyFist+1"],"picked":"Singing Bowl","floor":14.0},{"not_picked":["All Out Attack+1","Sunder+1","Rebound+1"],"picked":"Blasphemy+1","floor":14.0},{"not_picked":["Deflect+1","FlurryOfBlows+1","Armaments+1","Storm+1"],"picked":"Singing Bowl","floor":15.0},{"not_picked":["Panache+1","Transmutation+1","Ragnarok+1"],"picked":"Burst+1","floor":16.0},{"not_picked":["FlyingSleeves+1","Body Slam+1","Thunderclap+1","Fusion+1"],"picked":"Singing Bowl","floor":18.0},{"not_picked":["Outmaneuver+1","PiercingWail+1","PathToVictory+1","EmptyFist+1"],"picked":"Singing Bowl","floor":18.0},{"not_picked":["Leap+1","Rampage+1","JustLucky+1"],"picked":"Intimidate+1","floor":19.0},{"not_picked":["Deadly Poison+1","Glass Knife+1","Fire Breathing+1","Redo+1"],"picked":"Singing Bowl","floor":19.0},{"not_picked":["Dagger Spray+1","Sweeping Beam+1","Combust+1","White Noise+1"],"picked":"Singing Bowl","floor":21.0},{"not_picked":["FlurryOfBlows+1","FearNoEvil+1","Rampage+1","True Grit+1"],"picked":"Singing Bowl","floor":21.0},{"not_picked":["Flying Knee+1","MarkedMod:GentlePulse+1","Sentinel+1","PanicButton+1"],"picked":"Singing Bowl","floor":23},{"not_picked":["MarkedMod:GracefulMovements+1","Sucker Punch+1","Beam Cell+1","Streamline+1"],"picked":"Singing Bowl","floor":25},{"not_picked":["Blur+1","Steam+1","Electrodynamics+1","Chaos+1"],"picked":"Singing Bowl","floor":27},{"not_picked":["Rip and Tear+1","Warcry+1","Uppercut+1","Flying Knee+1"],"picked":"Singing Bowl","floor":29},{"not_picked":["Dodge and Roll+1","Thunderclap+1","Blade Dance+1","Heel Hook+1"],"picked":"Singing Bowl","floor":31},{"not_picked":["Leap+1","Deflect+1","Barrage+1","DeceiveReality+1"],"picked":"Singing Bowl","floor":31},{"not_picked":["EmptyBody+1","Leap+1","Dark Embrace+1","PiercingWail+1"],"picked":"Singing Bowl","floor":32},{"not_picked":["Adrenaline+1","Multi-Cast+1","Seek+1","Fiend Fire+1"],"picked":"Singing Bowl","floor":33},{"not_picked":["Cold Snap+1","Wild Strike+1","Deep Breath+1","Havoc+1"],"picked":"Singing Bowl","floor":35},{"not_picked":["FollowUp+1","MentalFortress+1","Perfected Strike+1","Shrug It Off+1"],"picked":"SKIP","floor":35},{"not_picked":["ThirdEye+1","WreathOfFlame+1","Outmaneuver+1","Blur+1"],"picked":"Singing Bowl","floor":36},{"not_picked":["EmptyFist+1","MarkedMod:PinPointDefense+1","Acrobatics+1","Biased Cognition+1"],"picked":"Singing Bowl","floor":36},{"not_picked":["Headbutt+1","JustLucky+1","Beam Cell+1","Outmaneuver+1"],"picked":"Singing Bowl","floor":38},{"not_picked":["Swift Strike+1","PiercingWail+1","Undo+1","Pummel+1"],"picked":"Singing Bowl","floor":38},{"not_picked":["Ghostly Armor+1","Fusion+1","Meditate+1"],"picked":"Intimidate+1","floor":40},{"not_picked":["Warcry+1","Flex+1","FlyingSleeves+1","Cold Snap+1"],"picked":"Singing Bowl","floor":41},{"not_picked":["Sword Boomerang+1","Ghostly Armor+1","Panache+1","Anger+1"],"picked":"Singing Bowl","floor":41},{"not_picked":["Pommel Strike+1","Swivel+1","FollowUp+1","Compile Driver+1"],"picked":"Singing Bowl","floor":42},{"not_picked":["Anger+1","Iron Wave+1","Dagger Throw+1","Heavy Blade+1"],"picked":"Singing Bowl","floor":45},{"not_picked":["Prepared+1","Backstab+1","Flex+1","Worship+1"],"picked":"Singing Bowl","floor":46},{"not_picked":["Accuracy+1","ClearTheMind+1","Thunderclap+1"],"picked":"Poisoned Stab+1","floor":47},{"not_picked":["EmptyMind+1","MasterReality+1","Shrug It Off+1","Clash+1"],"picked":"Singing Bowl","floor":48},{"not_picked":["MarkedMod:GentlePulse+1","Bane+1","Bloodletting+1","Anger+1"],"picked":"Singing Bowl","floor":49},{"not_picked":["Clothesline+1","TalkToTheHand+1","Leap+1","Reckless Charge+1"],"picked":"Singing Bowl","floor":54}],"player_experience":273207,"relics_obtained":[{"floor":7.0,"key":"Eternal Feather"},{"floor":9.0,"key":"Nunchaku"},{"floor":12.0,"key":"Bag of Preparation"},{"floor":23,"key":"Ornamental Fan"},{"floor":25,"key":"Ancient Tea Set"},{"floor":26,"key":"Bronze Scales"},{"floor":26,"key":"Pantograph"},{"floor":27,"key":"Paper Crane"},{"floor":40,"key":"Mercury Hourglass"},{"floor":42,"key":"Mummified Hand"},{"floor":43,"key":"Sundial"},{"floor":46,"key":"Pear"},{"floor":48,"key":"White Beast Statue"},{"floor":54,"key":"Bird Faced Urn"}],"event_choices":[{"damage_healed":0.0,"max_hp_gain":0.0,"max_hp_loss":0.0,"gold_gain":175.0,"event_name":"Liars Game","player_choice":"AGREE","floor":4.0,"gold_loss":0.0,"damage_taken":0.0,"cards_obtained":["Doubt"]},{"damage_healed":0.0,"max_hp_gain":0.0,"max_hp_loss":0.0,"gold_gain":0.0,"event_name":"WeMeetAgain","player_choice":"Gave Potion","floor":5.0,"gold_loss":0.0,"damage_taken":0.0,"relics_obtained":["Oddly Smooth Stone"]},{"damage_healed":0.0,"max_hp_gain":0.0,"max_hp_loss":0.0,"gold_gain":0.0,"event_name":"Dead Adventurer","player_choice":"Searched \u00272\u0027 times","floor":12.0,"gold_loss":0.0,"damage_taken":0.0},{"damage_healed":0.0,"max_hp_gain":0.0,"max_hp_loss":0.0,"gold_gain":0.0,"event_name":"Upgrade Shrine","player_choice":"Upgraded","floor":22.0,"gold_loss":0.0,"damage_taken":0.0,"cards_upgraded":["Sadistic Nature"]},{"damage_healed":0,"gold_gain":0,"player_choice":"Ignored","damage_taken":0,"max_hp_gain":0,"max_hp_loss":0,"event_name":"betterNote:BetterNote","floor":28,"gold_loss":0,"cards_obtained":["Predator"]},{"damage_healed":0,"gold_gain":0,"player_choice":"","damage_taken":6,"max_hp_gain":0,"max_hp_loss":0,"event_name":"Knowing Skull","floor":30,"potions_obtained":[],"gold_loss":0,"cards_obtained":[]},{"cards_removed":["Blasphemy"],"damage_healed":0,"gold_gain":0,"player_choice":"Offered Rare","damage_taken":0,"max_hp_gain":10,"max_hp_loss":0,"event_name":"Bonfire Elementals","floor":37,"gold_loss":0}],"is_beta":false,"boss_relics":[{"not_picked":["Black Star","Astrolabe"],"picked":"Philosopher\u0027s Stone"},{"not_picked":["WristBlade","Tiny House"],"picked":"Fusion Hammer"}],"items_purged_floors":[0,0,0,0,0,0,0,0,0,0,0,0,0,0,0,0,0,39,53],"is_endless":false,"potions_floor_spawned":[3,7,8,14,16,18,25,31,36,41,46,48,54],"ascension_level":1}}