{"host":"350rh84kbmtekt58","time":1613385483,"event":{"mods":["AchievementEnabler","Act Like it!","BaseMod","Better Synergies","Block Reminder","CapriCore","Challenge The Spire","Colored Map","Colored Powertips","Communication Mod","Downfall","Energized Spire","Friendly Minions","GifTheSpireLib","Highlight Path","Minty Spire (QoL Compilation)","Quick Restart","Replay The Spire","Shop Mod","StSLib","The Animator","The Disciple","The Immortal","The Marked","The Runesmith","The Servant 0.9.4","The Wild Card","Transform Curses","yUi"],"gold_per_floor":[118,118,133,133,143,170,184,196,247,267,62,88,103,103,103,207,207,222,32,46,46,46,46,46],"floor_reached":23,"language":"ENG","playtime":1742,"items_purged":["Defend_G"],"score":266,"play_id":"67d9c428-50b3-4093-b004-4e2e51f9a51f","local_time":"20210215043803","is_ascension_mode":true,"campfire_choices":[{"floor":15,"key":"REST"}],"circlet_count":0,"master_deck":["Strike_G","Strike_G","Strike_G","Defend_G","Defend_G","Defend_G","Survivor","Neutralize+1","Crippling Poison","Hidden Blade","Poisoned Stab","Cloak And Dagger","ReplayTheSpireMod:Speed Training","Corpse Explosion","ReplayTheSpireMod:Scrap Shanks","Accuracy","Cloak And Dagger","Escape Plan+1","Specialist","Underhanded Strike","Bane","Flying Knee","Acrobatics","Burst","Blade Dance","Magnetism","Outmaneuver","downfall:Bewildered"],"relics":["Sozu","Regal Pillow","Juzu Bracelet","BargainBundle","Paper Crane","Empty Cage","sneckomod:BabySnecko"],"acts_visited":["Exordium","TheCity"],"potions_floor_usage":[],"damage_taken":[{"damage":0,"enemies":"Jaw Worm","floor":1,"turns":4},{"damage":0,"enemies":"Cultist","floor":3,"turns":4},{"damage":2,"enemies":"Small Slimes","floor":5,"turns":5},{"damage":21,"enemies":"3 Sentries","floor":6,"turns":11},{"damage":9,"enemies":"Red Slaver","floor":7,"turns":3},{"damage":0,"enemies":"2 Fungi Beasts","floor":8,"turns":3},{"damage":1,"enemies":"Looter","floor":10,"turns":3},{"damage":20,"enemies":"Lagavulin","floor":12,"turns":6},{"damage":8,"enemies":"Exordium Wildlife","floor":13,"turns":3},{"damage":0,"enemies":"Slime Boss","floor":16,"turns":9},{"damage":28,"enemies":"3 Byrds","floor":18,"turns":4},{"damage":8,"enemies":"Chosen","floor":20,"turns":5},{"damage":24,"enemies":"Replay:Snechameleon","floor":23,"turns":3}],"seed_played":"-2762568991416990580","potions_obtained":[],"is_trial":false,"path_per_floor":["M","?","M","?","M","E","M","M","T","M","$","E","M","?","R","B",null,"M","$","M","?","?","E"],"character_chosen":"THE_SILENT","items_purchased":["BargainBundle","Accuracy","Cloak And Dagger","Escape Plan+1","Specialist","Underhanded Strike","Bane","Magnetism"],"campfire_rested":1,"item_purchase_floors":[11,11,11,11,11,11,11,19],"current_hp_per_floor":[70,70,70,70,68,47,38,38,38,37,37,17,9,9,45,45,70,42,42,34,34,21,0,0],"gold":46,"neow_bonus":"BOSS_RELIC","is_daily":false,"chose_seed":false,"campfire_upgraded":0,"win_rate":0.0,"timestamp":1613385483,"path_taken":["M","?","?","?","M","E","?","M","T","M","$","E","M","?","R","BOSS","M","$","M","?","?","E"],"items_purchased_type":["Relic","Card","Card","Card","Card","Card","Card","Card"],"build_version":"2020-12-22","purchased_purges":1,"victory":false,"max_hp_per_floor":[70,70,70,70,70,70,70,70,70,70,70,70,70,70,70,70,70,70,70,70,70,75,75,75],"card_choices":[{"not_picked":["Deadly Poison","Sucker Punch"],"picked":"Crippling Poison","floor":1},{"not_picked":["Poisoned Stab","Dash"],"picked":"Hidden Blade","floor":3},{"not_picked":["Sucker Punch","Dodge and Roll"],"picked":"Poisoned Stab","floor":5},{"not_picked":["Slice","Quick Slash"],"picked":"Cloak And Dagger","floor":6},{"not_picked":["Quick Slash","Toxin Wave"],"picked":"ReplayTheSpireMod:Speed Training","floor":7},{"not_picked":["Prepared","Bane"],"picked":"Corpse Explosion","floor":8},{"not_picked":["Expertise","Bane"],"picked":"ReplayTheSpireMod:Scrap Shanks","floor":10},{"not_picked":["Fluid Movement","Escape Plan"],"picked":"Flying Knee","floor":12},{"not_picked":["Bane","Masterful Stab"],"picked":"Acrobatics","floor":13},{"not_picked":["Corpse Explosion","Glass Knife"],"picked":"Burst","floor":16},{"not_picked":["Deflect","Flying Knee"],"picked":"Blade Dance","floor":18},{"not_picked":["Flechettes","Backflip+1"],"picked":"Outmaneuver","floor":20}],"player_experience":245347,"relics_obtained":[{"floor":6,"key":"Regal Pillow"},{"floor":9,"key":"Juzu Bracelet"},{"floor":12,"key":"Paper Crane"}],"event_choices":[{"damage_healed":0,"gold_gain":0,"player_choice":"Got Potions","damage_taken":0,"max_hp_gain":0,"max_hp_loss":0,"event_name":"Lab","floor":2,"gold_loss":0},{"damage_healed":0,"gold_gain":0,"player_choice":"Upgraded","damage_taken":0,"max_hp_gain":0,"max_hp_loss":0,"event_name":"Upgrade Shrine","floor":4,"gold_loss":0,"cards_upgraded":["Neutralize"]},{"damage_healed":0,"gold_gain":0,"player_choice":"Shed Blood","damage_taken":18,"max_hp_gain":5,"max_hp_loss":0,"event_name":"Forgotten Altar","floor":22,"gold_loss":0}],"is_beta":false,"boss_relics":[{"not_picked":["Fusion Hammer","energizedSpire:EnergizedDie"],"picked":"Empty Cage"}],"items_purged_floors":[11],"is_endless":false,"potions_floor_spawned":[1,5,7,13,16,20],"killed_by":"Replay:Snechameleon","ascension_level":1}}