{"host":"am0cr9xwekqmrere","time":1613418459,"event":{"mods":["AchievementEnabler","Act Like it!","BaseMod","Better Altar","Better Match","Better Note","Better Sensory Stone","Better Skull","Better Third Choice","BetterRewards","Conspire","Downfall","Hubris","Infinite Spire","Minty Spire (QoL Compilation)","Rare Cards Sparkle","Spicy Shops","StSLib","Unceasing Turn Reminder"],"gold_per_floor":[99,115,115,19,19,19,19,19,19,4,4,24,42,94,109,207,207,107,119,119,132,132,32,32,47,166,166,178,190,190,209,226,323,323,323,341,341,357,373,373,373,373,373,373],"floor_reached":42,"language":"ENG","playtime":1618,"items_purged":["downfall:Bewildered"],"score":440,"play_id":"26ab6c76-9939-4f8b-8c22-befa03c73fbc","local_time":"20210215134739","is_ascension_mode":false,"campfire_choices":[{"data":"hexamod:Float","floor":1.0,"key":"SMITH"},{"data":"hexamod:EmpoweredFlame","floor":9.0,"key":"SMITH"},{"data":"infinitespire:FutureSight","floor":11.0,"key":"SMITH"},{"floor":18.0,"key":"RECALL"},{"floor":23.0,"key":"REST"},{"floor":30.0,"key":"REST"},{"data":"hexamod:Sear","floor":35,"key":"SMITH"}],"circlet_count":0,"master_deck":["hexamod:Strike","hexamod:Strike","hexamod:Strike+1","hexamod:Strike+1","hexamod:Defend+1","hexamod:Defend","hexamod:Defend","hexamod:Defend","hexamod:Sear+1","hexamod:Float+1","hexamod:UnleashSpirits","hexamod:GhostLash","downfall:Malfunctioning","hexamod:RainOfEmbers","hexamod:EmpoweredFlame+1","hexamod:FirstSeal","infinitespire:FutureSight+1","DevaForm+1","hexamod:ThermalTransfer","hexamod:ExtraCrispy","hexamod:HeatMetal","hexamod:BurningTouch","hexamod:GhostOfSpirePresent","hexamod:SoulSteal+1","hexamod:GhostShield","hexamod:ShieldOfDarkness","hexamod:GhostShield","hexamod:GhostflameBarrier","hexamod:FourthSeal","hexamod:SpectersWail","hexamod:HeatMetal","hexamod:WildfireWeapon","hexamod:SwordOfDarkness+1","hexamod:AdvancingGuard+1","hexamod:AdvancingGuard+1"],"relics":["hexamod:SpiritBrand","Regal Pillow","downfall:HeartBlessingBlue","sneckomod:BabySnecko","hubris:Icosahedron","downfall:HeartBlessingRed","hubris:BundleOfHerbs","SacredBark","hubris:Towel","infinitespire:CheckeredPen"],"acts_visited":["Exordium","TheCity","TheBeyond"],"potions_floor_usage":[33,33,36,39,39],"damage_taken":[{"damage":0.0,"enemies":"Cultist","floor":2.0,"turns":3.0},{"damage":0.0,"enemies":"downfall:FleeingMerchant","floor":4.0,"turns":4.0},{"damage":10.0,"enemies":"downfall:FleeingMerchant","floor":10.0,"turns":4.0},{"damage":0.0,"enemies":"2 Louse","floor":12.0,"turns":3.0},{"damage":0.0,"enemies":"conspire:RoseBush","floor":13.0,"turns":3.0},{"damage":0.0,"enemies":"2 Fungi Beasts","floor":15.0,"turns":2.0},{"damage":14.0,"enemies":"SI_SHIV_ARCHETYPE","floor":16.0,"turns":6.0},{"damage":24.0,"enemies":"Shell Parasite","floor":19.0,"turns":8.0},{"damage":25.0,"enemies":"conspire:FuzzyDice","floor":21.0,"turns":4.0},{"damage":41.0,"enemies":"Cultist and Chosen","floor":25.0,"turns":6.0},{"damage":37.0,"enemies":"Centurion and Healer","floor":26.0,"turns":8.0},{"damage":22.0,"enemies":"conspire:HollyBat","floor":28.0,"turns":9.0},{"damage":38.0,"enemies":"Snake Plant","floor":29.0,"turns":4.0},{"damage":14.0,"enemies":"Snecko","floor":31.0,"turns":7.0},{"damage":13.0,"enemies":"Sentry and Sphere","floor":32.0,"turns":7.0},{"damage":79,"enemies":"IC_MUSHROOM_ARCHETYPE","floor":33,"turns":10},{"damage":35,"enemies":"Orb Walker","floor":36,"turns":5},{"damage":16,"enemies":"3 Shapes","floor":38,"turns":5},{"damage":51,"enemies":"Spire Growth","floor":39,"turns":5},{"damage":5,"enemies":"Writhing Mass","floor":42,"turns":1}],"seed_played":"-6350947972183629064","potions_obtained":[{"floor":12.0,"key":"BlessingOfTheForge"},{"floor":16.0,"key":"Swift Potion"},{"floor":21.0,"key":"Ancient Potion"},{"floor":26.0,"key":"GamblersBrew"},{"floor":28.0,"key":"ColorlessPotion"},{"floor":29.0,"key":"conspire:TimeTravelPotion"},{"floor":31.0,"key":"AttackPotion"},{"floor":32.0,"key":"SteroidPotion"},{"floor":32.0,"key":"Dexterity Potion"},{"floor":33,"key":"AttackPotion"},{"floor":33,"key":"PowerPotion"},{"floor":36,"key":"Slimebound:ThreeZeroPotion"},{"floor":38,"key":"PowerPotion"},{"floor":38,"key":"AttackPotion"},{"floor":39,"key":"GamblersBrew"},{"floor":39,"key":"GamblersBrew"}],"is_trial":false,"path_per_floor":["R","M","?","$","?","?","T","?","R","$","R","M","M","T","M","B",null,"R","M","?","M","?","R","T","M","M","?","M","M","R","M","M","B",null,"R","M","AVR","M","M","?","T","M"],"character_chosen":"THE_SPIRIT","items_purchased":["hexamod:EmpoweredFlame"],"campfire_rested":2,"item_purchase_floors":[4],"current_hp_per_floor":[70,70,70,70,70,54,54,54,54,51,51,58,65,65,65,51,70,80,63,63,45,45,80,80,46,22,22,65,34,73,66,60,17,80,80,52,52,36,3,3,3,0,0,0],"gold":373,"neow_bonus":"ONE_RANDOM_RARE_CARD","is_daily":false,"chose_seed":false,"campfire_upgraded":4,"win_rate":0.0,"timestamp":1613418459,"path_taken":["R","M","?","$","?","?","T","?","R","$","R","?","M","?","M","BOSS","R","M","?","M","?","R","T","M","M","?","M","?","R","M","M","BOSS","R","M","AVR","M","M","?","T","M"],"items_purchased_type":["Card"],"build_version":"2020-12-22","purchased_purges":1,"victory":false,"max_hp_per_floor":[70,70,70,70,70,70,70,70,70,70,70,70,70,70,70,70,70,80,80,80,80,80,80,80,80,80,80,80,80,80,80,80,80,80,80,80,80,80,80,80,80,80,80,80],"card_choices":[{"not_picked":["hexamod:BacktrackSmack","hexamod:GhostOfSpireFuture"],"picked":"hexamod:GhostLash","floor":2.0},{"not_picked":["hexamod:SpectersWail","hexamod:Toasty"],"picked":"hexamod:RainOfEmbers","floor":4.0},{"not_picked":["hubris:InfiniteBlow+225792","infinitespire:SealOfDarkness+"],"picked":"infinitespire:FutureSight","floor":6.0},{"not_picked":["hexamod:AdvancingGuard","hexamod:HauntingEcho"],"picked":"hexamod:ThermalTransfer","floor":10.0},{"not_picked":["hexamod:PhantomFireball","hexamod:RadiantFlame"],"picked":"hexamod:ExtraCrispy","floor":12.0},{"not_picked":["hexamod:EtherealExpedition","hexamod:PowerFromBeyond"],"picked":"hexamod:HeatMetal","floor":13.0},{"not_picked":["hexamod:PhantomCloak","hexamod:StepThrough"],"picked":"hexamod:BurningTouch","floor":15.0},{"not_picked":["hexamod:GhostflameInferno","hexamod:TimeWarp"],"picked":"hexamod:GhostOfSpirePresent","floor":16.0},{"not_picked":["hexamod:Firestarter","hexamod:PhantomFireball"],"picked":"hexamod:SoulSteal+1","floor":19.0},{"not_picked":["hexamod:Haunt+1","hexamod:SuperheatedStrike+1"],"picked":"hexamod:GhostShield","floor":21.0},{"not_picked":["hexamod:SwordOfDarkness","hexamod:StepThrough+1"],"picked":"hexamod:ShieldOfDarkness","floor":25.0},{"not_picked":["hexamod:FlamesFromBeyond","hexamod:StepThrough+1"],"picked":"hexamod:GhostShield","floor":26.0},{"not_picked":["hexamod:HauntingEcho","hexamod:RecurringNightmare"],"picked":"hexamod:GhostflameBarrier","floor":28.0},{"not_picked":["hexamod:GiftsFromTheDead","hexamod:AdvancingGuard+1"],"picked":"hexamod:FourthSeal","floor":29.0},{"not_picked":["hexamod:FastForward","hexamod:SuperheatedStrike"],"picked":"hexamod:SpectersWail","floor":31.0},{"not_picked":["hexamod:NightmareGuise","hexamod:SwordOfDarkness"],"picked":"hexamod:HeatMetal","floor":32.0},{"not_picked":["hexamod:ApocalypseNow","hexamod:GhostflameInferno"],"picked":"hexamod:WildfireWeapon","floor":33},{"not_picked":["hexamod:StepThrough+1","hexamod:ShieldOfDarkness"],"picked":"hexamod:SwordOfDarkness+1","floor":36},{"not_picked":["hexamod:SwordOfDarkness+1","hexamod:HeatMetal"],"picked":"hexamod:AdvancingGuard+1","floor":38},{"not_picked":["hexamod:ThermalTransfer","hexamod:NightmareStrike+1"],"picked":"hexamod:AdvancingGuard+1","floor":39}],"player_experience":2795879,"relics_obtained":[{"floor":7.0,"key":"Regal Pillow"},{"floor":24.0,"key":"hubris:BundleOfHerbs"},{"floor":41,"key":"infinitespire:CheckeredPen"}],"event_choices":[{"cards_removed":["hexamod:FirstSeal"],"damage_healed":0.0,"max_hp_gain":0.0,"max_hp_loss":0.0,"gold_gain":0.0,"event_name":"betterNote:BetterNote","player_choice":"Take \u0026 Give","floor":8.0,"gold_loss":0.0,"damage_taken":0.0,"cards_obtained":["DevaForm"]}],"is_beta":false,"boss_relics":[{"not_picked":["Fusion Hammer","Snecko Eye","hubris:VirtuousBlindfold"]},{"not_picked":["conspire:RunicOctahedron","infinitespire:Cupcake","Astrolabe"]}],"items_purged_floors":[37],"is_endless":false,"potions_floor_spawned":[12,16,21,26,28,29,32,33,38,39],"killed_by":"Writhing Mass","ascension_level":0}}