{"host":"or8fr2mp0k3eluj8","time":1613397924,"event":{"mods":["AchievementEnabler","BaseMod","Colored Map","DeckTracker","Minty Spire (QoL Compilation)","SuperFastMode"],"gold_per_floor":[109,123,25,25,37,71,71,90,90,90,90,106,106,118,118,223,223,242,67,166,185,185,185,201,201,201,201,216,216,23,38,38,38,38],"floor_reached":33,"language":"KOR","playtime":988,"items_purged":["Strike_G","Strike_G","Strike_G"],"score":259,"play_id":"065efa01-8d92-49ec-ba85-229c434738dc","local_time":"20210215230524","is_ascension_mode":true,"campfire_choices":[{"data":"Neutralize","floor":7.0,"key":"SMITH"},{"data":"Poisoned Stab","floor":11.0,"key":"SMITH"},{"floor":15.0,"key":"REST"},{"data":"Noxious Fumes","floor":23.0,"key":"SMITH"},{"floor":27.0,"key":"REST"},{"floor":32,"key":"REST"}],"circlet_count":0,"master_deck":["Defend_G","Defend_G","Defend_G","Defend_G","Survivor","Neutralize+1","Deflect","All Out Attack","Poisoned Stab+1","Flying Knee","Deadly Poison","Prepared","Crippling Poison","Burst","Dagger Throw+1","Noxious Fumes+1","Well Laid Plans","Eviscerate","Backstab","Acrobatics+1","Adrenaline","Footwork+1"],"relics":["Ring of the Snake","NeowsBlessing","Sundial","Happy Flower","Philosopher\u0027s Stone","Calipers"],"acts_visited":["Exordium","TheCity"],"potions_floor_usage":[33,33],"damage_taken":[{"damage":0.0,"enemies":"2 Louse","floor":1.0,"turns":1.0},{"damage":0.0,"enemies":"Cultist","floor":2.0,"turns":1.0},{"damage":0.0,"enemies":"Jaw Worm","floor":5.0,"turns":1.0},{"damage":23.0,"enemies":"3 Sentries","floor":6.0,"turns":11.0},{"damage":1.0,"enemies":"Blue Slaver","floor":8.0,"turns":3.0},{"damage":6.0,"enemies":"Large Slime","floor":12.0,"turns":6.0},{"damage":0.0,"enemies":"3 Louse","floor":14.0,"turns":3.0},{"damage":39.0,"enemies":"Hexaghost","floor":16.0,"turns":10.0},{"damage":16.0,"enemies":"Chosen","floor":18.0,"turns":5.0},{"damage":15.0,"enemies":"3 Byrds","floor":21.0,"turns":3.0},{"damage":31.0,"enemies":"3 Cultists","floor":24.0,"turns":5.0},{"damage":3.0,"enemies":"Cultist and Chosen","floor":28.0,"turns":5.0},{"damage":21,"enemies":"Colosseum Slavers","floor":29,"turns":6},{"damage":0,"enemies":"Snecko","floor":31,"turns":4},{"damage":43,"enemies":"Collector","floor":33,"turns":6}],"seed_played":"-8361340030690356593","potions_obtained":[{"floor":2.0,"key":"Swift Potion"},{"floor":6.0,"key":"Fire Potion"},{"floor":8.0,"key":"FearPotion"},{"floor":28.0,"key":"Explosive Potion"}],"is_trial":false,"path_per_floor":["M","M","$","?","M","E","R","M","T","?","R","M","$","M","R","B",null,"M","$","?","M","?","R","M","?","T","R","M","?","$","M","R","B"],"character_chosen":"THE_SILENT","items_purchased":["Poisoned Stab","Noxious Fumes","Adrenaline"],"campfire_rested":3,"item_purchase_floors":[3,19,30],"current_hp_per_floor":[70,70,70,70,70,47,47,46,46,39,39,33,33,33,54,15,70,54,54,54,39,39,39,8,8,8,29,26,5,5,5,26,0,0],"gold":38,"neow_bonus":"THREE_ENEMY_KILL","is_daily":false,"chose_seed":false,"campfire_upgraded":3,"win_rate":0.0,"timestamp":1613397924,"path_taken":["M","M","$","?","?","E","R","M","T","?","R","M","$","M","R","BOSS","M","$","?","M","?","R","M","?","T","R","M","?","$","M","R","BOSS"],"items_purchased_type":["Card","Card","Card"],"build_version":"2020-12-22","purchased_purges":3,"victory":false,"max_hp_per_floor":[70,70,70,70,70,70,70,70,70,70,70,70,70,70,70,70,70,70,70,70,70,70,70,70,70,70,70,70,70,70,70,70,70,70],"card_choices":[{"not_picked":["Deadly Poison","Endless Agony"],"picked":"Deflect","floor":1.0},{"not_picked":["Predator","Bane"],"picked":"All Out Attack","floor":2.0},{"not_picked":["Finisher","Expertise","Riddle With Holes"],"picked":"SKIP","floor":5.0},{"not_picked":["Prepared","Quick Slash"],"picked":"Flying Knee","floor":6.0},{"not_picked":["Bullet Time","Caltrops"],"picked":"Deadly Poison","floor":8.0},{"not_picked":["Accuracy","Dagger Spray"],"picked":"Prepared","floor":12.0},{"not_picked":["Leg Sweep","Deadly Poison"],"picked":"Crippling Poison","floor":14.0},{"not_picked":["Night Terror","Die Die Die"],"picked":"Burst","floor":16.0},{"not_picked":["Caltrops","Deadly Poison"],"picked":"Dagger Throw+1","floor":18.0},{"not_picked":["Noxious Fumes","Riddle With Holes+1"],"picked":"Well Laid Plans","floor":21.0},{"not_picked":["Infinite Blades+1","Skewer+1"],"picked":"Acrobatics+1","floor":24.0},{"not_picked":["Underhanded Strike","Prepared","Heel Hook"],"picked":"SKIP","floor":28.0},{"not_picked":["Sucker Punch","Dodge and Roll+1"],"picked":"Footwork+1","floor":31}],"player_experience":342021,"relics_obtained":[{"floor":6.0,"key":"Sundial"},{"floor":26.0,"key":"Calipers"}],"event_choices":[{"damage_healed":0.0,"max_hp_gain":0.0,"max_hp_loss":0.0,"gold_gain":0.0,"event_name":"NoteForYourself","player_choice":"Ignored","floor":4.0,"gold_loss":0.0,"damage_taken":0.0},{"damage_healed":0.0,"max_hp_gain":0.0,"max_hp_loss":0.0,"gold_gain":0.0,"event_name":"Scrap Ooze","player_choice":"Success","floor":10.0,"gold_loss":0.0,"damage_taken":7.0,"relics_obtained":["Happy Flower"]},{"damage_healed":0.0,"max_hp_gain":0.0,"max_hp_loss":0.0,"gold_gain":99.0,"event_name":"Nest","player_choice":"Stole From Cult","floor":20.0,"gold_loss":0.0,"damage_taken":0.0},{"damage_healed":0.0,"max_hp_gain":0.0,"max_hp_loss":0.0,"gold_gain":0.0,"cards_transformed":["Defend_G","Strike_G"],"event_name":"Drug Dealer","player_choice":"Became Test Subject","floor":22.0,"gold_loss":0.0,"damage_taken":0.0,"cards_obtained":["Eviscerate","Backstab"]},{"cards_removed":["Strike_G"],"damage_healed":0.0,"max_hp_gain":0.0,"max_hp_loss":0.0,"gold_gain":0.0,"event_name":"Back to Basics","player_choice":"Elegance","floor":25.0,"gold_loss":0.0,"damage_taken":0.0},{"damage_healed":0,"gold_gain":0,"player_choice":"Fight","damage_taken":0,"max_hp_gain":0,"max_hp_loss":0,"event_name":"Colosseum","floor":29,"gold_loss":0},{"damage_healed":0,"gold_gain":0,"player_choice":"Fled From Nobs","damage_taken":0,"max_hp_gain":0,"max_hp_loss":0,"event_name":"Colosseum","floor":29,"gold_loss":0}],"is_beta":false,"boss_relics":[{"not_picked":["Cursed Key","Empty Cage"],"picked":"Philosopher\u0027s Stone"}],"items_purged_floors":[3,19,30],"is_endless":false,"potions_floor_spawned":[2,6,8,14,28],"killed_by":"Collector","ascension_level":1}}