{"host":"wqdhni9hq4z6pe8c","time":1613411873,"event":{"mods":["BaseMod","Colored Map","Downfall","Highlight Path","Minty Spire (QoL Compilation)","StSLib"],"gold_per_floor":[110,129,129,140,35,70,70,81,81,81,94,19,38,16,16,119,119,137,137,155,155,175,175,175],"floor_reached":23,"language":"ENG","playtime":2341,"items_purged":["Strike_G"],"score":203,"play_id":"cbd1b9f5-eb98-4cf0-b7cd-fa9fd74219a1","local_time":"20210215115753","is_ascension_mode":true,"campfire_choices":[{"data":"Footwork","floor":7,"key":"SMITH"},{"floor":15,"key":"REST"}],"circlet_count":0,"master_deck":["Strike_G","Strike_G","Strike_G","Strike_G","Defend_G","Defend_G","Defend_G","Defend_G","Survivor","Neutralize","Night Terror","Cloak And Dagger","Predator","Infinite Blades","Footwork+1","Quick Slash","Dagger Spray","Blade Dance","Well Laid Plans","Backstab","Sucker Punch","Adrenaline","Flying Knee","PiercingWail","Backflip"],"relics":["Ring of the Snake","InkBottle","Bottled Flame","Gremlin Horn","Black Star"],"acts_visited":["Exordium","TheCity"],"potions_floor_usage":[13,16,16,16,23],"damage_taken":[{"damage":2,"enemies":"2 Louse","floor":1,"turns":5},{"damage":1,"enemies":"Cultist","floor":2,"turns":4},{"damage":0,"enemies":"Jaw Worm","floor":4,"turns":3},{"damage":23,"enemies":"Gremlin Nob","floor":6,"turns":5},{"damage":13,"enemies":"2 Fungi Beasts","floor":8,"turns":3},{"damage":8,"enemies":"Blue Slaver","floor":11,"turns":4},{"damage":0,"enemies":"Red Slaver","floor":13,"turns":4},{"damage":39,"enemies":"Hexaghost","floor":16,"turns":12},{"damage":3,"enemies":"Chosen","floor":18,"turns":5},{"damage":1,"enemies":"Shell Parasite","floor":20,"turns":6},{"damage":23,"enemies":"3 Cultists","floor":22,"turns":7},{"damage":59,"enemies":"Slavers","floor":23,"turns":6}],"seed_played":"1571755704389979490","potions_obtained":[{"floor":2,"key":"GamblersBrew"},{"floor":4,"key":"LiquidMemories"},{"floor":8,"key":"hexamod:SoulburnPotion"},{"floor":13,"key":"EssenceOfSteel"},{"floor":16,"key":"SpeedPotion"},{"floor":18,"key":"Slimebound:ThreeZeroPotion"},{"floor":21,"key":"Regen Potion"},{"floor":21,"key":"BlessingOfTheForge"}],"is_trial":false,"path_per_floor":["M","M","?","M","$","E","R","M","T","?","M","$","M","$","R","B",null,"M","?","M","?","M","E"],"character_chosen":"THE_SILENT","items_purchased":["Footwork","Quick Slash","Sucker Punch"],"campfire_rested":1,"item_purchase_floors":[5,5,14],"current_hp_per_floor":[68,67,67,67,67,44,44,31,31,28,20,20,20,20,41,2,70,67,67,66,66,43,0,0],"gold":175,"neow_bonus":"ONE_RANDOM_RARE_CARD","is_daily":false,"chose_seed":false,"campfire_upgraded":1,"win_rate":0.0,"timestamp":1613411873,"path_taken":["M","M","?","M","?","E","R","?","T","?","M","$","M","$","R","BOSS","M","?","M","?","?","E"],"items_purchased_type":["Card","Card","Card"],"build_version":"2020-12-22","purchased_purges":1,"victory":false,"max_hp_per_floor":[70,70,70,70,70,70,70,70,70,70,70,70,70,70,70,70,70,70,70,70,70,70,70,70],"card_choices":[{"not_picked":["Prepared","Escape Plan"],"picked":"Cloak And Dagger","floor":1},{"not_picked":["Acrobatics","Backflip"],"picked":"Predator","floor":2},{"not_picked":["Accuracy","Catalyst"],"picked":"Infinite Blades","floor":4},{"not_picked":["Acrobatics","Backflip"],"picked":"Dagger Spray","floor":6},{"not_picked":["Leg Sweep","Outmaneuver"],"picked":"Blade Dance","floor":8},{"not_picked":["Predator","Dagger Spray"],"picked":"Well Laid Plans","floor":11},{"not_picked":["Catalyst","Poisoned Stab"],"picked":"Backstab","floor":13},{"not_picked":["Wraith Form v2","Glass Knife"],"picked":"Adrenaline","floor":16},{"not_picked":["Crippling Poison","Noxious Fumes"],"picked":"Flying Knee","floor":18},{"not_picked":["Riddle With Holes+1","Underhanded Strike"],"picked":"PiercingWail","floor":20},{"not_picked":["PiercingWail","Quick Slash"],"picked":"Backflip","floor":22}],"player_experience":169409,"relics_obtained":[{"floor":6,"key":"InkBottle"},{"floor":9,"key":"Bottled Flame"}],"event_choices":[{"cards_removed":["Defend_G"],"damage_healed":0,"gold_gain":0,"player_choice":"Purged","damage_taken":0,"max_hp_gain":0,"max_hp_loss":0,"event_name":"Purifier","floor":3,"gold_loss":0},{"damage_healed":0,"gold_gain":0,"player_choice":"Success","damage_taken":3,"relics_obtained":["Gremlin Horn"],"max_hp_gain":0,"max_hp_loss":0,"event_name":"Scrap Ooze","floor":10,"gold_loss":0},{"damage_healed":0,"gold_gain":0,"player_choice":"Got Potions","damage_taken":0,"max_hp_gain":0,"max_hp_loss":0,"event_name":"Lab","floor":21,"gold_loss":0}],"is_beta":false,"boss_relics":[{"not_picked":["Runic Dome","Philosopher\u0027s Stone"],"picked":"Black Star"}],"items_purged_floors":[12],"is_endless":false,"potions_floor_spawned":[2,4,8,13,16,18],"killed_by":"Slavers","ascension_level":1}}