{"host":"vm8b3ptwl81uq21f","time":1613375939,"event":{"mods":["Act Like it!","Aspiration","BaseMod","BetterRewards","Colored Map","Colored Powertips","Conspire","Gensokyo","GifTheSpireLib","Googly Eyes","GungeonMod","Halation","Hubris","Infinite Spire","Minty Spire (QoL Compilation)","Quick Restart","Rare Cards Sparkle","Reliquary","Replay The Spire","Shop Mod","Spicy Shops","Spire Arcade","StSLib","Stuff the Spire","The IronCluck","The Jungle","[IsaacMod]????"],"gold_per_floor":[116,116,136,26,56,101,120,168,192,192,238,238,285,27,27,114,114,141,141,218,235,12,63,96,130,130,163,163,198,240,270,270,369,369,402,402,481,506,540,540,581,581,604,636,636,75,75,116,116,123],"floor_reached":51,"language":"ENG","playtime":2555,"items_purged":["Strike_G","Strike_G","Defend_G","Defend_G","Neutralize+1","Dagger Throw"],"score":3181,"play_id":"4d28b991-1da6-4f1b-8f84-af6e265e94b3","local_time":"20210215025859","is_ascension_mode":true,"campfire_choices":[{"data":"Acrobatics","floor":10,"key":"SMITH"},{"data":"Prepared","floor":15,"key":"SMITH"},{"data":"Prepared","floor":32,"key":"SMITH"},{"data":"Acrobatics","floor":32,"key":"SMITH"},{"data":"Adrenaline","floor":40,"key":"SMITH"},{"data":"Underhanded Strike","floor":40,"key":"SMITH"},{"data":"Adrenaline","floor":42,"key":"SMITH"},{"data":"Accuracy","floor":42,"key":"SMITH"},{"data":"ReplayTheSpireMod:The Works","floor":47,"key":"SMITH"},{"data":"Cloak And Dagger","floor":47,"key":"SMITH"},{"data":"ReplayTheSpireMod:The Works","floor":49,"key":"SMITH"},{"data":"After Image","floor":49,"key":"SMITH"}],"circlet_count":0,"master_deck":["AscendersBane","StuffTheSpire:FreeRealEstate+1","Blade Dance","Reflex+1","ReplayTheSpireMod:The Works+1","Flash of Steel","ReplayTheSpireMod:The Works+1","StuffTheSpire:DoubleShiv+1","ReplayTheSpireMod:Scrap Shanks","Acrobatics+1","Prepared+1","StuffTheSpire:DoubleShiv","After Image+1","Acrobatics+1","Prepared+1","Underhanded Strike+1","Adrenaline+1","Adrenaline+1","Accuracy+1","Cloak And Dagger+1"],"relics":["Ring of the Snake","HushsDoor","TheBean","reliquary:NewFriend","MerchantsRug","Orichalcum","aspiration:FetidBarrel","hubris:EmptyBottle","infinitespire:PuzzleCube","Tiny Chest","reliquary:Firecrackers","Quantum Egg","Pet Ghost","Replay:Drink Me","DemoMod:GlassGuonStoneRelic","Garlic","reliquary:PartyBalloon","ForgetMeNow","MealTicket","halation:VictoryRuler","Replay:Arrowhead","SacredBark","DemoMod:MeltedRock","DeadEye","reliquary:Aerogel","Replay:Rubber Ducky","hubris:Towel","Replay:Lucky Slots","reliquary:Knoch","War Paint"],"acts_visited":["Exordium","Gensokyo:Gensokyo","TheBeyond"],"potions_floor_usage":[11,50,50,50,50],"damage_taken":[{"damage":0,"enemies":"Gensokyo:3_Fairies","floor":1,"turns":3},{"damage":0,"enemies":"Gensokyo:Python","floor":3,"turns":3},{"damage":1,"enemies":"Gensokyo:Gryphon","floor":5,"turns":3},{"damage":12,"enemies":"Gensokyo:Mamizou","floor":6,"turns":4},{"damage":0,"enemies":"Gensokyo:LivingMonolith","floor":7,"turns":2},{"damage":0,"enemies":"Gensokyo:Cirno","floor":8,"turns":4},{"damage":2,"enemies":"conspire:MimicChest","floor":11,"turns":4},{"damage":5,"enemies":"Gensokyo:Mamizou","floor":13,"turns":4},{"damage":0,"enemies":"Gensokyo:Reimu","floor":16,"turns":3},{"damage":0,"enemies":"Gensokyo:AngelMirror","floor":18,"turns":2},{"damage":0,"enemies":"Gensokyo:Chomper","floor":21,"turns":1},{"damage":0,"enemies":"Gensokyo:Tenshi","floor":23,"turns":1},{"damage":0,"enemies":"Gensokyo:Mirror_and_Dog","floor":24,"turns":1},{"damage":0,"enemies":"Gensokyo:Reisen","floor":25,"turns":1},{"damage":0,"enemies":"Gensokyo:Swordslinger","floor":27,"turns":1},{"damage":0,"enemies":"Gensokyo:Wraith","floor":29,"turns":2},{"damage":0,"enemies":"Gensokyo:Tenshi","floor":30,"turns":1},{"damage":0,"enemies":"Gensokyo:Monolith_and_Dog","floor":31,"turns":1},{"damage":0,"enemies":"Gensokyo:Kaguya","floor":33,"turns":1},{"damage":0,"enemies":"3 Shapes","floor":35,"turns":1},{"damage":0,"enemies":"Orb Walker","floor":38,"turns":1},{"damage":0,"enemies":"Spire Growth","floor":39,"turns":2},{"damage":0,"enemies":"Reptomancer","floor":41,"turns":1},{"damage":0,"enemies":"Giant Head","floor":44,"turns":1},{"damage":0,"enemies":"R_Hoarder","floor":48,"turns":4},{"damage":0,"enemies":"Time Eater","floor":50,"turns":6}],"seed_played":"5315106603247706182","potions_obtained":[{"floor":5,"key":"Elixir"},{"floor":6,"key":"SneckoOil"},{"floor":11,"key":"LifebloodPotion"},{"floor":16,"key":"Dexterity Potion"},{"floor":23,"key":"Dexterity Potion"}],"is_trial":false,"path_per_floor":["M","?","M","$","M","E","M","E","T","R","?","?","E","$","R","B",null,"M","?","T","M","$","E","M","E","T","M","?","M","E","M","R","B",null,"M","?","T","M","M","R","E","R","T","E","?","$","R","E","R","B",null],"character_chosen":"THE_SILENT","items_purchased":["StuffTheSpire:FreeRealEstate","reliquary:Buckler","Blade Dance","reliquary:NewFriend","MerchantsRug","Reflex","Orichalcum","Lee\u0027s Waffle","aspiration:FetidBarrel","ReplayTheSpireMod:The Works","Flash of Steel","hubris:EmptyBottle","ReplayTheSpireMod:Scrap Shanks","Pet Ghost","reliquary:PartyBalloon","Adrenaline","Cloak And Dagger","Replay:Lucky Slots","reliquary:Knoch"],"campfire_rested":0,"item_purchase_floors":[0,0,0,0,0,0,0,0,0,0,0,0,4,14,22,34,46,46,46],"current_hp_per_floor":[73,37,37,37,36,24,24,31,31,31,29,29,24,24,24,24,47,47,47,47,47,47,47,47,47,47,47,47,47,47,47,47,47,44,44,41,41,41,41,41,41,41,41,41,41,44,44,44,44,44],"gold":123,"neow_bonus":"","is_daily":false,"chose_seed":false,"campfire_upgraded":12,"win_rate":0.0,"timestamp":1613375939,"path_taken":["M","?","M","$","M","E","M","E","T","R","?","?","E","$","R","BOSS","M","?","?","M","?","E","M","E","T","M","?","M","E","M","R","BOSS","M","?","?","M","M","R","E","R","T","E","?","$","R","E","R","BOSS"],"items_purchased_type":["Card","Relic","Card","Relic","Relic","Card","Relic","Relic","Relic","Card","Card","Relic","Card","Relic","Relic","Card","Card","Relic","Relic"],"build_version":"2020-12-22","purchased_purges":6,"victory":true,"max_hp_per_floor":[73,73,73,73,73,73,73,80,80,80,80,80,80,80,80,80,55,55,55,55,55,55,55,55,55,55,55,55,55,55,55,55,55,44,44,44,44,44,44,44,44,44,44,44,44,44,44,44,44,44],"card_choices":[{"not_picked":["Dagger Throw","Concentrate"],"picked":"ReplayTheSpireMod:The Works","floor":1},{"not_picked":["Outmaneuver","Acrobatics"],"picked":"StuffTheSpire:DoubleShiv","floor":3},{"not_picked":["Choke","Doppelganger"],"picked":"Acrobatics","floor":5},{"not_picked":["Sucker Punch","StuffTheSpire:ReptileScales"],"picked":"Dagger Throw","floor":6},{"not_picked":["StuffTheSpire:Injection","StuffTheSpire:BrimstoneBlast","StuffTheSpire:Python"],"picked":"SKIP","floor":7},{"not_picked":["hubris:Counter","PiercingWail","Tools of the Trade"],"picked":"SKIP","floor":8},{"not_picked":["StuffTheSpire:FinalStruggle","conspire:PoisonWeapons"],"picked":"StuffTheSpire:DoubleShiv","floor":13},{"not_picked":["Bullet Time","infinitespire:Neurotoxin"],"picked":"After Image","floor":16},{"not_picked":["Setup","Slice","Dagger Throw"],"picked":"SKIP","floor":18},{"not_picked":["Slice","conspire:DoublingDagger"],"picked":"Acrobatics","floor":21},{"not_picked":["aspiration:Lunge","Quick Slash+1","Setup"],"picked":"SKIP","floor":23},{"not_picked":["Fluid Movement","Dagger Spray"],"picked":"Prepared","floor":24},{"not_picked":["Malaise","Catalyst","StuffTheSpire:Injection"],"picked":"SKIP","floor":25},{"not_picked":["Draining Mist","StuffTheSpire:Injection"],"picked":"Underhanded Strike","floor":27},{"not_picked":["Dagger Throw","Quick Slash","Bouncing Flask"],"picked":"SKIP","floor":29},{"not_picked":["Flechettes","Cloak And Dagger","PiercingWail+1"],"picked":"SKIP","floor":30},{"not_picked":["Cloak And Dagger","Leg Sweep","Night Terror"],"picked":"SKIP","floor":31},{"not_picked":["Malaise","Phantasmal Killer"],"picked":"Adrenaline","floor":33},{"not_picked":["Dodge and Roll","hubris:SlightOfHand","Prepared+1"],"picked":"SKIP","floor":35},{"not_picked":["Dodge and Roll","hubris:SlightOfHand","Prepared+1"],"picked":"SKIP","floor":35},{"not_picked":["Finisher","Quick Slash+1"],"picked":"Accuracy","floor":38},{"not_picked":["Dagger Spray+1","Prepared+1","Blade Dance+1"],"picked":"SKIP","floor":39},{"not_picked":["Die Die Die","Quick Slash","Dodge and Roll"],"picked":"SKIP","floor":41},{"not_picked":["StuffTheSpire:Incantation","Prepared","Outmaneuver"],"picked":"SKIP","floor":44},{"not_picked":["StuffTheSpire:ClusterCrunch+1","Poisoned Stab","Sneak Up"],"picked":"SKIP","floor":48}],"player_experience":415694,"relics_obtained":[{"floor":6,"key":"infinitespire:PuzzleCube"},{"floor":8,"key":"Strawberry"},{"floor":9,"key":"Tiny Chest"},{"floor":11,"key":"reliquary:Firecrackers"},{"floor":13,"key":"Quantum Egg"},{"floor":20,"key":"Garlic"},{"floor":23,"key":"ForgetMeNow"},{"floor":25,"key":"MealTicket"},{"floor":26,"key":"halation:VictoryRuler"},{"floor":30,"key":"Replay:Arrowhead"},{"floor":37,"key":"DemoMod:MeltedRock"},{"floor":41,"key":"DeadEye"},{"floor":43,"key":"reliquary:Aerogel"},{"floor":44,"key":"Replay:Rubber Ducky"},{"floor":48,"key":"War Paint"}],"event_choices":[{"damage_healed":0,"gold_gain":0,"player_choice":"Leave","damage_taken":0,"max_hp_gain":0,"max_hp_loss":0,"event_name":"conspire:Investor","floor":36,"gold_loss":0}],"is_beta":false,"boss_relics":[{"not_picked":["Runic Dome","Tiny House"],"picked":"Replay:Drink Me"},{"not_picked":[]},{"not_picked":["Ring of the Serpent","hubris:CrackedHourglass"],"picked":"SacredBark"},{"not_picked":[]}],"items_purged_floors":[4,14,17,22,34,46],"is_endless":false,"potions_floor_spawned":[5,6,11,13,16,21,23,25,27,35,44],"ascension_level":19}}