{"host":"6xsbn6ynqlzwllfm","time":1613367255,"event":{"mods":["2.2 Compatiblity","BaseMod","Bestiary","Colored Map","Colored Powertips","Curses Come First","Downfall","Highlight Path","Keyboard Shortcuts","Minty Spire (QoL Compilation)","Relic Stats","Slay the Relics Exporter","StSLib","SuperFastMode"],"gold_per_floor":[99,549,563,563,563,563,644,544,563,563,573,573,573,604,623,723,723,723,738,738,738,110,185,185,211,227,239,274,286,318,348,373,489,501,513,545,228,245,318,318,318,330,355,355,381,181,61,86,96,96,96,96,96,96],"floor_reached":52,"language":"ENG","playtime":1949,"items_purged":["Writhe","bronze:Strike","bronze:Defend","Writhe"],"score":1413,"play_id":"6f8910a0-a733-49d4-b07b-d9f50aeb2a32","local_time":"20210215003415","is_ascension_mode":true,"campfire_choices":[{"data":"bronze:Goto","floor":1,"key":"SMITH"},{"floor":6,"key":"RECALL"},{"data":"bronze:Flail","floor":8,"key":"SMITH"},{"data":"bronze:Frontload","floor":10,"key":"SMITH"},{"floor":12,"key":"REST"},{"data":"bronze:MaxOutput","floor":18,"key":"SMITH"},{"floor":29,"key":"REST"},{"data":"bronze:AlphaBuild","floor":35,"key":"SMITH"},{"floor":40,"key":"REST"},{"data":"bronze:BuggyMess","floor":46,"key":"SMITH"}],"circlet_count":0,"master_deck":["AscendersBane","bronze:Replicate","bronze:Goto+1","downfall:Icky","downfall:Icky","downfall:Icky","bronze:Flail+1","Regret","bronze:Frontload+1","bronze:SpaghettiCode","bronze:Boost","bronze:MaxOutput+1","bronze:BurnOut","CurseOfTheBell","bronze:Shield+1","Dramatic Entrance","downfall:Malfunctioning","bronze:Repulsor+1","bronze:Turbo","bronze:Iterate","bronze:AlphaBuild+1","bronze:Turbo+1","bronze:Shield+1","Dramatic Entrance","Parasite","bronze:BuggyMess+1","bronze:DelayedGuard+1"],"relics":["Cursed Key","Kunai","downfall:HeartBlessingRed","Potion Belt","Du-Vu Doll","Calling Bell","Lantern","The Courier","Thread and Needle","downfall:RedIOU","Orichalcum","Akabeko","Unceasing Top","Pantograph","bronze:BronzeIdol","MawBank","Empty Cage","Pocketwatch","Bottled Flame","InkBottle","downfall:HeartBlessingGreen","downfall:HeartBlessingBlue","Mercury Hourglass"],"acts_visited":["Exordium","TheCity","TheBeyond","TheEnding"],"potions_floor_usage":[16,20,25,31,33,33,33,33,49],"damage_taken":[{"damage":14,"enemies":"Jaw Worm","floor":3,"turns":5},{"damage":5,"enemies":"Small Slimes","floor":9,"turns":3},{"damage":3,"enemies":"Cultist","floor":11,"turns":3},{"damage":18,"enemies":"Gremlin Nob","floor":14,"turns":4},{"damage":0,"enemies":"Exordium Wildlife","floor":15,"turns":1},{"damage":33,"enemies":"IC_STATUS_ARCHETYPE","floor":16,"turns":7},{"damage":36,"enemies":"Spheric Guardian","floor":19,"turns":6},{"damage":0,"enemies":"downfall:LooterAlt2","floor":20,"turns":2},{"damage":4,"enemies":"downfall:FleeingMerchant","floor":22,"turns":4},{"damage":41,"enemies":"Book of Stabbing","floor":25,"turns":7},{"damage":3,"enemies":"Snake Plant","floor":26,"turns":2},{"damage":1,"enemies":"Snecko","floor":27,"turns":3},{"damage":0,"enemies":"Slavers","floor":28,"turns":1},{"damage":9,"enemies":"Cultist and Chosen","floor":30,"turns":5},{"damage":25,"enemies":"Snake Plant","floor":31,"turns":3},{"damage":4,"enemies":"Chosen and Byrds","floor":32,"turns":3},{"damage":25,"enemies":"WA_ARCHETYPE_CALM","floor":33,"turns":8},{"damage":6,"enemies":"3 Darklings","floor":36,"turns":5},{"damage":4,"enemies":"downfall:FleeingMerchant","floor":37,"turns":4},{"damage":10,"enemies":"Orb Walker","floor":38,"turns":3},{"damage":0,"enemies":"downfall:FleeingMerchant","floor":39,"turns":2},{"damage":1,"enemies":"3 Darklings","floor":42,"turns":2},{"damage":3,"enemies":"Giant Head","floor":43,"turns":7},{"damage":0,"enemies":"Reptomancer","floor":45,"turns":2},{"damage":8,"enemies":"Nemesis","floor":48,"turns":6},{"damage":13,"enemies":"4 Shapes","floor":49,"turns":1},{"damage":32,"enemies":"DF_ARCHETYPE_ORBS","floor":50,"turns":9},{"damage":94,"enemies":"downfall:CharBossMerchant","floor":52,"turns":8}],"seed_played":"-7257513415189386585","potions_obtained":[{"floor":3,"key":"DuplicationPotion"},{"floor":9,"key":"Swift Potion"},{"floor":19,"key":"SmokeBomb"},{"floor":23,"key":"downfall:CursedFountainPotion"},{"floor":25,"key":"champ:CounterPotion"},{"floor":26,"key":"Dexterity Potion"},{"floor":31,"key":"Guardian:BlockOnCardUsePotion"},{"floor":32,"key":"Guardian:BlockOnCardUsePotion"},{"floor":38,"key":"Ancient Potion"},{"floor":43,"key":"Explosive Potion"}],"is_trial":false,"path_per_floor":["R","?","M","?","?","R","T","R","M","R","M","R","?","E","M","B",null,"R","M","M","?","$","?","T","E","M","M","E","R","M","M","M","B",null,"R","M","?","M","$","R","T","M","E","?","E","R","$","E","M","B",null,"E"],"character_chosen":"THE_AUTOMATON","items_purchased":["Dramatic Entrance","Orichalcum","Akabeko","Unceasing Top","Pocketwatch","Dramatic Entrance","SkillPotion","BlessingOfTheForge"],"campfire_rested":3,"item_purchase_floors":[22,22,22,22,37,39,39,39],"current_hp_per_floor":[63,63,49,49,49,49,49,49,44,44,41,62,59,41,41,8,55,55,19,19,19,15,70,70,29,26,25,25,46,37,12,8,8,55,55,49,45,35,35,56,56,55,52,52,52,62,62,54,41,34,69,0,0,0],"gold":96,"neow_bonus":"BOSS_RELIC","is_daily":false,"chose_seed":false,"campfire_upgraded":6,"win_rate":0.0,"timestamp":1613367255,"path_taken":["R","?","M","?","?","R","T","R","M","R","M","R","?","E","M","BOSS","R","M","M","?","$","?","T","E","M","?","E","R","M","M","M","BOSS","R","M","?","M","$","R","T","M","E","?","E","R","$","E","M","BOSS","E"],"items_purchased_type":["Card","Relic","Relic","Relic","Relic","Card","Potion","Potion"],"build_version":"2020-12-22","purchased_purges":4,"victory":false,"max_hp_per_floor":[70,70,70,70,70,70,70,70,70,70,70,70,70,70,70,70,70,70,70,70,70,70,70,70,70,70,70,70,70,70,70,70,70,70,70,70,70,70,70,70,70,70,70,70,70,80,80,80,80,80,80,80,80,80],"relic_stats":{"counters":[28,116],"Pantograph":50,"Kunai":[18],"Orichalcum":[78],"Cursed Key":3,"MawBank":108,"obtain_stats":[{"Lantern":17,"bronze:BronzeCore":0,"Vajra":5,"downfall:HeartBlessingGreen":46,"Cursed Key":0,"Empty Cage":34,"downfall:HeartBlessingBlue":46,"Pantograph":24,"downfall:RedIOU":21,"Kunai":7,"InkBottle":45,"Potion Belt":13,"downfall:HeartBlessingRed":8,"Thread and Needle":17,"The Courier":17,"Orichalcum":22,"MawBank":28,"Akabeko":22,"bronze:BronzeIdol":25,"Mercury Hourglass":48,"Du-Vu Doll":14,"Calling Bell":17,"Bottled Flame":43,"Unceasing Top":22,"Pocketwatch":37},{"Lantern":6,"bronze:BronzeCore":0,"Vajra":1,"downfall:HeartBlessingGreen":24,"Cursed Key":0,"Empty Cage":17,"downfall:HeartBlessingBlue":24,"Pantograph":9,"downfall:RedIOU":8,"Kunai":1,"InkBottle":24,"Potion Belt":3,"downfall:HeartBlessingRed":1,"Thread and Needle":6,"The Courier":6,"Orichalcum":9,"MawBank":13,"Akabeko":9,"bronze:BronzeIdol":10,"Mercury Hourglass":25,"Du-Vu Doll":4,"Calling Bell":6,"Bottled Flame":23,"Unceasing Top":9,"Pocketwatch":19},{"Lantern":23,"bronze:BronzeCore":0,"Vajra":5,"downfall:HeartBlessingGreen":92,"Cursed Key":0,"Empty Cage":67,"downfall:HeartBlessingBlue":92,"Pantograph":35,"downfall:RedIOU":31,"Kunai":5,"InkBottle":92,"Potion Belt":11,"downfall:HeartBlessingRed":5,"Thread and Needle":23,"The Courier":23,"Orichalcum":35,"MawBank":48,"Akabeko":35,"bronze:BronzeIdol":42,"Mercury Hourglass":98,"Du-Vu Doll":15,"Calling Bell":23,"Bottled Flame":90,"Unceasing Top":35,"Pocketwatch":76}],"Unceasing Top":[4],"InkBottle":[13],"Pocketwatch":[12],"Mercury Hourglass":[19]},"card_choices":[{"not_picked":["bronze:InfiniteBeams","bronze:DelayedSlice"],"picked":"bronze:Flail","floor":3},{"not_picked":["bronze:Overheat","bronze:Constructor"],"picked":"bronze:Frontload","floor":9},{"not_picked":["bronze:Frontload","bronze:Constructor"],"picked":"bronze:SpaghettiCode","floor":11},{"not_picked":["bronze:Deprecate","bronze:NullPointer"],"picked":"bronze:Boost","floor":14},{"not_picked":["bronze:Constructor","bronze:NullPointer"],"picked":"bronze:MaxOutput","floor":15},{"not_picked":["bronze:InfiniteLoop","bronze:CleanCode"],"picked":"bronze:BurnOut","floor":16},{"not_picked":["bronze:Overheat","bronze:OilSpill"],"picked":"bronze:Shield+1","floor":19},{"not_picked":["bronze:Philosophize","bronze:Shield","bronze:ClassDefault+1"],"picked":"SKIP","floor":22},{"not_picked":["bronze:ChosenStrike","bronze:OilSpill","bronze:WildBeam+1"],"picked":"SKIP","floor":25},{"not_picked":["bronze:NullPointer","bronze:DelayedSlice","bronze:Backtrace"],"picked":"SKIP","floor":26},{"not_picked":["bronze:DarkDash","bronze:Refactor"],"picked":"bronze:Repulsor+1","floor":28},{"not_picked":["bronze:Separator","bronze:Constructor"],"picked":"bronze:Turbo","floor":31},{"not_picked":["bronze:Overheat","bronze:OilSpill"],"picked":"bronze:Iterate","floor":32},{"not_picked":["bronze:TinkerersToolbox","bronze:Mutator"],"picked":"bronze:AlphaBuild","floor":33},{"not_picked":["bronze:Backtrace","bronze:WhirlingStrike"],"picked":"bronze:Turbo+1","floor":36},{"not_picked":["bronze:CloningBeam","bronze:ClassDefault","bronze:WildBeam"],"picked":"SKIP","floor":37},{"not_picked":["bronze:OilSpill","bronze:CutThrough"],"picked":"bronze:Shield+1","floor":38},{"not_picked":["bronze:Overload","bronze:Iterate","bronze:ForLoop+1"],"picked":"SKIP","floor":39},{"not_picked":["bronze:Iterate+1","bronze:Turbo","bronze:Safeguard"],"picked":"SKIP","floor":42},{"not_picked":["bronze:Terminator+1","bronze:SpaghettiCode","bronze:Backtrace"],"picked":"SKIP","floor":43},{"not_picked":["bronze:Optimize+1","bronze:WildBeam"],"picked":"bronze:BuggyMess","floor":45},{"not_picked":["bronze:BugBarrage","bronze:ClassDefault"],"picked":"bronze:DelayedGuard+1","floor":49}],"player_experience":1790629,"relics_obtained":[{"floor":7,"key":"Kunai"},{"floor":14,"key":"Du-Vu Doll"},{"floor":17,"key":"Lantern"},{"floor":17,"key":"The Courier"},{"floor":17,"key":"Thread and Needle"},{"floor":24,"key":"Pantograph"},{"floor":25,"key":"bronze:BronzeIdol"},{"floor":28,"key":"MawBank"},{"floor":43,"key":"Bottled Flame"},{"floor":45,"key":"InkBottle"},{"floor":48,"key":"Mercury Hourglass"}],"event_choices":[{"damage_healed":0,"gold_gain":0,"player_choice":"Box","damage_taken":0,"relics_obtained":["Vajra"],"max_hp_gain":0,"max_hp_loss":0,"event_name":"Big Fish","floor":5,"gold_loss":0,"cards_obtained":["Regret"]},{"damage_healed":0,"gold_gain":0,"player_choice":"Success","damage_taken":3,"relics_obtained":["Potion Belt"],"max_hp_gain":0,"max_hp_loss":0,"event_name":"Scrap Ooze","floor":13,"gold_loss":0}],"is_beta":false,"boss_relics":[{"not_picked":["bronze:ElectromagneticCoil","Fusion Hammer"],"picked":"Calling Bell"},{"not_picked":["Runic Dome","Velvet Choker"],"picked":"Empty Cage"}],"items_purged_floors":[22,37,39,47],"is_endless":false,"potions_floor_spawned":[3,9,19,25,26,31,32,38,43,45],"killed_by":"downfall:CharBossMerchant","ascension_level":12}}