{"host":"ln8zowmpyx5bxamj","time":1613355403,"event":{"mods":["Act Like it!","BaseMod","CapriCore","Colored Map","Conspire","Gensokyo","GifTheSpireLib","Hallownest","Hubris","Koishi","KomeijiMod","Marisa????????","Minty Spire (QoL Compilation)","Permanent Neow","Prisma Mod","Replay The Spire","StSLib","The Immortal","Uncapped","Yuyuko"],"gold_per_floor":[20,20,20,36,46,76,76,101,101,128,128,159,159,178,178,277,277,296,72,88,88,88,121,121,135,135,135,135,169,184,184,184,287,287,301,13,13,29,67,100,100,112,135,135,154,179,199,227,227,227],"floor_reached":51,"language":"ENG","playtime":10271,"items_purged":[],"score":883,"play_id":"1aa7a02f-e1d3-4857-9831-47f2386ddcaf","local_time":"20210214201643","is_ascension_mode":true,"campfire_choices":[{"data":"Living to Die","floor":7,"key":"SMITH"},{"floor":11,"key":"REST"},{"data":"Ghostdom Sakura","floor":24,"key":"SMITH"},{"data":"Unreal","floor":27,"key":"SMITH"},{"floor":32,"key":"REST"},{"data":"Faramita\u0027s Temptation","floor":41,"key":"SMITH"},{"data":"Death Dancing","floor":44,"key":"SMITH"},{"data":"Unborn Light","floor":49,"key":"SMITH"}],"circlet_count":0,"master_deck":["Fantasy Butterflies+1","Fantasy Butterflies","Fantasy Butterflies","Fantasy Butterflies+1","Fantasy Butterflies","Dreamy Sakura","Dreamy Sakura","Dreamy Sakura","Dreamy Sakura","Dreamy Sakura","Deathly Ground+1","Faramita\u0027s Temptation+1","Living to Die+1","Death Dancing+1","Wandering Soul","Triple Snow+1","Ghostdom Sakura+1","Home of Suicide+1","Unborn Light+1","Lunch","Supernatural Nether","Wandering Soul+1","Phantom Butterflies","Shame","The Nether+1","Unreal+1","Snow","Postpone Bloom","Past Graveyard+1","Full Moon+1","Open The Fan+1","Monster Cherry Tree+1"],"relics":["Coronal","Yuyuko\u0027s fan","Dream Catcher","hubris:FunFungus","hubris:ToyBattleship","Blood Vial","Smiling Mask","Pear","Sozu","Happy Flower","Molten Egg 2","Replay:Ringing Soul","Singing Bowl","ReplayTheSpireMod:TigerMarble","hubris:HollowSoul","Guide Book","Sling","Meat on the Bone","Vajra","Potion Belt","Ancient Tea Set","Orichalcum"],"acts_visited":["Exordium","Gensokyo:Gensokyo","Gensokyo:Gensokyoer"],"potions_floor_usage":[4,12,14],"damage_taken":[{"damage":26,"enemies":"Gensokyo:Gryphon","floor":1,"turns":5},{"damage":23,"enemies":"Gensokyo:2_Kodama","floor":4,"turns":4},{"damage":16,"enemies":"Gensokyo:Python","floor":5,"turns":4},{"damage":56,"enemies":"Gensokyo:Aya","floor":6,"turns":8},{"damage":40,"enemies":"Gensokyo:Mamizou","floor":8,"turns":10},{"damage":27,"enemies":"Gensokyo:Cirno","floor":10,"turns":6},{"damage":94,"enemies":"Gensokyo:Mamizou","floor":12,"turns":14},{"damage":34,"enemies":"Gensokyo:2_Rabbits","floor":14,"turns":6},{"damage":56,"enemies":"Gensokyo:Yukari","floor":16,"turns":7},{"damage":69,"enemies":"Gensokyo:AngelMirror","floor":18,"turns":5},{"damage":40,"enemies":"Gensokyo:2_Gloops","floor":20,"turns":6},{"damage":24,"enemies":"Gensokyo:Reisen","floor":23,"turns":6},{"damage":20,"enemies":"Gensokyo:Wraith","floor":25,"turns":4},{"damage":26,"enemies":"Gensokyo:Koishi","floor":29,"turns":5},{"damage":66,"enemies":"Gensokyo:Chomper_and_Gloop","floor":30,"turns":5},{"damage":27,"enemies":"Gensokyo:Eternal_Rivals","floor":33,"turns":9},{"damage":54,"enemies":"Gensokyo:AncientGuardian","floor":35,"turns":9},{"damage":32,"enemies":"Gensokyo:3_Bats","floor":38,"turns":4},{"damage":23,"enemies":"conspire:MimicChest","floor":39,"turns":7},{"damage":30,"enemies":"Gensokyo:Kasen","floor":40,"turns":7},{"damage":26,"enemies":"Gensokyo:Dusk_and_Dawn","floor":42,"turns":6},{"damage":18,"enemies":"Gensokyo:Rafflesia","floor":45,"turns":6},{"damage":60,"enemies":"Gensokyo:Marisa","floor":46,"turns":6},{"damage":19,"enemies":"Gensokyo:SeedOfUnknown","floor":47,"turns":5},{"damage":30,"enemies":"Gensokyo:Doremy","floor":48,"turns":6},{"damage":29,"enemies":"Gensokyo:Yuyuko","floor":50,"turns":8}],"seed_played":"-239912254138588733","potions_obtained":[{"floor":1,"key":"CalmPotion"},{"floor":6,"key":"Weak Potion"},{"floor":10,"key":"Firefly"},{"floor":12,"key":"SkillPotion"}],"is_trial":false,"path_per_floor":["M","?","?","M","M","E","R","E","T","E","R","E","?","M","R_BF","B",null,"M","$","M","?","?","E","R","M","T","R","T","E","M","?","R","B",null,"M","COS","?","M","?","E","R","M","T","R","M","E","M","E","R","B",null],"character_chosen":"YUYOKO","items_purchased":["Phantom Butterflies","Happy Flower"],"campfire_rested":2,"item_purchase_floors":[19,19],"current_hp_per_floor":[27,27,27,30,27,29,29,30,30,31,40,14,14,25,40,36,50,15,15,26,26,26,44,44,46,46,46,46,47,20,20,39,60,61,55,55,55,48,62,64,64,65,65,65,71,73,68,77,77,77],"gold":227,"neow_bonus":"THREE_RARE_CARDS","is_daily":false,"chose_seed":false,"campfire_upgraded":6,"win_rate":0.0,"timestamp":1613355403,"path_taken":["M","?","?","M","M","E","R","E","T","E","R","E","?","M","R_BF","BOSS","M","$","M","?","?","E","R","M","T","R","?","E","M","?","R","BOSS","M","COS","?","M","?","E","R","M","T","R","M","E","M","E","R","BOSS"],"items_purchased_type":["Card","Relic"],"build_version":"2020-12-22","purchased_purges":0,"victory":true,"max_hp_per_floor":[40,40,40,40,40,40,40,40,40,40,40,50,50,50,50,50,50,50,50,50,50,50,50,50,50,50,50,50,52,55,55,58,61,61,64,64,64,67,69,71,71,75,75,75,77,79,81,83,83,83],"card_choices":[{"not_picked":["Ghost Lead","Ghastly Dream"],"picked":"Living to Die","floor":0},{"not_picked":["Mini Ghostdom","Unknown Petal"],"picked":"Death Dancing","floor":1},{"not_picked":["Trap Lamp","Reverse The Screen"],"picked":"Wandering Soul","floor":4},{"not_picked":["Unknown Petal","Spear of Papilio"],"picked":"Triple Snow","floor":5},{"not_picked":["Dying Butterflies","Dancing Soul"],"picked":"End of Faramita","floor":6},{"not_picked":["Song of Papilio","Spear of Papilio","Dying Butterflies"],"picked":"SKIP","floor":8},{"not_picked":["Linger over Flower","Butterflies in Dream","Final of Final"],"picked":"SKIP","floor":10},{"not_picked":["Linger over Flower","Butterflies in Dream","Final of Final"],"picked":"SKIP","floor":10},{"not_picked":["Unstable Ward","Redemption of Death"],"picked":"Ghostdom Sakura","floor":11},{"not_picked":["Bloom","Living to Die"],"picked":"Home of Suicide","floor":12},{"not_picked":["City of Death","End of Faramita"],"picked":"Unborn Light","floor":14},{"not_picked":["Become Phantom","Dancing Butterflies"],"picked":"Lunch","floor":15},{"not_picked":["Ghost Lead","Home of Suicide"],"picked":"Supernatural Nether","floor":16},{"not_picked":["Phantom Gift","Immigrant Phantom"],"picked":"Wandering Soul+1","floor":18},{"not_picked":["Immigrant Phantom","City of Death+1","Steamed Phantom+1"],"picked":"SKIP","floor":20},{"not_picked":["Postpone Bloom","Wandering Soul"],"picked":"The Nether+1","floor":23},{"not_picked":["City of Death","Ghostdom Sakura"],"picked":"Unreal","floor":25},{"not_picked":["Linger over Flower","Steamed Phantom","Ticket to Heaven"],"picked":"Singing Bowl","floor":29},{"not_picked":["The Forgotten Winter","Spear of Papilio+1"],"picked":"Snow","floor":30},{"not_picked":["Phantom Butterflies","The Forgotten Winter"],"picked":"Postpone Bloom","floor":32},{"not_picked":["Supernatural Nether","Full Inky Sakura"],"picked":"Past Graveyard","floor":33},{"not_picked":["City of Death+1","Dying Butterflies"],"picked":"Full Moon+1","floor":35},{"not_picked":["All Wander+1","Gather the Spring+1"],"picked":"Open The Fan+1","floor":38},{"not_picked":["Dark Wind+1","Spear of Papilio+1","All Wander+1"],"picked":"Singing Bowl","floor":39},{"not_picked":["The Nether+1","Scenery of Papilio","Death Dancing+1"],"picked":"Singing Bowl","floor":40},{"not_picked":["Gauzy Sakura","Steamed Phantom+1"],"picked":"Monster Cherry Tree+1","floor":42},{"not_picked":["Gather the Spring+1","Immigrant Phantom","Elegance"],"picked":"Singing Bowl","floor":45},{"not_picked":["Wandering Soul+1","All Wander","Suicide"],"picked":"Singing Bowl","floor":46},{"not_picked":["Redemption of Death+1","Sweet of Phantom","Butterflies in Dream"],"picked":"Singing Bowl","floor":47},{"not_picked":["Phantom Gift","Ghost Spot","Unstable Ward+1"],"picked":"Singing Bowl","floor":48}],"player_experience":721627,"relics_obtained":[{"floor":6,"key":"hubris:FunFungus"},{"floor":8,"key":"hubris:ToyBattleship"},{"floor":9,"key":"Blood Vial"},{"floor":10,"key":"Smiling Mask"},{"floor":12,"key":"Pear"},{"floor":23,"key":"Molten Egg 2"},{"floor":26,"key":"Replay:Ringing Soul"},{"floor":28,"key":"Singing Bowl"},{"floor":29,"key":"ReplayTheSpireMod:TigerMarble"},{"floor":39,"key":"Meat on the Bone"},{"floor":40,"key":"Vajra"},{"floor":43,"key":"Potion Belt"},{"floor":46,"key":"Ancient Tea Set"},{"floor":48,"key":"Orichalcum"}],"event_choices":[{"damage_healed":0,"gold_gain":0,"player_choice":"Leave","damage_taken":0,"max_hp_gain":0,"max_hp_loss":0,"event_name":"conspire:Investor","floor":31,"gold_loss":0}],"is_beta":false,"boss_relics":[{"not_picked":["Coffee Dripper","SlaversCollar"],"picked":"Sozu"},{"not_picked":["Velvet Choker","Painkiller Herb"],"picked":"hubris:HollowSoul"}],"items_purged_floors":[],"is_endless":false,"potions_floor_spawned":[1,6,10,12,18,23,25,33,38,39,42],"ascension_level":1}}