{"host":"3c8x8j1h2jyrixpf","time":1613420214,"event":{"mods":["BaseMod","Colored Powertips","Highlight Path","Minty Spire (QoL Compilation)","StSLib"],"gold_per_floor":[110,110,59,59,0,35,35,62,87,103,28,40,40,40,40,136,136,156,175,175,20,30,30,65,65,65,79,79,97,117,117,117],"floor_reached":31,"language":"ENG","playtime":1148,"items_purged":["Strike_G"],"score":526,"play_id":"8d923723-330b-4891-87e2-1908046c92df","local_time":"20210215141654","is_ascension_mode":true,"campfire_choices":[{"data":"Deadly Poison","floor":7,"key":"SMITH"},{"data":"Footwork","floor":13,"key":"SMITH"},{"data":"Sucker Punch","floor":15,"key":"SMITH"},{"data":"Footwork","floor":23,"key":"SMITH"},{"data":"Catalyst","floor":25,"key":"SMITH"},{"floor":28,"key":"REST"}],"circlet_count":0,"master_deck":["AscendersBane","Defend_G","Defend_G","Defend_G","Defend_G","Defend_G","Survivor+1","Neutralize","Sucker Punch+1","Deadly Poison+1","Blade Dance","Deflect","Footwork+1","Blade Dance","Envenom","Footwork+1","Catalyst+1","Bite","Bite","Bite","Bite","Bite","Cloak And Dagger","PiercingWail","PiercingWail","Leg Sweep","Footwork"],"relics":["Ring of the Snake","NeowsBlessing","Ice Cream","Bag of Marbles","Blue Candle","Regal Pillow","Philosopher\u0027s Stone","TwistedFunnel","Tough Bandages"],"acts_visited":["Exordium","TheCity"],"potions_floor_usage":[16,24],"damage_taken":[{"damage":0,"enemies":"Small Slimes","floor":1,"turns":1},{"damage":0,"enemies":"Gremlin Nob","floor":6,"turns":1},{"damage":0,"enemies":"Lagavulin","floor":8,"turns":1},{"damage":0,"enemies":"Jaw Worm","floor":10,"turns":2},{"damage":0,"enemies":"2 Louse","floor":12,"turns":2},{"damage":12,"enemies":"The Guardian","floor":16,"turns":12},{"damage":12,"enemies":"3 Byrds","floor":18,"turns":7},{"damage":0,"enemies":"Shell Parasite","floor":19,"turns":5},{"damage":31,"enemies":"Sentry and Sphere","floor":22,"turns":8},{"damage":22,"enemies":"Gremlin Leader","floor":24,"turns":8},{"damage":39,"enemies":"Shelled Parasite and Fungi","floor":27,"turns":7},{"damage":14,"enemies":"Centurion and Healer","floor":29,"turns":8},{"damage":10,"enemies":"3 Cultists","floor":30,"turns":7},{"damage":65,"enemies":"Book of Stabbing","floor":31,"turns":8}],"seed_played":"-3533096753968646587","potions_obtained":[{"floor":8,"key":"Fruit Juice"},{"floor":12,"key":"BlessingOfTheForge"},{"floor":16,"key":"FearPotion"},{"floor":22,"key":"Explosive Potion"},{"floor":27,"key":"ColorlessPotion"},{"floor":29,"key":"DuplicationPotion"}],"is_trial":false,"path_per_floor":["M","?","$","?","?","E","R","E","T","M","$","M","R","?","R","B",null,"M","M","?","$","M","R","E","R","T","M","R","M","M","E"],"character_chosen":"THE_SILENT","items_purchased":["Deadly Poison","TwistedFunnel"],"campfire_rested":1,"item_purchase_floors":[3,21],"current_hp_per_floor":[63,56,56,42,42,42,42,42,42,42,42,42,42,47,47,40,70,58,58,56,56,41,41,37,37,37,16,47,53,56,0,0],"gold":117,"neow_bonus":"THREE_ENEMY_KILL","is_daily":false,"chose_seed":false,"campfire_upgraded":5,"win_rate":0.0,"timestamp":1613420214,"path_taken":["M","?","$","?","?","E","R","E","T","M","$","?","R","?","R","BOSS","M","M","?","$","M","R","E","R","T","M","R","M","M","E"],"items_purchased_type":["Card","Relic"],"build_version":"2020-12-22","purchased_purges":1,"victory":false,"max_hp_per_floor":[70,70,70,70,70,70,70,70,70,70,70,70,70,75,75,80,80,80,80,56,56,56,56,56,56,56,56,56,56,56,56,56],"card_choices":[{"not_picked":["Outmaneuver","Endless Agony"],"picked":"Sucker Punch","floor":1},{"not_picked":["Slice","Terror"],"picked":"Blade Dance","floor":6},{"not_picked":["Distraction","Bane"],"picked":"Deflect","floor":8},{"not_picked":["Glass Knife","Outmaneuver"],"picked":"Footwork","floor":10},{"not_picked":["Dagger Throw","Reflex"],"picked":"Blade Dance","floor":12},{"not_picked":["Doppelganger","Bullet Time"],"picked":"Envenom","floor":16},{"not_picked":["Backstab+1","Acrobatics+1"],"picked":"Footwork","floor":18},{"not_picked":["Deflect","Outmaneuver"],"picked":"Catalyst","floor":19},{"not_picked":["Sucker Punch+1","Acrobatics"],"picked":"Cloak And Dagger","floor":22},{"not_picked":["Dodge and Roll","Slice"],"picked":"PiercingWail","floor":24},{"not_picked":["Dagger Throw","Well Laid Plans"],"picked":"PiercingWail","floor":27},{"not_picked":["Backflip","Slice"],"picked":"Leg Sweep","floor":29},{"not_picked":["Sucker Punch","Deadly Poison"],"picked":"Footwork","floor":30}],"player_experience":250887,"relics_obtained":[{"floor":6,"key":"Bag of Marbles"},{"floor":8,"key":"Blue Candle"},{"floor":9,"key":"Regal Pillow"},{"floor":24,"key":"Tough Bandages"}],"event_choices":[{"cards_removed":["Strike_G"],"damage_healed":0,"gold_gain":0,"player_choice":"Card Removal","damage_taken":7,"max_hp_gain":0,"max_hp_loss":0,"event_name":"Golden Wing","floor":2,"gold_loss":0},{"damage_healed":0,"gold_gain":0,"player_choice":"Entered Light","damage_taken":14,"max_hp_gain":0,"max_hp_loss":0,"event_name":"Shining Light","floor":4,"gold_loss":0,"cards_upgraded":["Strike_G","Survivor"]},{"damage_healed":0,"gold_gain":0,"player_choice":"Paid Gold","damage_taken":0,"relics_obtained":["Ice Cream"],"max_hp_gain":0,"max_hp_loss":0,"event_name":"WeMeetAgain","floor":5,"gold_loss":59},{"damage_healed":0,"gold_gain":0,"player_choice":"Donut","damage_taken":0,"max_hp_gain":5,"max_hp_loss":0,"event_name":"Big Fish","floor":14,"gold_loss":0},{"damage_healed":0,"gold_gain":0,"player_choice":"Became a vampire","damage_taken":0,"max_hp_gain":0,"max_hp_loss":24,"event_name":"Vampires","floor":20,"gold_loss":0,"cards_obtained":["Bite","Bite","Bite","Bite","Bite"]}],"is_beta":false,"boss_relics":[{"not_picked":["Busted Crown","Velvet Choker"],"picked":"Philosopher\u0027s Stone"}],"items_purged_floors":[11],"is_endless":false,"potions_floor_spawned":[8,12,16,22,27,29,30],"killed_by":"Book of Stabbing","ascension_level":12}}