{"host":"y4fuci1jk2rsxnep","time":1613414052,"event":{"mods":["AchievementEnabler","BaseMod","Colored Powertips","Custom Start","Defuse TimeMaze Blight","Dio Mod","Downfall","Hermit","Hero for Fun","Hubris","Hunter ??","Infinite Spire","Minty Spire (QoL Compilation)","Quick Restart","Reliquary","Remove Card Discount Mod","Replay The Spire","StSLib","The Blackbeard","The Bug Knight","The Mystic","The Runesmith"],"gold_per_floor":[114,128,148,161,161,161,161,186,212,255,255,255,255,268,268,268,268],"floor_reached":16,"language":"ENG","playtime":1067,"items_purged":[],"score":107,"play_id":"c1451b10-4e83-42c4-81fc-326691556079","local_time":"20210215193412","is_ascension_mode":true,"campfire_choices":[{"data":"hermit:ShadowCloak","floor":6,"key":"SMITH"},{"data":"hermit:LoneWolf","floor":12,"key":"SMITH"},{"floor":15,"key":"REST"}],"circlet_count":0,"master_deck":["hermit:Strike_Hermit","hermit:Strike_Hermit","hermit:Strike_Hermit","hermit:Strike_Hermit","hermit:Defend_Hermit","hermit:Defend_Hermit","hermit:Defend_Hermit+1","hermit:Defend_Hermit","hermit:Snapshot+1","hermit:Covet+1","hermit:ShadowCloak+1","hermit:Quickdraw","hermit:Enervate","Injury","hermit:LoneWolf+1","hermit:GhostlyPresence","hermit:FlashPowder"],"relics":["hermit:Momento","NeowsBlessing","Golden Idol","War Paint","Pen Nib"],"acts_visited":["Exordium"],"potions_floor_usage":[16,16],"damage_taken":[{"damage":0,"enemies":"2 Louse","floor":1,"turns":1},{"damage":0,"enemies":"Jaw Worm","floor":2,"turns":1},{"damage":0,"enemies":"Cultist","floor":3,"turns":1},{"damage":0,"enemies":"Blue Slaver","floor":4,"turns":3},{"damage":1,"enemies":"Large Slime","floor":8,"turns":6},{"damage":48,"enemies":"3 Sentries","floor":10,"turns":11},{"damage":2,"enemies":"Exordium Wildlife","floor":14,"turns":6},{"damage":50,"enemies":"Hexaghost","floor":16,"turns":16}],"seed_played":"-3633643593600376089","potions_obtained":[{"floor":1,"key":"hexamod:SoulburnPotion"},{"floor":4,"key":"LifebloodPotion"},{"floor":8,"key":"hermit:Eclipse"}],"is_trial":false,"path_per_floor":["M","M","M","M","?","R","?","M","T","E","?","R","?","M","R","B"],"character_chosen":"HERMIT","items_purchased":[],"campfire_rested":1,"item_purchase_floors":[],"current_hp_per_floor":[75,75,75,75,75,75,75,74,74,26,26,26,26,24,46,0,0],"gold":268,"neow_bonus":"THREE_ENEMY_KILL","is_daily":false,"chose_seed":false,"campfire_upgraded":2,"win_rate":0.0,"timestamp":1613414052,"path_taken":["M","M","M","M","?","R","?","?","T","E","?","R","?","M","R","BOSS"],"items_purchased_type":[],"build_version":"2020-12-22","purchased_purges":0,"victory":false,"max_hp_per_floor":[75,75,75,75,75,75,75,75,75,75,75,75,75,75,75,75,75],"card_choices":[{"not_picked":["hermit:PistolWhip","hermit:Ricochet"],"picked":"hermit:ShadowCloak","floor":1},{"not_picked":["hermit:Roulette","hermit:CalledShot"],"picked":"hermit:Quickdraw","floor":2},{"not_picked":["hermit:Manifest","hermit:Maintenance"],"picked":"hermit:Enervate","floor":3},{"not_picked":["hermit:HoleUp","hermit:Desperado","hermit:BodyArmor"],"picked":"SKIP","floor":4},{"not_picked":["hermit:Cheat","hermit:Manifest"],"picked":"hermit:LoneWolf","floor":8},{"not_picked":["hermit:Deadeye","hermit:Roughhouse"],"picked":"hermit:GhostlyPresence","floor":10},{"not_picked":["hermit:DeadMansHand","hermit:EyeOfTheStorm"],"picked":"hermit:FlashPowder","floor":14}],"player_experience":587857,"relics_obtained":[{"floor":9,"key":"War Paint"},{"floor":10,"key":"Pen Nib"}],"event_choices":[{"damage_healed":0,"gold_gain":0,"player_choice":"Take Wound","damage_taken":0,"relics_obtained":["Golden Idol"],"max_hp_gain":0,"max_hp_loss":0,"event_name":"Golden Idol","floor":5,"gold_loss":0,"cards_obtained":["Injury"]},{"damage_healed":0,"gold_gain":0,"player_choice":"Grow","damage_taken":0,"max_hp_gain":0,"max_hp_loss":0,"event_name":"Living Wall","floor":7,"gold_loss":0,"cards_upgraded":["hermit:Snapshot"]},{"damage_healed":0,"gold_gain":0,"player_choice":"Leave","damage_taken":0,"max_hp_gain":0,"max_hp_loss":0,"event_name":"The Cleric","floor":11,"gold_loss":0},{"damage_healed":0,"gold_gain":0,"player_choice":"Fled","damage_taken":0,"max_hp_gain":0,"max_hp_loss":0,"event_name":"Scrap Ooze","floor":13,"gold_loss":0}],"is_beta":false,"boss_relics":[],"items_purged_floors":[],"is_endless":false,"potions_floor_spawned":[1,4,8,14],"killed_by":"Hexaghost","ascension_level":1}}