{"host":"kybn6ox37urbij4t","time":1613427725,"event":{"mods":["Aspiration","BaseMod","Better Third Choice","Dota2Spire","Minty Spire (QoL Compilation)","Reliquary","Replay The Spire","StSLib","The Blue Laboratory","TheWitcher"],"gold_per_floor":[123,148,148,148,162,179,214,214,214,198,163,193,223,303,303,303,303,303,303],"floor_reached":18,"language":"ENG","playtime":817,"items_purged":["SnafuTest:CurseImprisonment"],"score":120,"play_id":"db45459f-3e7d-45ee-a2e2-3fc41a95d23c","local_time":"20210215232205","is_ascension_mode":false,"campfire_choices":[{"data":"SnafuTest:BombNorthernWind","floor":8.0,"key":"SMITH"},{"data":"SnafuTest:BombDancingStar","floor":17,"key":"SMITH"}],"circlet_count":0,"master_deck":["SnafuTest:DefaultCommonAttack","SnafuTest:DefaultCommonAttack","SnafuTest:DefaultCommonAttack","SnafuTest:BountyHunt","SnafuTest:DefaultCommonSkill","SnafuTest:DefaultCommonSkill","SnafuTest:DefaultCommonSkill","SnafuTest:SignAard","SnafuTest:PowerAlwaysAWay","SnafuTest:BombNorthernWind+1","SnafuTest:WorldMap","SnafuTest:SwordDance","SnafuTest:BombDancingStar+1"],"relics":["SnafuTest:UnstableMutagenRelic","NeowsBlessing","ReplayTheSpireMod:CursedCoin","Dota2Spire:ShivaGuard","aspiration:BabyByrd","Dota2Spire:PowerTreads","Golden Egg","Dota2Spire:ArmletOfMordiggian","reliquary:PurpleTingedLeaf"],"acts_visited":["Exordium"],"potions_floor_usage":[18],"damage_taken":[{"damage":0.0,"enemies":"Cultist","floor":1.0,"turns":2.0},{"damage":0.0,"enemies":"2 Louse","floor":5.0,"turns":1.0},{"damage":0.0,"enemies":"Small Slimes","floor":6.0,"turns":1.0},{"damage":25.0,"enemies":"3 Sentries","floor":7.0,"turns":9.0},{"damage":49.0,"enemies":"Lagavulin","floor":10.0,"turns":8.0},{"damage":7.0,"enemies":"Red Slaver","floor":12.0,"turns":4.0},{"damage":0.0,"enemies":"Large Slime","floor":13.0,"turns":4.0},{"damage":23,"enemies":"Hexaghost","floor":18,"turns":9}],"seed_played":"-1143610953800591477","potions_obtained":[{"floor":1.0,"key":"blueLaboratory:HeartbeatPotion"},{"floor":12.0,"key":"LiquidMemories"}],"is_trial":false,"path_per_floor":["M","$","T","?","M","M","E","R","T","E","?","M","M","?","PTL","PTL","R","B"],"character_chosen":"THE_WITCHER","items_purchased":["ReplayTheSpireMod:CursedCoin","SnafuTest:BombNorthernWind"],"campfire_rested":0,"item_purchase_floors":[2,2],"current_hp_per_floor":[75,75,75,75,75,75,50,50,50,1,19,15,17,17,17,17,17,0,0],"gold":303,"neow_bonus":"THREE_ENEMY_KILL","is_daily":false,"chose_seed":false,"campfire_upgraded":2,"win_rate":0.0,"timestamp":1613427725,"path_taken":["M","$","?","?","M","M","E","R","T","E","?","M","M","?","PTL","PTL","R","BOSS"],"items_purchased_type":["Relic","Card"],"build_version":"2020-12-22","purchased_purges":1,"victory":false,"max_hp_per_floor":[75,75,75,75,75,75,75,75,75,75,75,75,75,75,75,75,75,75,75],"card_choices":[{"not_picked":["SnafuTest:AncestralRitual","SnafuTest:SignQuen"],"picked":"SnafuTest:PowerAlwaysAWay","floor":1.0},{"not_picked":["SnafuTest:AncestralRitual","SnafuTest:MCSongOfPeace","SnafuTest:BombDragonsDream"],"picked":"SKIP","floor":5.0},{"not_picked":["SnafuTest:PowerAlwaysOnRoads","SnafuTest:BombNorthernWind"],"picked":"SnafuTest:WorldMap","floor":6.0},{"not_picked":["SnafuTest:ShoulderSlam","SnafuTest:ArmoredSortie"],"picked":"SnafuTest:PayExoticTreasure","floor":7.0},{"not_picked":["SnafuTest:Siege","SnafuTest:AncestralRitual"],"picked":"SnafuTest:SwordDance","floor":10.0},{"not_picked":["SnafuTest:UndefeatedNarcissism","SnafuTest:BloodForBlood"],"picked":"SnafuTest:BombDancingStar","floor":12.0},{"not_picked":["SnafuTest:ScholarsIntrigue","SnafuTest:PowerAlwaysOnRoads","SnafuTest:ShieldUp"],"picked":"SKIP","floor":13.0}],"player_experience":399421,"relics_obtained":[{"floor":3.0,"key":"Dota2Spire:ShivaGuard"},{"floor":7.0,"key":"Dota2Spire:PowerTreads"},{"floor":9.0,"key":"Golden Egg"},{"floor":10.0,"key":"reliquary:PurpleTingedLeaf"}],"event_choices":[{"damage_healed":18.0,"max_hp_gain":0.0,"max_hp_loss":0.0,"gold_gain":0.0,"event_name":"The Cleric","player_choice":"Healed","floor":11.0,"gold_loss":35.0,"damage_taken":0.0}],"is_beta":false,"boss_relics":[],"items_purged_floors":[2],"is_endless":false,"potions_floor_spawned":[1,12],"killed_by":"Hexaghost","ascension_level":0}}