{"host":"j5j96s76v36ug78u","time":1613396355,"event":{"mods":["BaseMod","Better Third Choice","Downfall","Highlight Path","Minty Spire (QoL Compilation)","Reliquary","StSLib","The Animator"],"gold_per_floor":[99,129,129,151,179,211,211,238,257,285,285,315,465,498,537,537,537],"floor_reached":16,"language":"ENG","playtime":2257,"items_purged":[],"score":140,"play_id":"3f32622e-736a-4112-b1d1-d200b1abd11d","local_time":"20210215103915","is_ascension_mode":true,"campfire_choices":[{"data":"animator:Chung","floor":1,"key":"SMITH"},{"floor":11,"key":"REST"}],"circlet_count":0,"master_deck":["animator:Strike_Elsword","animator:Defend_Elsword","animator:Strike","animator:Strike","animator:Strike","animator:Defend","animator:Defend","animator:Defend","animator:Chung+1","animator:Raven","animator:Emonzaemon","animator:Elsword","animator:Lancer","animator:UneriGinkaku","animator:Togame","animator:Lancer","downfall:Icky","animator:Shichika","animator:ZankiKiguchi"],"relics":["animator:LivingPicture","animator:TheMissingPiece","animator:PurgingStone","Oddly Smooth Stone","reliquary:BoilingFlask","Letter Opener","Odd Mushroom","reliquary:PorcupineQuills"],"acts_visited":["Exordium"],"potions_floor_usage":[9,14,16],"damage_taken":[{"damage":0,"enemies":"Jaw Worm","floor":2,"turns":4},{"damage":1,"enemies":"Cultist","floor":4,"turns":4},{"damage":0,"enemies":"Small Slimes","floor":5,"turns":4},{"damage":32,"enemies":"Gremlin Nob","floor":6,"turns":5},{"damage":28,"enemies":"3 Sentries","floor":8,"turns":10},{"damage":0,"enemies":"Exordium Wildlife","floor":9,"turns":5},{"damage":0,"enemies":"downfall:LooterAlt","floor":10,"turns":3},{"damage":13,"enemies":"The Mushroom Lair","floor":12,"turns":4},{"damage":16,"enemies":"Gremlin Nob","floor":14,"turns":3},{"damage":0,"enemies":"2 Fungi Beasts","floor":15,"turns":2},{"damage":14,"enemies":"SI_SHIV_ARCHETYPE","floor":16,"turns":7}],"seed_played":"6647925891368064753","potions_obtained":[{"floor":4,"key":"EssenceOfSteel"},{"floor":6,"key":"Energy Potion"},{"floor":10,"key":"SteroidPotion"},{"floor":14,"key":"EssenceOfSteel"},{"floor":15,"key":"Strength Potion"}],"is_trial":false,"path_per_floor":["R","M","?","M","M","E","T","E","M","M","R","?","?","E","M","B"],"character_chosen":"THE_ANIMATOR","items_purchased":[],"campfire_rested":1,"item_purchase_floors":[],"current_hp_per_floor":[66,66,76,75,75,43,43,15,16,16,39,26,26,11,11,0,0],"gold":537,"neow_bonus":"ONE_RANDOM_RARE_CARD","is_daily":false,"chose_seed":false,"campfire_upgraded":1,"win_rate":0.0,"timestamp":1613396355,"path_taken":["R","M","?","M","M","E","T","E","M","?","R","?","?","E","M","BOSS"],"items_purchased_type":[],"build_version":"2020-12-22","purchased_purges":0,"victory":false,"max_hp_per_floor":[66,66,76,76,76,76,76,76,77,77,77,77,77,78,78,78,78],"card_choices":[{"not_picked":["animator:RoyMustang","animator:ElricEdward"],"picked":"animator:Emonzaemon","floor":2},{"not_picked":["animator:Darkness","animator:Chung"],"picked":"animator:Elsword","floor":4},{"not_picked":["animator:Benimaru","animator:Souei"],"picked":"animator:Lancer","floor":5},{"not_picked":["animator:Souei","animator:Verdia","animator:AcuraAkari"],"picked":"SKIP","floor":8},{"not_picked":["animator:ChlammyZell","animator:Pride"],"picked":"animator:UneriGinkaku","floor":9},{"not_picked":["animator:Elsword","animator:Alexander"],"picked":"animator:Togame","floor":10},{"not_picked":["animator:AcuraTooru","animator:Millim"],"picked":"animator:Lancer","floor":12},{"not_picked":["animator:Nanami","animator:HigakiRinne"],"picked":"animator:Shichika","floor":14},{"not_picked":["animator:Lu","animator:Lancer"],"picked":"animator:ZankiKiguchi","floor":15}],"player_experience":244883,"relics_obtained":[{"floor":6,"key":"Oddly Smooth Stone"},{"floor":7,"key":"reliquary:BoilingFlask"},{"floor":8,"key":"Letter Opener"},{"floor":12,"key":"Odd Mushroom"},{"floor":14,"key":"reliquary:PorcupineQuills"}],"event_choices":[{"cards_removed":["animator:ChaikaTrabant"],"damage_healed":0,"gold_gain":0,"player_choice":"Offered Rare","damage_taken":0,"max_hp_gain":10,"max_hp_loss":0,"event_name":"Bonfire Elementals","floor":3,"gold_loss":0},{"damage_healed":0,"gold_gain":0,"player_choice":"Fought Mushrooms","damage_taken":0,"max_hp_gain":0,"max_hp_loss":0,"event_name":"Mushrooms","floor":12,"gold_loss":0}],"is_beta":false,"boss_relics":[],"items_purged_floors":[],"is_endless":false,"potions_floor_spawned":[4,6,10,14,15],"killed_by":"SI_SHIV_ARCHETYPE","ascension_level":3}}