{"host":"gnfs9pc52tj5b2xa","time":1613390830,"event":{"mods":["BaseMod","Minty Spire (QoL Compilation)","Relic Sorter","Relic Stats","Slay the Relics Exporter","ojb\u0027s Better Paths Mod","ojb\u0027s Info Mod"],"gold_per_floor":[115,40,56,131,150,181,191,191,191,222,222,248,266,284,284,358,358,372,372,372,383,20,54,54,54,81,81,106,124,19,31,31,31,31],"floor_reached":33,"language":"ENG","playtime":2172,"items_purged":["Strike_R"],"score":610,"play_id":"5dfbcb99-7a60-4dff-92ec-dbbeda62f3c4","local_time":"20210215040710","is_ascension_mode":true,"campfire_choices":[{"data":"Immolate","floor":11.0,"key":"SMITH"},{"data":"Armaments","floor":15.0,"key":"SMITH"},{"floor":24.0,"key":"REST"},{"data":"Fiend Fire","floor":27.0,"key":"SMITH"},{"data":"Metallicize","floor":32.0,"key":"SMITH"}],"circlet_count":0,"master_deck":["AscendersBane","Defend_R","Defend_R","Defend_R","Defend_R","Bash","Anger+1","Rampage","Iron Wave+1","Anger","Immolate+1","Iron Wave","Carnage","Armaments+1","Metallicize+1","Corruption","Sever Soul","Fiend Fire+1","Spot Weakness","Clothesline+1","Offering+1","Shockwave+1","Armaments+1"],"relics":["Burning Blood","Bag of Preparation","Happy Flower","Pear","The Courier","Prayer Wheel","SlaversCollar","Toxic Egg 2","Anchor","StrikeDummy","Bronze Scales","Whetstone"],"acts_visited":["Exordium","TheCity"],"potions_floor_usage":[33],"damage_taken":[{"damage":4.0,"enemies":"Small Slimes","floor":1.0,"turns":4.0},{"damage":0.0,"enemies":"2 Louse","floor":3.0,"turns":5.0},{"damage":9.0,"enemies":"Jaw Worm","floor":5.0,"turns":4.0},{"damage":35.0,"enemies":"3 Sentries","floor":6.0,"turns":10.0},{"damage":5.0,"enemies":"Gremlin Gang","floor":7.0,"turns":5.0},{"damage":25.0,"enemies":"Lagavulin","floor":10.0,"turns":5.0},{"damage":7.0,"enemies":"3 Sentries","floor":12.0,"turns":4.0},{"damage":0.0,"enemies":"Blue Slaver","floor":13.0,"turns":2.0},{"damage":0.0,"enemies":"Large Slime","floor":14.0,"turns":4.0},{"damage":54.0,"enemies":"Hexaghost","floor":16.0,"turns":9.0},{"damage":0.0,"enemies":"3 Byrds","floor":18.0,"turns":6.0},{"damage":39.0,"enemies":"Shell Parasite","floor":21.0,"turns":5.0},{"damage":41.0,"enemies":"Gremlin Leader","floor":23.0,"turns":5.0},{"damage":21.0,"enemies":"Slavers","floor":28.0,"turns":4.0},{"damage":6.0,"enemies":"Snecko","floor":29.0,"turns":1.0},{"damage":1.0,"enemies":"3 Cultists","floor":31.0,"turns":4.0},{"damage":34,"enemies":"Champ","floor":33,"turns":18}],"seed_played":"1553345700254102527","potions_obtained":[{"floor":5.0,"key":"BloodPotion"},{"floor":6.0,"key":"Regen Potion"},{"floor":7.0,"key":"Regen Potion"},{"floor":10.0,"key":"Energy Potion"},{"floor":14.0,"key":"Fire Potion"},{"floor":21.0,"key":"EssenceOfSteel"},{"floor":29.0,"key":"Energy Potion"},{"floor":31.0,"key":"Fire Potion"}],"is_trial":false,"path_per_floor":["M","?","M","?","M","E","M","?","T","E","R","E","M","M","R","B",null,"M","?","?","M","$","E","R","$","T","R","E","M","$","M","R","B"],"character_chosen":"IRONCLAD","items_purchased":["Toxic Egg 2","Anchor","Armaments+1"],"campfire_rested":1,"item_purchase_floors":[22,22,30],"current_hp_per_floor":[70,70,75,64,61,32,48,41,51,61,61,60,66,72,72,24,70,76,76,76,43,43,8,33,33,33,33,18,18,18,23,23,0,0],"gold":31,"neow_bonus":"RANDOM_COMMON_RELIC","is_daily":false,"chose_seed":false,"campfire_upgraded":4,"win_rate":0.0,"timestamp":1613390830,"path_taken":["M","?","M","?","M","E","M","?","T","E","R","E","M","M","R","BOSS","M","?","?","M","$","E","R","?","T","R","E","?","$","M","R","BOSS"],"items_purchased_type":["Relic","Relic","Card"],"build_version":"2020-12-22","purchased_purges":1,"victory":false,"max_hp_per_floor":[75,75,75,75,75,75,75,75,85,85,85,85,85,85,85,85,85,85,85,85,85,85,85,85,85,85,85,85,85,85,85,85,85,85],"relic_stats":{"Happy Flower":[24],"counters":[17,95],"Bronze Scales":[54],"Prayer Wheel":6,"Bag of Preparation":[34],"Whetstone":["Anger","Iron Wave"],"obtain_stats":[{"SlaversCollar":17,"Anchor":22,"Pear":9,"Happy Flower":6,"Bronze Scales":26,"Prayer Wheel":12,"The Courier":10,"Bag of Preparation":0,"Whetstone":28,"Toxic Egg 2":22,"StrikeDummy":23,"Burning Blood":0},{"SlaversCollar":10,"Anchor":12,"Pear":5,"Happy Flower":4,"Bronze Scales":13,"Prayer Wheel":7,"The Courier":6,"Bag of Preparation":0,"Whetstone":14,"Toxic Egg 2":12,"StrikeDummy":13,"Burning Blood":0},{"SlaversCollar":52,"Anchor":63,"Pear":28,"Happy Flower":23,"Bronze Scales":68,"Prayer Wheel":37,"The Courier":33,"Bag of Preparation":0,"Whetstone":72,"Toxic Egg 2":63,"StrikeDummy":68,"Burning Blood":0}],"Burning Blood":95},"card_choices":[{"not_picked":["Wild Strike","Dropkick"],"picked":"Anger","floor":1.0},{"not_picked":["Intimidate","Ghostly Armor"],"picked":"Rampage","floor":3.0},{"not_picked":["Evolve","Fire Breathing","Clash"],"picked":"SKIP","floor":5.0},{"not_picked":["Pommel Strike","True Grit"],"picked":"Iron Wave","floor":6.0},{"not_picked":["Evolve","Flex"],"picked":"Anger","floor":7.0},{"not_picked":["Rampage","Havoc"],"picked":"Immolate","floor":10.0},{"not_picked":["Clash","Pommel Strike"],"picked":"Iron Wave","floor":12.0},{"not_picked":["True Grit","Searing Blow"],"picked":"Carnage","floor":13.0},{"not_picked":["Thunderclap","Perfected Strike","Warcry"],"picked":"SKIP","floor":13.0},{"not_picked":["Bloodletting","Feel No Pain"],"picked":"Armaments","floor":14.0},{"not_picked":["Dark Embrace","Dropkick"],"picked":"Metallicize","floor":14.0},{"not_picked":["Exhume","Limit Break"],"picked":"Corruption","floor":16.0},{"not_picked":["Pommel Strike","Intimidate","Pummel"],"picked":"SKIP","floor":18.0},{"not_picked":["Reckless Charge","Wild Strike","Pummel"],"picked":"SKIP","floor":18.0},{"not_picked":["Thunderclap","Body Slam","Warcry"],"picked":"SKIP","floor":21.0},{"not_picked":["Headbutt","Warcry","Clothesline"],"picked":"SKIP","floor":21.0},{"not_picked":["Dropkick","Pommel Strike"],"picked":"Clothesline+1","floor":23.0},{"not_picked":["Havoc+1","Pommel Strike"],"picked":"Offering+1","floor":28.0},{"not_picked":["Searing Blow","Warcry+1"],"picked":"Shockwave+1","floor":29.0},{"not_picked":["Warcry+1","Body Slam","Rage+1"],"picked":"SKIP","floor":29.0},{"not_picked":["Perfected Strike","Cleave+1","Iron Wave"],"picked":"SKIP","floor":31.0},{"not_picked":["Rage+1","Iron Wave","Havoc+1"],"picked":"SKIP","floor":31.0}],"player_experience":1308612,"relics_obtained":[{"floor":6.0,"key":"Happy Flower"},{"floor":9.0,"key":"Pear"},{"floor":10.0,"key":"The Courier"},{"floor":12.0,"key":"Prayer Wheel"},{"floor":23.0,"key":"StrikeDummy"},{"floor":26.0,"key":"Bronze Scales"},{"floor":28.0,"key":"Whetstone"}],"event_choices":[{"cards_removed":["Strike_R"],"damage_healed":0.0,"max_hp_gain":0.0,"max_hp_loss":0.0,"gold_gain":0.0,"event_name":"The Cleric","player_choice":"Card Removal","floor":2.0,"gold_loss":75.0,"damage_taken":0.0},{"damage_healed":0.0,"max_hp_gain":0.0,"max_hp_loss":0.0,"gold_gain":75.0,"event_name":"World of Goop","player_choice":"Gather Gold","floor":4.0,"gold_loss":0.0,"damage_taken":11.0},{"cards_removed":["Strike_R"],"damage_healed":0.0,"max_hp_gain":0.0,"max_hp_loss":0.0,"gold_gain":0.0,"event_name":"Golden Wing","player_choice":"Card Removal","floor":8.0,"gold_loss":0.0,"damage_taken":7.0},{"damage_healed":0.0,"max_hp_gain":0.0,"max_hp_loss":0.0,"gold_gain":0.0,"cards_transformed":["Strike_R","Strike_R"],"event_name":"Drug Dealer","player_choice":"Became Test Subject","floor":19.0,"gold_loss":0.0,"damage_taken":0.0,"cards_obtained":["Sever Soul","Fiend Fire"]},{"damage_healed":0.0,"max_hp_gain":0.0,"max_hp_loss":0.0,"gold_gain":0.0,"event_name":"The Library","player_choice":"Read","floor":20.0,"gold_loss":0.0,"damage_taken":0.0,"cards_obtained":["Spot Weakness"]}],"is_beta":false,"boss_relics":[{"not_picked":["SacredBark","Calling Bell"],"picked":"SlaversCollar"}],"items_purged_floors":[30],"is_endless":false,"potions_floor_spawned":[5,6,7,10,14,21,29,31],"killed_by":"Champ","ascension_level":20}}