{"host":"npxtnt8cx4pm3si6","time":1613362154,"event":{"mods":["BaseMod","Downfall","Hubris","Infinite Spire","Minty Spire (QoL Compilation)","Replay The Spire","StSLib"],"gold_per_floor":[99,119,129,129,145,70,70,70,20,52,2,2,20,50,63,160,210,60,78,78,3,3,163,163,194,194,224,241,91,120,224,243,342,342,192,212,212,227,38,64,87,105,105,105],"floor_reached":42,"language":"ENG","playtime":2757,"items_purged":["Sickly","Slimebound:Strike_Slimebound","Slimebound:Defend_Slimebound","Slimebound:Strike_Slimebound"],"score":699,"play_id":"00877e57-c3bc-42a8-9aba-910b888f4b7e","local_time":"20210214210914","is_ascension_mode":true,"campfire_choices":[{"floor":1,"key":"RECALL"},{"data":"Slimebound:CorrosiveSpit","floor":9,"key":"SMITH"},{"data":"Slimebound:GrowthPunch","floor":11,"key":"SMITH"},{"data":"Slimebound:WasteNot","floor":18,"key":"SMITH"},{"data":"Slimebound:Schlurp","floor":29,"key":"SMITH"},{"data":"Slimebound:Recycling","floor":35,"key":"SMITH"}],"circlet_count":0,"master_deck":["Slimebound:Strike_Slimebound","Slimebound:Tackle","Slimebound:Defend_Slimebound","Slimebound:Defend_Slimebound","Slimebound:Defend_Slimebound","Slimebound:Split","Slimebound:CorrosiveSpit+1","Slimebound:SamplingLick","Slimebound:SplitAcid","Slimebound:HauntingLick","Slimebound:GrowthPunch+1","Slimebound:Nibble","Slimebound:ItLooksTasty","Slimebound:SlimeSpikes+1","Slimebound:Schlurp+1","Slimebound:WasteNot+1","Slimebound:TongueLash","Slimebound:OozeBath","ReplayTheSpireMod:Private Reserves","Slimebound:LeechingTouch","Slimebound:HauntingLick","Slimebound:Prepare+1","Slimebound:RejuvenatingLick","Slimebound:Recycling+1","infinitespire:Fortify","Slimebound:AcidTongue","Slimebound:TongueLash"],"relics":["Slimebound:AbsorbEndCombat","Pen Nib","Slimebound:GreedOozeRelic","ReplayTheSpireMod:Ring of Exchange","Ring of Searing","infinitespire:WardingShard","The Courier","Tiny House","downfall:HeartBlessingGreen","Juzu Bracelet","Blue Candle","Replay:Multitool","Eternal Feather","downfall:HeartBlessingRed","infinitespire:Midas Blood","Du-Vu Doll","infinitespire:CheckeredPen","Coffee Dripper","downfall:HeartBlessingBlue","Bag of Preparation","Ornamental Fan","Replay:Mystery Machine"],"acts_visited":["Exordium","TheCity","TheBeyond"],"potions_floor_usage":[13,23,25,27,32],"damage_taken":[{"damage":14,"enemies":"2 Louse","floor":2,"turns":3},{"damage":4,"enemies":"Jaw Worm","floor":3,"turns":5},{"damage":0,"enemies":"Cultist","floor":5,"turns":4},{"damage":22,"enemies":"3 Sentries","floor":10,"turns":4},{"damage":3,"enemies":"3 Louse","floor":13,"turns":3},{"damage":0,"enemies":"Gremlin Nob","floor":14,"turns":3},{"damage":11,"enemies":"Gremlin Gang","floor":15,"turns":4},{"damage":13,"enemies":"SI_SHIV_ARCHETYPE","floor":16,"turns":5},{"damage":10,"enemies":"Spheric Guardian","floor":19,"turns":3},{"damage":16,"enemies":"downfall:FleeingMerchant","floor":21,"turns":4},{"damage":15,"enemies":"downfall:FleeingMerchant","floor":23,"turns":4},{"damage":30,"enemies":"Slavers","floor":25,"turns":4},{"damage":6,"enemies":"Book of Stabbing","floor":27,"turns":4},{"damage":2,"enemies":"3 Byrds","floor":28,"turns":3},{"damage":13,"enemies":"Slavers","floor":30,"turns":5},{"damage":17,"enemies":"DF_ARCHETYPE_STREAMLINE","floor":31,"turns":6},{"damage":20,"enemies":"Centurion and Healer","floor":32,"turns":4},{"damage":0,"enemies":"WA_ARCHETYPE_CALM","floor":33,"turns":5},{"damage":29,"enemies":"3 Darklings","floor":36,"turns":5},{"damage":7,"enemies":"Orb Walker","floor":38,"turns":3},{"damage":0,"enemies":"Nemesis","floor":40,"turns":4},{"damage":74,"enemies":"Nightmare","floor":42,"turns":5}],"seed_played":"-8359388931228306777","potions_obtained":[{"floor":3,"key":"Block Potion"},{"floor":13,"key":"LiquidMemories"},{"floor":14,"key":"bronze:BurnAndBuffPotion"},{"floor":17,"key":"Regen Potion"},{"floor":19,"key":"DuplicationPotion"},{"floor":25,"key":"Fruit Juice"},{"floor":27,"key":"Slimebound:SpawnSlimePotion"},{"floor":33,"key":"Elixir"},{"floor":38,"key":"DistilledChaos"},{"floor":40,"key":"Guardian:BlockOnCardUsePotion"}],"is_trial":false,"path_per_floor":["R","M","M","?","M","?","T","?","R","E","R","?","M","E","M","B",null,"R","M","?","$","?","$","T","E","?","E","M","R","E","?","M","B",null,"R","M","AVR","M","$","E","T","NM"],"character_chosen":"SLIMEBOUND","items_purchased":["ReplayTheSpireMod:Private Reserves","Slimebound:TongueLash","Regen Potion"],"campfire_rested":0,"item_purchase_floors":[23,39,39],"current_hp_per_floor":[65,53,55,60,66,66,66,66,66,48,48,48,47,53,50,45,75,75,69,69,61,61,54,54,37,37,39,41,53,48,39,36,44,80,90,67,67,62,62,66,66,0,0,0],"gold":105,"neow_bonus":"RANDOM_COMMON_RELIC","is_daily":false,"chose_seed":false,"campfire_upgraded":5,"win_rate":0.0,"timestamp":1613362154,"path_taken":["R","M","M","?","M","?","T","?","R","E","R","?","M","E","M","BOSS","R","M","?","$","?","?","T","E","?","E","M","R","E","?","M","BOSS","R","M","AVR","M","$","E","T","NM"],"items_purchased_type":["Card","Card","Potion"],"build_version":"2020-12-22","purchased_purges":4,"victory":false,"max_hp_per_floor":[65,65,65,70,70,70,70,70,70,70,70,70,70,70,70,70,75,75,75,75,75,75,75,75,80,80,80,80,80,80,80,80,80,80,90,90,90,90,90,90,90,90,90,90],"card_choices":[{"not_picked":["Slimebound:SplitBruiser","Slimebound:DivideAndConquer"],"picked":"Slimebound:SamplingLick","floor":2},{"not_picked":["Slimebound:LeechingTouch","Slimebound:ProtectTheBoss"],"picked":"Slimebound:SplitAcid","floor":3},{"not_picked":["Slimebound:SamplingLick","Slimebound:LeechingTouch"],"picked":"Slimebound:HauntingLick","floor":5},{"not_picked":["Slimebound:Chomp","Slimebound:SlimeSpikes"],"picked":"Slimebound:GrowthPunch","floor":10},{"not_picked":["Slimebound:ComboTackle","Slimebound:LeechingTouch"],"picked":"Slimebound:ItLooksTasty","floor":13},{"not_picked":["Slimebound:SpikyOuterGoop","Slimebound:DouseInSlime"],"picked":"Slimebound:SlimeSpikes","floor":14},{"not_picked":["Slimebound:PressTheAttack","Slimebound:DisruptingSlam"],"picked":"Slimebound:Schlurp","floor":15},{"not_picked":["Slimebound:LeechLife","Slimebound:Overexert"],"picked":"Slimebound:WasteNot","floor":16},{"not_picked":["Slimebound:RejuvenatingLick","Slimebound:BestDefense"],"picked":"Slimebound:TongueLash","floor":17},{"not_picked":["Slimebound:PressTheAttack","Slimebound:Chomp","Slimebound:GoopTackle"],"picked":"SKIP","floor":19},{"not_picked":["Slimebound:SamplingLick","Slimebound:SplitLeeching"],"picked":"Slimebound:OozeBath","floor":21},{"not_picked":["Slimebound:Teamwork","Slimebound:FinishingTackle+1","Slimebound:SplitMire"],"picked":"SKIP","floor":23},{"not_picked":["Slimebound:LevelUp","Slimebound:SlimeBrawl","Slimebound:SplitSpecialist"],"picked":"SKIP","floor":25},{"not_picked":["Slimebound:Overexert","Slimebound:SplitBruiser"],"picked":"Slimebound:LeechingTouch","floor":27},{"not_picked":["Slimebound:LivingWall+1","Slimebound:SplitMire+1"],"picked":"Slimebound:HauntingLick","floor":28},{"not_picked":["Slimebound:ProtectTheBoss","Slimebound:SplitMire"],"picked":"Slimebound:Prepare+1","floor":30},{"not_picked":["Slimebound:PressTheAttack","Slimebound:SamplingLick"],"picked":"Slimebound:RejuvenatingLick","floor":32},{"not_picked":["Slimebound:OneTwoCombo","Slimebound:MinionMaster"],"picked":"Slimebound:Recycling","floor":33},{"not_picked":["Slimebound:PressTheAttack+1","Slimebound:GoopTackle+1","Slimebound:ItLooksTasty+1"],"picked":"SKIP","floor":36},{"not_picked":["Slimebound:ViciousTackle","Slimebound:RollThrough"],"picked":"Slimebound:AcidTongue","floor":38},{"not_picked":["Slimebound:SlimeBarrage+1","Slimebound:PressTheAttack+1","Slimebound:SplitAcid"],"picked":"SKIP","floor":40}],"player_experience":232069,"relics_obtained":[{"floor":8,"key":"ReplayTheSpireMod:Ring of Exchange"},{"floor":8,"key":"Ring of Searing"},{"floor":10,"key":"infinitespire:WardingShard"},{"floor":14,"key":"The Courier"},{"floor":24,"key":"Blue Candle"},{"floor":25,"key":"Replay:Multitool"},{"floor":27,"key":"Eternal Feather"},{"floor":30,"key":"infinitespire:Midas Blood"},{"floor":31,"key":"Du-Vu Doll"},{"floor":31,"key":"infinitespire:CheckeredPen"},{"floor":40,"key":"Ornamental Fan"},{"floor":41,"key":"Replay:Mystery Machine"}],"event_choices":[{"damage_healed":0,"gold_gain":0,"player_choice":"Donut","damage_taken":0,"max_hp_gain":5,"max_hp_loss":0,"event_name":"Big Fish","floor":4,"gold_loss":0}],"is_beta":false,"boss_relics":[{"not_picked":["Chemical X","Replay:Bronze Core"],"picked":"Tiny House"},{"not_picked":["Sling","Cauldron"],"picked":"Coffee Dripper"}],"items_purged_floors":[21,23,37,39],"is_endless":false,"potions_floor_spawned":[3,13,14,19,25,27,33,38,40],"killed_by":"Nightmare","ascension_level":2}}