{"host":"yy1cu9q9bsxhflzi","time":1613414884,"event":{"mods":["BaseMod","DeckTracker","Minty Spire (QoL Compilation)","Quick Restart","StSLib","SuperFastMode","everything is the same but u backflip on backflip"],"gold_per_floor":[119,79,94,110,126,126,137,137,137,137,147,164,129,129,129,202,202,212,212,127,52,52,52],"floor_reached":22,"language":"KOR","playtime":318,"items_purged":["Strike_G"],"score":326,"play_id":"fd963886-9932-4ecc-ab9c-9dff24c9f2ec","local_time":"20210216034804","is_ascension_mode":true,"campfire_choices":[{"data":"Terror","floor":6,"key":"SMITH"},{"data":"Tactician","floor":8,"key":"SMITH"},{"data":"Predator","floor":10,"key":"SMITH"},{"data":"Footwork","floor":15,"key":"SMITH"}],"circlet_count":0,"master_deck":["AscendersBane","Strike_G","Strike_G","Strike_G","Defend_G","Defend_G","Defend_G","Defend_G","Survivor","Neutralize","Masterful Stab","Skewer","Tactician+1","Predator+1","Dagger Spray","Terror+1","Footwork+1","Malaise","Acrobatics"],"relics":["Ring of the Snake","Philosopher\u0027s Stone","Turnip"],"acts_visited":["Exordium","TheCity"],"potions_floor_usage":[16,16],"damage_taken":[{"damage":1,"enemies":"Cultist","floor":1,"turns":3},{"damage":0,"enemies":"Small Slimes","floor":3,"turns":2},{"damage":8,"enemies":"2 Louse","floor":4,"turns":2},{"damage":4,"enemies":"Blue Slaver","floor":5,"turns":3},{"damage":1,"enemies":"Looter","floor":7,"turns":3},{"damage":12,"enemies":"Exordium Wildlife","floor":11,"turns":4},{"damage":4,"enemies":"Gremlin Gang","floor":12,"turns":3},{"damage":14,"enemies":"The Guardian","floor":16,"turns":9},{"damage":24,"enemies":"3 Byrds","floor":18,"turns":8},{"damage":12,"enemies":"Spheric Guardian","floor":22,"turns":3}],"seed_played":"-1657809935193299939","potions_obtained":[{"floor":2,"key":"CultistPotion"},{"floor":2,"key":"SpeedPotion"},{"floor":3,"key":"EntropicBrew"},{"floor":16,"key":"SteroidPotion"}],"is_trial":false,"path_per_floor":["M","?","M","M","M","R","M","R","T","R","M","M","?","?","R","B",null,"M","?","?","$","M"],"character_chosen":"THE_SILENT","items_purchased":[],"campfire_rested":0,"item_purchase_floors":[],"current_hp_per_floor":[43,43,43,35,31,31,30,30,30,30,18,14,30,35,35,21,59,35,15,15,15,3,3],"gold":52,"neow_bonus":"TRANSFORM_TWO_CARDS","is_daily":false,"chose_seed":false,"campfire_upgraded":4,"win_rate":0.0,"timestamp":1613414884,"path_taken":["M","?","M","M","M","R","M","R","T","R","M","?","?","?","R","BOSS","M","?","?","$","M"],"items_purchased_type":[],"build_version":"2020-12-22","purchased_purges":1,"victory":false,"max_hp_per_floor":[66,66,66,66,66,66,66,66,66,66,66,66,66,71,71,71,71,71,76,76,76,76,76],"card_choices":[{"not_picked":["Poisoned Stab","Heel Hook"],"picked":"Tactician","floor":1},{"not_picked":["Tactician","Poisoned Stab"],"picked":"Predator","floor":3},{"not_picked":["Underhanded Strike","Outmaneuver"],"picked":"Dagger Spray","floor":4},{"not_picked":["Dagger Throw","Backstab"],"picked":"Terror","floor":5},{"not_picked":["PiercingWail","Quick Slash","Underhanded Strike"],"picked":"SKIP","floor":7},{"not_picked":["Blade Dance","Bane","Terror"],"picked":"SKIP","floor":11},{"not_picked":["Dodge and Roll","Noxious Fumes"],"picked":"Footwork","floor":12},{"not_picked":["Grand Finale","Tools of the Trade"],"picked":"Malaise","floor":16},{"not_picked":["Masterful Stab","Underhanded Strike+1"],"picked":"Acrobatics","floor":18}],"player_experience":3915320,"relics_obtained":[],"event_choices":[{"damage_healed":0,"gold_gain":0,"player_choice":"Bought 3 Potions","damage_taken":0,"max_hp_gain":0,"max_hp_loss":0,"event_name":"The Woman in Blue","floor":2,"gold_loss":0},{"damage_healed":16,"gold_gain":0,"player_choice":"Healed","damage_taken":0,"max_hp_gain":0,"max_hp_loss":0,"event_name":"The Cleric","floor":13,"gold_loss":35},{"damage_healed":0,"gold_gain":0,"player_choice":"Donut","damage_taken":0,"max_hp_gain":5,"max_hp_loss":0,"event_name":"Big Fish","floor":14,"gold_loss":0},{"damage_healed":0,"gold_gain":0,"player_choice":"Shed Blood","damage_taken":25,"max_hp_gain":5,"max_hp_loss":0,"event_name":"Forgotten Altar","floor":19,"gold_loss":0},{"damage_healed":0,"gold_gain":0,"player_choice":"Obtained Relic","damage_taken":0,"relics_obtained":["Turnip"],"max_hp_gain":0,"max_hp_loss":0,"event_name":"Addict","floor":20,"gold_loss":85}],"is_beta":false,"boss_relics":[{"not_picked":["Tiny House","SlaversCollar"],"picked":"Philosopher\u0027s Stone"}],"items_purged_floors":[21],"is_endless":false,"potions_floor_spawned":[3,16,18],"killed_by":"Spheric Guardian","ascension_level":17}}