{"host":"BK","time":1613418757,"event":{"mods":["BaseMod","Highlight Path","Minty Spire (QoL Compilation)","StSLib"],"gold_per_floor":[10,10,30,42,56,56,76,108,108,108,83,83,83,109,109,185,185,203,183,49,44,56,56,56,56],"floor_reached":24,"language":"ENG","playtime":1279,"items_purged":["Strike_G"],"score":496,"play_id":"b406f2e0-9bc9-4b8b-afbc-139f5b471279","local_time":"20210215125237","is_ascension_mode":true,"campfire_choices":[{"data":"Predator","floor":6.0,"key":"SMITH"},{"data":"Dagger Throw","floor":10.0,"key":"SMITH"},{"data":"Grand Finale","floor":13.0,"key":"SMITH"},{"floor":15.0,"key":"REST"},{"floor":23,"key":"REST"}],"circlet_count":0,"master_deck":["AscendersBane","Strike_G","Strike_G+1","Strike_G","Defend_G","Defend_G","Defend_G+1","Defend_G","Defend_G","Survivor","Neutralize","Predator+1","Grand Finale+1","Dagger Throw+1","Deadly Poison","Acrobatics","Backflip"],"relics":["Ring of the Snake","Unceasing Top","Pen Nib","Mango","Odd Mushroom","Fusion Hammer"],"acts_visited":["Exordium","TheCity"],"potions_floor_usage":[22,24],"damage_taken":[{"damage":3.0,"enemies":"Jaw Worm","floor":1.0,"turns":6.0},{"damage":0.0,"enemies":"Cultist","floor":3.0,"turns":2.0},{"damage":4.0,"enemies":"Small Slimes","floor":4.0,"turns":5.0},{"damage":10.0,"enemies":"3 Louse","floor":5.0,"turns":2.0},{"damage":6.0,"enemies":"Blue Slaver","floor":7.0,"turns":3.0},{"damage":2.0,"enemies":"Lagavulin","floor":8.0,"turns":5.0},{"damage":6.0,"enemies":"Exordium Thugs","floor":11.0,"turns":4.0},{"damage":7.0,"enemies":"The Mushroom Lair","floor":14.0,"turns":4.0},{"damage":0.0,"enemies":"Slime Boss","floor":16.0,"turns":5.0},{"damage":0.0,"enemies":"Spheric Guardian","floor":18.0,"turns":3.0},{"damage":20.0,"enemies":"2 Thieves","floor":21.0,"turns":4.0},{"damage":15,"enemies":"3 Cultists","floor":22,"turns":4},{"damage":60,"enemies":"Book of Stabbing","floor":24,"turns":5}],"seed_played":"-854980990925801274","potions_obtained":[{"floor":1.0,"key":"SkillPotion"},{"floor":3.0,"key":"GhostInAJar"},{"floor":14.0,"key":"Dexterity Potion"},{"floor":19.0,"key":"SneckoOil"}],"is_trial":false,"path_per_floor":["M","?","M","M","M","R","M","E","T","R","M","?","R","?","R","B",null,"M","?","$","M","M","R","E"],"character_chosen":"THE_SILENT","items_purchased":["Acrobatics"],"campfire_rested":2,"item_purchase_floors":[20],"current_hp_per_floor":[56,56,56,52,42,42,36,34,48,48,42,18,18,11,35,35,69,69,69,69,49,34,58,0,0],"gold":56,"neow_bonus":"ONE_RARE_RELIC","is_daily":false,"chose_seed":false,"campfire_upgraded":3,"win_rate":0.0,"timestamp":1613418757,"path_taken":["M","?","M","?","M","R","M","E","T","R","M","?","R","?","R","BOSS","M","?","?","M","M","R","E"],"items_purchased_type":["Card"],"build_version":"2020-12-18","purchased_purges":1,"victory":false,"max_hp_per_floor":[66,66,66,66,66,66,66,66,80,80,80,80,80,80,80,80,80,80,80,80,80,80,80,80,80],"card_choices":[{"not_picked":["Dagger Throw","Blade Dance"],"picked":"Predator","floor":1.0},{"not_picked":["Acrobatics","Sucker Punch"],"picked":"Dagger Throw","floor":3.0},{"not_picked":["PiercingWail","Catalyst","Reflex"],"picked":"SKIP","floor":4.0},{"not_picked":["Bane","Cloak And Dagger","PiercingWail"],"picked":"SKIP","floor":5.0},{"not_picked":["Setup","Underhanded Strike","PiercingWail"],"picked":"SKIP","floor":7.0},{"not_picked":["Tactician","Quick Slash","Underhanded Strike"],"picked":"SKIP","floor":8.0},{"not_picked":["Bane","Grand Finale"],"picked":"Deadly Poison","floor":11.0},{"not_picked":["Caltrops","Poisoned Stab","Outmaneuver"],"picked":"SKIP","floor":18.0},{"not_picked":["Terror","Prepared"],"picked":"Backflip","floor":21.0},{"not_picked":["Endless Agony","Blade Dance","Setup"],"picked":"SKIP","floor":22}],"player_experience":2577070,"relics_obtained":[{"floor":8.0,"key":"Pen Nib"},{"floor":9.0,"key":"Mango"},{"floor":14.0,"key":"Odd Mushroom"}],"event_choices":[{"damage_healed":0.0,"max_hp_gain":0.0,"max_hp_loss":0.0,"gold_gain":0.0,"cards_transformed":["Strike_G"],"event_name":"Transmorgrifier","player_choice":"Transformed","floor":2.0,"gold_loss":0.0,"damage_taken":0.0,"cards_obtained":["Grand Finale"]},{"damage_healed":0.0,"max_hp_gain":0.0,"max_hp_loss":0.0,"gold_gain":0.0,"event_name":"Shining Light","player_choice":"Entered Light","floor":12.0,"gold_loss":0.0,"damage_taken":24.0,"cards_upgraded":["Strike_G","Defend_G"]},{"damage_healed":0.0,"max_hp_gain":0.0,"max_hp_loss":0.0,"gold_gain":0.0,"event_name":"Mushrooms","player_choice":"Fought Mushrooms","floor":14.0,"gold_loss":0.0,"damage_taken":0.0},{"damage_healed":0.0,"max_hp_gain":0.0,"max_hp_loss":0.0,"gold_gain":0.0,"event_name":"The Woman in Blue","player_choice":"Bought 1 Potion","floor":19.0,"gold_loss":0.0,"damage_taken":0.0}],"is_beta":true,"boss_relics":[{"not_picked":["Black Star","Pandora\u0027s Box"],"picked":"Fusion Hammer"}],"items_purged_floors":[20],"is_endless":false,"potions_floor_spawned":[1,3,7,14],"killed_by":"Book of Stabbing","ascension_level":20}}