{"host":"8ztb9kwpjc2zof9s","time":1613433027,"event":{"mods":["BaseMod","Block Reminder","Curses Come First","Minty Spire (QoL Compilation)","Relic Stats","StSLib"],"gold_per_floor":[111,125,135,85,85,119,119,132,132,132,132,146,176,30,30,106,106,122,122,122,132,132,132,150,150,196,27,46,66,66,66,66],"floor_reached":31,"language":"ENG","playtime":1345,"items_purged":["Defend_G","Strike_G"],"score":404,"play_id":"f856ff99-c31f-4088-a10a-73ed1116658e","local_time":"20210215155027","is_ascension_mode":true,"campfire_choices":[{"floor":7,"key":"REST"},{"data":"Neutralize","floor":11,"key":"SMITH"},{"floor":15,"key":"REST"},{"floor":23,"key":"REST"},{"floor":25,"key":"REST"},{"floor":30,"key":"REST"}],"circlet_count":0,"master_deck":["AscendersBane","Strike_G","Strike_G","Defend_G","Defend_G","Defend_G","Survivor","Neutralize+1","Deadly Poison+1","Blade Dance","Venomology","Cloak And Dagger","Leg Sweep","Night Terror","Footwork","Prepared","Blade Dance","Noxious Fumes","Reflex"],"relics":["Ring of the Snake","Boot","Bag of Preparation","Shuriken","HoveringKite","Nunchaku","MutagenicStrength","Bag of Marbles"],"acts_visited":["Exordium","TheCity"],"potions_floor_usage":[6,12,13,16,16,21,24,24,28,29,31],"damage_taken":[{"damage":3,"enemies":"Jaw Worm","floor":1,"turns":7},{"damage":0,"enemies":"Small Slimes","floor":2,"turns":5},{"damage":0,"enemies":"Cultist","floor":3,"turns":4},{"damage":36,"enemies":"3 Sentries","floor":6,"turns":14},{"damage":0,"enemies":"Looter","floor":8,"turns":4},{"damage":0,"enemies":"3 Louse","floor":12,"turns":3},{"damage":28,"enemies":"Gremlin Nob","floor":13,"turns":4},{"damage":15,"enemies":"Slime Boss","floor":16,"turns":10},{"damage":19,"enemies":"3 Byrds","floor":18,"turns":6},{"damage":15,"enemies":"2 Thieves","floor":21,"turns":5},{"damage":43,"enemies":"Snecko","floor":24,"turns":9},{"damage":29,"enemies":"Chosen and Byrds","floor":28,"turns":8},{"damage":9,"enemies":"Centurion and Healer","floor":29,"turns":7},{"damage":47,"enemies":"Slavers","floor":31,"turns":4}],"seed_played":"-4287892912009546735","potions_obtained":[{"floor":1,"key":"GamblersBrew"},{"floor":2,"key":"Energy Potion"},{"floor":13,"key":"Regen Potion"},{"floor":21,"key":"Regen Potion"},{"floor":28,"key":"ColorlessPotion"}],"is_trial":false,"path_per_floor":["M","M","M","?","?","E","R","M","T","?","R","M","E","$","R","B",null,"M","?","?","M","?","R","M","R","T","$","M","M","R","E"],"character_chosen":"THE_SILENT","items_purchased":["Leg Sweep","Noxious Fumes"],"campfire_rested":5,"item_purchase_floors":[14,27],"current_hp_per_floor":[60,60,60,60,60,24,45,45,45,45,45,45,17,17,38,38,62,43,43,43,28,28,49,21,42,42,42,13,4,25,0,0],"gold":66,"neow_bonus":"REMOVE_CARD","is_daily":false,"chose_seed":false,"campfire_upgraded":1,"win_rate":0.0,"timestamp":1613433027,"path_taken":["M","M","M","?","?","E","R","M","T","?","R","M","E","$","R","BOSS","M","?","?","M","?","R","?","R","T","?","M","M","R","E"],"items_purchased_type":["Card","Card"],"build_version":"2020-12-22","purchased_purges":2,"victory":false,"max_hp_per_floor":[70,70,70,70,70,70,70,70,70,70,70,70,70,70,70,70,70,70,70,70,70,70,70,70,70,70,70,70,70,70,70,70],"relic_stats":{"Nunchaku":[7],"counters":[14,90],"Shuriken":[24],"HoveringKite":[14],"Bag of Preparation":[18],"Boot":[65],"obtain_stats":[{"Nunchaku":19,"Shuriken":13,"MutagenicStrength":20,"HoveringKite":17,"Bag of Preparation":9,"Bag of Marbles":26,"Boot":6,"Ring of the Snake":0},{"Nunchaku":9,"Shuriken":7,"MutagenicStrength":9,"HoveringKite":8,"Bag of Preparation":5,"Bag of Marbles":11,"Boot":4,"Ring of the Snake":0},{"Nunchaku":57,"Shuriken":41,"MutagenicStrength":57,"HoveringKite":51,"Bag of Preparation":34,"Bag of Marbles":71,"Boot":30,"Ring of the Snake":0}],"Ring of the Snake":[28]},"card_choices":[{"not_picked":["Expertise","Slice"],"picked":"Deadly Poison","floor":1},{"not_picked":["Slice","Sucker Punch","Endless Agony"],"picked":"SKIP","floor":2},{"not_picked":["Dagger Spray","Deflect","PiercingWail"],"picked":"SKIP","floor":3},{"not_picked":["Poisoned Stab","Dodge and Roll","Masterful Stab"],"picked":"SKIP","floor":6},{"not_picked":["Quick Slash","Concentrate"],"picked":"Blade Dance","floor":8},{"not_picked":["Poisoned Stab","Outmaneuver"],"picked":"Venomology","floor":12},{"not_picked":["Quick Slash","Catalyst"],"picked":"Cloak And Dagger","floor":13},{"not_picked":["Storm of Steel","Burst"],"picked":"Night Terror","floor":16},{"not_picked":["Leg Sweep","Tactician"],"picked":"Footwork","floor":18},{"not_picked":["Underhanded Strike+1","Catalyst"],"picked":"Prepared","floor":21},{"not_picked":["PiercingWail+1","Deadly Poison+1"],"picked":"Blade Dance","floor":24},{"not_picked":["Catalyst","PiercingWail"],"picked":"Reflex","floor":28},{"not_picked":["Crippling Poison","Choke","Glass Knife"],"picked":"SKIP","floor":29}],"player_experience":350804,"relics_obtained":[{"floor":6,"key":"Boot"},{"floor":9,"key":"Bag of Preparation"},{"floor":13,"key":"Shuriken"},{"floor":26,"key":"Bag of Marbles"}],"event_choices":[{"cards_removed":["Defend_G"],"damage_healed":0,"gold_gain":0,"player_choice":"Card Removal","damage_taken":0,"max_hp_gain":0,"max_hp_loss":0,"event_name":"The Cleric","floor":4,"gold_loss":50},{"cards_removed":["Strike_G"],"damage_healed":0,"gold_gain":0,"player_choice":"Forget","damage_taken":0,"max_hp_gain":0,"max_hp_loss":0,"event_name":"Living Wall","floor":5,"gold_loss":0},{"damage_healed":0,"gold_gain":0,"player_choice":"Upgraded","damage_taken":0,"max_hp_gain":0,"max_hp_loss":0,"event_name":"Upgrade Shrine","floor":10,"gold_loss":0,"cards_upgraded":["Deadly Poison"]},{"damage_healed":0,"gold_gain":0,"player_choice":"Opened","damage_taken":0,"relics_obtained":["Nunchaku"],"max_hp_gain":0,"max_hp_loss":0,"event_name":"The Mausoleum","floor":19,"gold_loss":0,"cards_obtained":["Writhe"]},{"damage_healed":0,"gold_gain":0,"player_choice":"Inject Mutagens","damage_taken":0,"relics_obtained":["MutagenicStrength"],"max_hp_gain":0,"max_hp_loss":0,"event_name":"Drug Dealer","floor":20,"gold_loss":0},{"cards_removed":["Writhe"],"damage_healed":0,"gold_gain":0,"player_choice":"Removed Curses","damage_taken":0,"max_hp_gain":0,"max_hp_loss":0,"event_name":"Fountain of Cleansing","floor":22,"gold_loss":0}],"is_beta":false,"boss_relics":[{"not_picked":["Tiny House","Velvet Choker"],"picked":"HoveringKite"}],"items_purged_floors":[14,27],"is_endless":false,"potions_floor_spawned":[1,2,13,21,28],"killed_by":"Slavers","ascension_level":13}}