{"host":"vm8b3ptwl81uq21f","time":1613366589,"event":{"mods":["Act Like it!","Aspiration","BaseMod","BetterRewards","Colored Map","Colored Powertips","Conspire","Gensokyo","GifTheSpireLib","Googly Eyes","GungeonMod","Halation","Hubris","Infinite Spire","Minty Spire (QoL Compilation)","Quick Restart","Rare Cards Sparkle","Reliquary","Replay The Spire","Shop Mod","Spicy Shops","Spire Arcade","StSLib","Stuff the Spire","The IronCluck","The Jungle","[IsaacMod]????"],"gold_per_floor":[118,147,147,163,163,163,196,196,196,196,216,228,21,40,40,119,119,139,139,139,159,171,205,205,216,270,304,315,343,361,378,378,455,455,475,488,498,498,518,518,529,549,575,601,613,16,16,30,30,30],"floor_reached":51,"language":"ENG","playtime":2629,"items_purged":["Defend_G","Defend_G","Strike_G","Strike_G"],"score":1896,"play_id":"3850b2c3-a8da-4a2d-a5a0-221ba0949441","local_time":"20210215002309","is_ascension_mode":true,"campfire_choices":[{"data":"StuffTheSpire:Vigor","floor":6,"key":"SMITH"},{"data":"Prepared","floor":8,"key":"SMITH"},{"data":"ReplayTheSpireMod:Scrap Shanks","floor":15,"key":"SMITH"},{"data":"StuffTheSpire:Fury","floor":24,"key":"SMITH"},{"data":"StuffTheSpire:Fury","floor":40,"key":"SMITH"},{"data":"Calculated Gamble","floor":49,"key":"SMITH"}],"circlet_count":0,"master_deck":["AscendersBane","Strike_G","Strike_G","Strike_G","Defend_G","Defend_G","Defend_G","Survivor","Neutralize","Acrobatics","Endless Agony","Backflip","Backflip","StuffTheSpire:Fury+1","StuffTheSpire:Fury+1","ReplayTheSpireMod:The Works","StuffTheSpire:Vigor+1","Prepared+1","Acrobatics","ReplayTheSpireMod:Scrap Shanks+1","Storm of Steel","RitualDagger","Acrobatics","hubris:Sniper+1","Expertise","Calculated Gamble+1","Underhanded Strike+1","Acrobatics+1","StuffTheSpire:DoubleShiv","Storm of Steel","Adrenaline","Prepared","Master of Strategy","ReplayTheSpireMod:Necrogeddon","Violence","Blade Dance"],"relics":["Ring of the Snake","HushsDoor","BelialBook","Shuriken","MerchantsRug","reliquary:Firecrackers","DeadEye","Kunai","infinitespire:Cupcake","hubris:BundleOfHerbs","halation:BlackBeret","Mummified Hand","reliquary:WritOfMandamus","GnawedLeaf","Ninja Scroll","ReplayTheSpireMod:ShopPack","conspire:InfiniteJournal","infinitespire:Lucky Rock"],"acts_visited":["Exordium","TheCity","TheBeyond"],"potions_floor_usage":[7,16,23,33,33,50,50],"damage_taken":[{"damage":0,"enemies":"Cultist","floor":1,"turns":3},{"damage":0,"enemies":"conspire:MimicChest","floor":2,"turns":2},{"damage":4,"enemies":"Small Slimes","floor":4,"turns":3},{"damage":0,"enemies":"3 Sentries","floor":7,"turns":2},{"damage":5,"enemies":"Jaw Worm","floor":11,"turns":2},{"damage":0,"enemies":"3 Louse","floor":12,"turns":4},{"damage":0,"enemies":"Blue Slaver","floor":14,"turns":1},{"damage":0,"enemies":"The Guardian","floor":16,"turns":3},{"damage":0,"enemies":"3 Byrds","floor":18,"turns":2},{"damage":0,"enemies":"Chosen","floor":21,"turns":3},{"damage":0,"enemies":"3 Cultists","floor":22,"turns":2},{"damage":0,"enemies":"Book of Stabbing","floor":23,"turns":2},{"damage":0,"enemies":"conspire:HollyBat","floor":25,"turns":7},{"damage":0,"enemies":"Replay:Snechameleon","floor":27,"turns":1},{"damage":0,"enemies":"Centurion and Healer","floor":28,"turns":2},{"damage":0,"enemies":"conspire:SneckoGhost","floor":29,"turns":3},{"damage":0,"enemies":"Snecko","floor":30,"turns":1},{"damage":0,"enemies":"Cultist and Chosen","floor":31,"turns":1},{"damage":0,"enemies":"hubris:MusketHawk","floor":33,"turns":1},{"damage":0,"enemies":"Orb Walker","floor":35,"turns":1},{"damage":0,"enemies":"3 Shapes","floor":36,"turns":3},{"damage":0,"enemies":"Spire Growth","floor":37,"turns":2},{"damage":0,"enemies":"4 Shapes","floor":39,"turns":3},{"damage":0,"enemies":"Jaw Worm Horde","floor":41,"turns":3},{"damage":0,"enemies":"Sphere and 2 Shapes","floor":42,"turns":3},{"damage":0,"enemies":"Reptomancer","floor":44,"turns":1},{"damage":0,"enemies":"4 Shapes","floor":45,"turns":3},{"damage":0,"enemies":"Writhing Mass","floor":48,"turns":1},{"damage":51,"enemies":"Time Eater","floor":50,"turns":7}],"seed_played":"-378319584240624275","potions_obtained":[{"floor":1,"key":"infinitespire:BlackPotion"},{"floor":4,"key":"Strength Potion"},{"floor":7,"key":"Reflective Coating"},{"floor":18,"key":"ColorlessPotion"},{"floor":23,"key":"DemoMod:LeadSkinPotion"},{"floor":30,"key":"FearPotion"},{"floor":33,"key":"Elixir"},{"floor":35,"key":"LifebloodPotion"}],"is_trial":false,"path_per_floor":["M","?","?","M","?","R","E","R","T","?","M","M","$","M","R","B",null,"M","?","?","M","M","E","R","M","T","E","M","E","M","M","R_BF","B",null,"M","M","M","?","M","R","M","M","T","E","M","$","?","M","R","B",null],"character_chosen":"THE_SILENT","items_purchased":["conspire:TreasureMap","Shuriken","Acrobatics","MerchantsRug","Endless Agony","halation:NonexistentMirror","ReplayTheSpireMod:Scrap Shanks","Adrenaline","ReplayTheSpireMod:ShopPack","conspire:InfiniteJournal","infinitespire:Lucky Rock","Blade Dance"],"campfire_rested":0,"item_purchase_floors":[0,0,0,0,0,0,13,34,46,46,46,46],"current_hp_per_floor":[28,28,28,24,24,24,24,24,24,24,19,19,19,19,19,19,51,51,45,45,45,45,45,45,45,45,45,45,45,45,45,61,61,50,50,50,50,50,50,50,50,50,50,50,50,50,50,50,50,13],"gold":30,"neow_bonus":"","is_daily":false,"chose_seed":false,"campfire_upgraded":6,"win_rate":0.0,"timestamp":1613366589,"path_taken":["M","?","?","M","?","R","E","R","T","?","M","M","?","M","R","BOSS","M","?","?","?","M","E","R","M","T","E","M","E","M","M","R_BF","BOSS","M","M","?","?","M","R","M","M","T","E","M","$","?","M","R","BOSS"],"items_purchased_type":["Relic","Relic","Card","Relic","Card","Relic","Card","Card","Relic","Relic","Relic","Card"],"build_version":"2020-12-22","purchased_purges":4,"victory":true,"max_hp_per_floor":[66,66,66,66,66,66,66,66,66,66,66,66,66,66,66,66,61,61,61,61,61,61,61,61,61,61,61,61,61,61,61,61,61,50,50,50,50,50,50,50,50,50,50,50,50,50,50,50,50,50],"card_choices":[{"not_picked":[],"picked":"Bomb","floor":0},{"not_picked":["ReplayTheSpireMod:Speed Training","PiercingWail"],"picked":"Backflip","floor":1},{"not_picked":["hubris:SlightOfHand","Sneak Up"],"picked":"StuffTheSpire:Fury","floor":2},{"not_picked":["Bane","StuffTheSpire:Python"],"picked":"ReplayTheSpireMod:The Works","floor":4},{"not_picked":["StuffTheSpire:Harmony","StuffTheSpire:BrainWave"],"picked":"StuffTheSpire:Vigor","floor":5},{"not_picked":["Cloak And Dagger","Blade Dance"],"picked":"Prepared","floor":7},{"not_picked":["Noxious Fumes","Riddle With Holes","Flying Knee"],"picked":"SKIP","floor":11},{"not_picked":["Deadly Poison","Choke"],"picked":"Acrobatics","floor":12},{"not_picked":["Deadly Poison","Dagger Throw","Infinite Blades"],"picked":"SKIP","floor":14},{"not_picked":["Envenom","Night Terror"],"picked":"Storm of Steel","floor":16},{"not_picked":["Caltrops","PiercingWail","Skewer"],"picked":"SKIP","floor":18},{"not_picked":["Flying Knee","PiercingWail"],"picked":"Acrobatics","floor":21},{"not_picked":["Dodge and Roll","StuffTheSpire:Repulse"],"picked":"hubris:Sniper+1","floor":22},{"not_picked":["Distraction","StuffTheSpire:Injection+1"],"picked":"Expertise","floor":23},{"not_picked":["Backflip","Sucker Punch+1","Dagger Spray"],"picked":"SKIP","floor":25},{"not_picked":["Footwork","StuffTheSpire:ClusterCrunch"],"picked":"Calculated Gamble","floor":27},{"not_picked":["Doppelganger","Outmaneuver"],"picked":"Underhanded Strike","floor":28},{"not_picked":["Poisoned Stab","Dodge and Roll"],"picked":"Acrobatics+1","floor":29},{"not_picked":["Heel Hook","PiercingWail"],"picked":"StuffTheSpire:DoubleShiv","floor":30},{"not_picked":["StuffTheSpire:Incantation","Slice","Backflip"],"picked":"SKIP","floor":31},{"not_picked":["Bullet Time","Burst"],"picked":"Storm of Steel","floor":33},{"not_picked":["Dodge and Roll","StuffTheSpire:Shiver","Dagger Throw+1"],"picked":"SKIP","floor":35},{"not_picked":["Dagger Spray","StuffTheSpire:BumpUp+1","PiercingWail+1"],"picked":"SKIP","floor":36},{"not_picked":["Grand Finale","Acrobatics","Cloak And Dagger+1"],"picked":"SKIP","floor":37},{"not_picked":["Slice","Riddle With Holes"],"picked":"Prepared","floor":39},{"not_picked":["StuffTheSpire:BumpUp+1","hubris:SlightOfHand","ReplayTheSpireMod:Exploit Weakness"],"picked":"SKIP","floor":41},{"not_picked":["hubris:TrickCloak","StuffTheSpire:BumpUp","Die Die Die"],"picked":"SKIP","floor":42},{"not_picked":["Cloak And Dagger","StuffTheSpire:MirrorStance","Underhanded Strike"],"picked":"SKIP","floor":44},{"not_picked":["Quick Slash+1","PiercingWail+1","StuffTheSpire:Shiver"],"picked":"SKIP","floor":45},{"not_picked":["Magnetism","Secret Technique"],"picked":"Master of Strategy","floor":46},{"not_picked":["Jack Of All Trades","ReplayTheSpireMod:Uncanny Aura"],"picked":"ReplayTheSpireMod:Necrogeddon","floor":46},{"not_picked":["StuffTheSpire:PlasmaPunch","BloodyBrimstone"],"picked":"Violence","floor":46},{"not_picked":["Sucker Punch","Dagger Spray","Dodge and Roll"],"picked":"SKIP","floor":48}],"player_experience":412583,"relics_obtained":[{"floor":2,"key":"reliquary:SharkskinSheath"},{"floor":7,"key":"DeadEye"},{"floor":9,"key":"Kunai"},{"floor":23,"key":"hubris:BundleOfHerbs"},{"floor":26,"key":"halation:BlackBeret"},{"floor":27,"key":"Mummified Hand"},{"floor":29,"key":"reliquary:QuartzCube"},{"floor":43,"key":"GnawedLeaf"},{"floor":44,"key":"Ninja Scroll"}],"event_choices":[{"damage_healed":0,"gold_gain":0,"player_choice":"Joined the Cult","damage_taken":6,"max_hp_gain":0,"max_hp_loss":0,"event_name":"Nest","floor":19,"gold_loss":0,"cards_obtained":["RitualDagger"]},{"damage_healed":0,"gold_gain":0,"player_choice":"Ignored","damage_taken":0,"max_hp_gain":0,"max_hp_loss":0,"event_name":"Ghosts","floor":20,"gold_loss":0},{"damage_healed":0,"gold_gain":0,"player_choice":"Ignored","damage_taken":0,"max_hp_gain":0,"max_hp_loss":0,"event_name":"Tomb of Lord Red Mask","floor":38,"gold_loss":0},{"damage_healed":0,"gold_gain":0,"player_choice":"Memory 1","damage_taken":0,"max_hp_gain":0,"max_hp_loss":0,"event_name":"SensoryStone","floor":47,"gold_loss":0}],"is_beta":false,"boss_relics":[{"not_picked":["Snecko Eye","SacredBark"],"picked":"infinitespire:Cupcake"},{"not_picked":[]},{"not_picked":["Calling Bell","hubris:CrackedHourglass"],"picked":"reliquary:WritOfMandamus"},{"not_picked":[]}],"items_purged_floors":[17,34,46,46],"is_endless":false,"potions_floor_spawned":[1,4,7,12,18,23,30,31,33,35,36,41,48],"ascension_level":18}}