{"host":"vyjryxuuuxkt43k4","time":1613359709,"event":{"mods":["AchievementEnabler","BaseMod","Colored Map","DeckTracker","Keyboard Shortcuts","Minty Spire (QoL Compilation)","Permanent Neow","Quick Restart","StSLib","SuperFastMode","everything is the same but u backflip on backflip"],"gold_per_floor":[212,229,59,74,74,74,107,257,336,336,46,59,59,59],"floor_reached":13,"language":"KOR","playtime":1014,"items_purged":["Strike_G","Doubt"],"score":166,"play_id":"7b83216d-e520-44c3-8944-842ea4e30fc2","local_time":"20210215122829","is_ascension_mode":true,"campfire_choices":[{"data":"Riddle With Holes","floor":6,"key":"SMITH"},{"floor":10,"key":"REST"}],"circlet_count":0,"master_deck":["AscendersBane","Strike_G","Strike_G","Strike_G","Defend_G","Defend_G","Defend_G","Defend_G","Defend_G","Survivor","Neutralize","Flying Knee","Riddle With Holes+1","Flash of Steel","Crippling Poison","Tactician","Prepared","After Image","Underhanded Strike"],"relics":["Ring of the Snake","Boot","Darkstone Periapt"],"acts_visited":["Exordium"],"potions_floor_usage":[7],"damage_taken":[{"damage":3,"enemies":"Small Slimes","floor":1,"turns":5},{"damage":0,"enemies":"Jaw Worm","floor":2,"turns":5},{"damage":0,"enemies":"Cultist","floor":4,"turns":3},{"damage":44,"enemies":"3 Sentries","floor":7,"turns":12},{"damage":9,"enemies":"Lots of Slimes","floor":12,"turns":4},{"damage":38,"enemies":"Lagavulin","floor":13,"turns":5}],"seed_played":"-377705433779533604","potions_obtained":[{"floor":2,"key":"Regen Potion"},{"floor":4,"key":"SpeedPotion"},{"floor":12,"key":"SpeedPotion"}],"is_trial":false,"path_per_floor":["M","M","$","M","?","R","E","?","T","R","$","M","E"],"character_chosen":"THE_SILENT","items_purchased":["Flash of Steel","Prepared","After Image"],"campfire_rested":1,"item_purchase_floors":[3,11,11],"current_hp_per_floor":[56,56,56,56,49,49,20,20,20,39,39,30,0,0],"gold":59,"neow_bonus":"HUNDRED_GOLD","is_daily":false,"chose_seed":false,"campfire_upgraded":1,"win_rate":0.0,"timestamp":1613359709,"path_taken":["M","M","$","M","?","R","E","?","T","R","$","M","E"],"items_purchased_type":["Card","Card","Card"],"build_version":"2020-12-22","purchased_purges":2,"victory":false,"max_hp_per_floor":[66,66,66,66,66,66,66,66,66,66,66,66,66,66],"card_choices":[{"not_picked":["PiercingWail","Acrobatics"],"picked":"Flying Knee","floor":1},{"not_picked":["Heel Hook","Outmaneuver"],"picked":"Riddle With Holes","floor":2},{"not_picked":["Leg Sweep","Sucker Punch"],"picked":"Crippling Poison","floor":4},{"not_picked":["Flying Knee","Concentrate"],"picked":"Tactician","floor":7},{"not_picked":["Setup","PiercingWail"],"picked":"Underhanded Strike","floor":12}],"player_experience":987051,"relics_obtained":[{"floor":7,"key":"Boot"},{"floor":9,"key":"Darkstone Periapt"}],"event_choices":[{"cards_removed":["Strike_G"],"damage_healed":0,"gold_gain":0,"player_choice":"Card Removal","damage_taken":7,"max_hp_gain":0,"max_hp_loss":0,"event_name":"Golden Wing","floor":5,"gold_loss":0},{"damage_healed":0,"gold_gain":150,"player_choice":"AGREE","damage_taken":0,"max_hp_gain":0,"max_hp_loss":0,"event_name":"Liars Game","floor":8,"gold_loss":0,"cards_obtained":["Doubt"]}],"is_beta":false,"boss_relics":[],"items_purged_floors":[3,11],"is_endless":false,"potions_floor_spawned":[2,4,12],"killed_by":"Lagavulin","ascension_level":20}}