{"host":"xp27heuvanyklt0b","time":1613403150,"event":{"mods":["100% Spire Juice","BaseMod","CapriCore","Lobotomy","Minty Spire (QoL Compilation)","Replay The Spire","StSLib","The Immortal"],"gold_per_floor":[114,0,17,17,27,27,39,39,62,62,81,93,128,143,143,243,243,260,260,273,273,76,94,94,105,156,185,185,198,198,216,216,318,368,383,50,69,124,134,159,159,185,211,228,228,126,126,142,142,142],"floor_reached":51,"language":"KOR","playtime":4785,"items_purged":[],"score":756,"play_id":"8a676f0a-e822-416b-b391-528d0299ecb4","local_time":"20210216003230","is_ascension_mode":false,"campfire_choices":[],"circlet_count":0,"master_deck":["SpecialBullet","SpecialBullet","SpecialBullet","SpecialBullet","SpecialBullet","SpecialBullet","SpecialBullet","SpecialBullet","SecurityCode","ExtractionCode","CentralCode","Wingbeat","Wellcheers","RapturousDream","SolemnVow+1","Gaze","SolemnVow","UniverseFragment","CherryBlossom","Logging+1","MHz","Mimicry+1","DisciplinaryCode","CrimsonScar+1","PunishingBird","ShedSkin+1","Harmony+1","BearPaw+1","InTheNameOfLoveAndHate+1","OSAHOGD","Laetitia_ego+1","BearPaw+1","InformationCode","DespairKnight","BlueScar+1","SoundOfStar+1","GreedKing","Justitia+1","WristCuter+1","Justitia+1","Enlightenment+1","ScreamingWedge+1","CherryBlossom+1","CENSORED_ego+1","TrainingCode","Penitence+1","Hornet+1","Adoration+1","RedEyes+1","RapturousDream+1","MagicBullet+1","Variant","Christmas+1","SoundOfStar+1","SoundOfStar+1","Wingbeat+1","ShedSkin+1","Amita+1","GrinderMk4+1","Rudolta","CherryBlossom+1","Regret_ego+1","Mimicry+1","TheSmile+1","Moonlight+1","HappyTeddy","RapturousDream+1","ControlCode","FourthMatchFlame+1","Amita+1","FourthMatchFlame+1"],"relics":["CogitoBucket","ReplayTheSpireMod:TigerMarble","HellTrain","Tiny Chest","Painkiller Herb","Nloth\u0027s Gift","Whetstone","Akabeko","Ornamental Fan","LuminousBracelet","AtMidnight","Tiny House","Guide Book","Strawberry","StoneCalendar","Anchor","PreservedInsect","Ancient Tea Set","White Beast Statue"],"acts_visited":["Exordium","TheCity","TheBeyond"],"potions_floor_usage":[27,42,50,50,50],"damage_taken":[{"damage":0,"enemies":"2 Louse","floor":1,"turns":4},{"damage":12,"enemies":"Cultist","floor":3,"turns":5},{"damage":0,"enemies":"Small Slimes","floor":5,"turns":3},{"damage":0,"enemies":"Exordium Wildlife","floor":7,"turns":1},{"damage":0,"enemies":"2 Fungi Beasts","floor":11,"turns":1},{"damage":16,"enemies":"Lots of Slimes","floor":12,"turns":8},{"damage":1,"enemies":"Lagavulin","floor":13,"turns":2},{"damage":0,"enemies":"Blue Slaver","floor":14,"turns":4},{"damage":11,"enemies":"Fading Forest","floor":16,"turns":11},{"damage":23,"enemies":"3 Byrds","floor":18,"turns":3},{"damage":1,"enemies":"Shell Parasite","floor":20,"turns":3},{"damage":1,"enemies":"3 Cultists","floor":23,"turns":2},{"damage":2,"enemies":"Centurion and Healer","floor":25,"turns":5},{"damage":42,"enemies":"Book of Stabbing","floor":27,"turns":9},{"damage":6,"enemies":"Sentry and Sphere","floor":29,"turns":6},{"damage":36,"enemies":"Chosen and Byrds","floor":31,"turns":29},{"damage":46,"enemies":"Pondfish","floor":33,"turns":7},{"damage":0,"enemies":"3 Shapes","floor":35,"turns":3},{"damage":0,"enemies":"3 Darklings","floor":37,"turns":3},{"damage":21,"enemies":"2 Orb Walkers","floor":38,"turns":7},{"damage":27,"enemies":"Writhing Mass","floor":39,"turns":6},{"damage":29,"enemies":"Giant Head","floor":40,"turns":7},{"damage":58,"enemies":"Reptomancer","floor":42,"turns":7},{"damage":0,"enemies":"Maw","floor":44,"turns":4},{"damage":9,"enemies":"4 Shapes","floor":48,"turns":5},{"damage":19,"enemies":"Donu and Deca","floor":50,"turns":43},{"damage":74,"enemies":"Malkuth","floor":51,"turns":13},{"damage":93,"enemies":"Hod","floor":51,"turns":17}],"seed_played":"5092227949209252996","potions_obtained":[{"floor":3,"key":"BlessingOfTheForge"},{"floor":5,"key":"Languid Potion"},{"floor":14,"key":"Block Potion"},{"floor":23,"key":"DuplicationPotion"},{"floor":31,"key":"Languid Potion"},{"floor":37,"key":"Regen Potion"}],"is_trial":false,"path_per_floor":["M","$","M","?","M","R","M","R","T","R","M","M","E","M","R","B",null,"?","?","?","?","T","?","T","?","T","E","T","?","T","?","T","B",null,"?","T","?","?","?","E","?","E","T","?","T","T","T","?","T","B",null],"character_chosen":"Angela","items_purchased":["SolemnVow","Gaze","Enlightenment+1","ScreamingWedge+1","CherryBlossom+1","Guide Book","Strawberry","Amita+1","FourthMatchFlame+1","Adrenaline Potion"],"campfire_rested":0,"item_purchase_floors":[2,2,22,22,22,36,36,36,46,46],"current_hp_per_floor":[70,70,69,69,70,70,70,70,70,70,70,68,67,70,70,70,70,55,70,70,70,70,70,70,70,70,36,36,51,51,56,56,46,90,90,97,97,87,87,60,60,52,52,79,79,79,79,74,74,64],"gold":142,"neow_bonus":"RANDOM_COMMON_RELIC","is_daily":false,"chose_seed":false,"campfire_upgraded":0,"win_rate":0.0,"timestamp":1613403150,"path_taken":["M","$","M","?","M","R","M","R","T","R","M","?","E","M","R","BOSS","?","?","?","?","T","?","T","?","T","E","T","?","?","?","T","BOSS","?","T","?","?","?","E","?","E","T","?","T","?","?","?","T","BOSS"],"items_purchased_type":["Card","Card","Card","Card","Card","Relic","Relic","Card","Card","Potion"],"build_version":"2020-12-22","purchased_purges":0,"victory":true,"max_hp_per_floor":[70,70,70,70,70,70,70,70,70,70,70,70,70,70,70,70,70,70,70,70,70,70,70,70,70,70,70,70,70,70,85,85,85,90,90,97,97,87,87,87,87,87,87,84,84,84,84,74,74,64],"card_choices":[{"not_picked":["CUTE"],"picked":"Wingbeat","floor":1},{"not_picked":["PunishingBird","MHz"],"picked":"Wellcheers","floor":1},{"not_picked":["Wingbeat"],"picked":"RapturousDream","floor":1},{"not_picked":["SomewhereSpear"],"picked":"SolemnVow","floor":3},{"not_picked":["MeatLantern","Laetitia"],"picked":"UniverseFragment","floor":3},{"not_picked":["Loneliness"],"picked":"CherryBlossom","floor":3},{"not_picked":["Loneliness"],"picked":"Logging","floor":5},{"not_picked":["HeroicMonk","MeatLantern"],"picked":"MHz","floor":5},{"not_picked":["BlackSwan_ego"],"picked":"Mimicry","floor":5},{"not_picked":["Harvest"],"picked":"CrimsonScar","floor":7},{"not_picked":["WallGazer","Funeral"],"picked":"PunishingBird","floor":7},{"not_picked":["Beak"],"picked":"ShedSkin","floor":7},{"not_picked":["Woodsman","HappyTeddy","NakedNest"],"picked":"Singing Bowl","floor":11},{"not_picked":["SomewhereSpear","Soda"],"picked":"Harmony","floor":11},{"not_picked":["CUTE+1","BloodyDesire+1"],"picked":"BearPaw+1","floor":12},{"not_picked":["WallGazer","CrumblingArmor","BodiesMountain"],"picked":"Singing Bowl","floor":12},{"not_picked":["Hornet+1","Beak+1"],"picked":"InTheNameOfLoveAndHate+1","floor":12},{"not_picked":["LongBird","ShyLook","BeautyBeast"],"picked":"Singing Bowl","floor":13},{"not_picked":["CrumblingArmor","FairyFestival"],"picked":"OSAHOGD","floor":13},{"not_picked":["RedEyes+1","Pinks+1"],"picked":"Laetitia_ego+1","floor":13},{"not_picked":["SomewhereSpear+1","RedEyes+1"],"picked":"BearPaw+1","floor":14},{"not_picked":["ShyLook","BigBadWolf","Scorched"],"picked":"Singing Bowl","floor":14},{"not_picked":["SpiderBud","MeatLantern"],"picked":"DespairKnight","floor":14},{"not_picked":["Harvest+1","RapturousDream+1"],"picked":"BlueScar+1","floor":14},{"not_picked":["GoldRush+1","ParadiseLost+1"],"picked":"SoundOfStar+1","floor":16},{"not_picked":["WallGazer","Bloodbath"],"picked":"GreedKing","floor":16},{"not_picked":["Mimicry+1","Twilight+1"],"picked":"Justitia+1","floor":16},{"not_picked":["Bloodbath","WhitesApple","Alriune"],"picked":"Singing Bowl","floor":18},{"not_picked":["Lantern+1","TodaysExpression+1"],"picked":"WristCuter+1","floor":18},{"not_picked":["Scorched","Murderer","CrumblingArmor"],"picked":"Singing Bowl","floor":20},{"not_picked":["Loneliness+1","WristCuter+1"],"picked":"Justitia+1","floor":20},{"not_picked":["Murderer","LaLuna","BodiesMountain"],"picked":"Singing Bowl","floor":23},{"not_picked":["SolemnVow+1","Wingbeat+1"],"picked":"CENSORED_ego+1","floor":23},{"not_picked":["Yin","WallGazer","MeatLantern"],"picked":"Singing Bowl","floor":25},{"not_picked":["Tough+1","Beak+1"],"picked":"Penitence+1","floor":25},{"not_picked":["Reverberation+1","FeatherOfHonor+1"],"picked":"Hornet+1","floor":27},{"not_picked":["Alriune","QueenBee","LongBird"],"picked":"Singing Bowl","floor":27},{"not_picked":["Lantern+1","CherryBlossom+1"],"picked":"Adoration+1","floor":27},{"not_picked":["BloodyDesire+1","WristCuter+1"],"picked":"RedEyes+1","floor":29},{"not_picked":["LaLuna","Mercenary","GalaxyChild"],"picked":"Singing Bowl","floor":29},{"not_picked":["TodaysExpression+1","Loneliness+1"],"picked":"RapturousDream+1","floor":29},{"not_picked":["Wingbeat+1","ScreamingWedge+1"],"picked":"MagicBullet+1","floor":31},{"not_picked":["HeroicMonk","OldLady"],"picked":"Variant","floor":31},{"not_picked":["Penitence+1","Pinks+1"],"picked":"Christmas+1","floor":31},{"not_picked":["Twilight+1","GoldRush+1"],"picked":"SoundOfStar+1","floor":33},{"not_picked":["CENSORED","FieryBird","Scorched"],"picked":"Singing Bowl","floor":33},{"not_picked":["Justitia+1","DaCapo+1"],"picked":"SoundOfStar+1","floor":33},{"not_picked":["Discord+1","Noise+1"],"picked":"Wingbeat+1","floor":34},{"not_picked":["LittlePrince","Laetitia","BlueStar"],"picked":"Singing Bowl","floor":35},{"not_picked":["CUTE+1","Penitence+1"],"picked":"ShedSkin+1","floor":35},{"not_picked":["HeroicMonk","WhiteNight","FairyFestival"],"picked":"Singing Bowl","floor":37},{"not_picked":["ScreamingWedge+1","Tough+1"],"picked":"GrinderMk4+1","floor":37},{"not_picked":["Alriune","SilentOrchestra","Mercenary"],"picked":"Singing Bowl","floor":38},{"not_picked":["LittleHelper","BeautyBeast"],"picked":"Rudolta","floor":38},{"not_picked":["Beak+1","GoldRush+1"],"picked":"CherryBlossom+1","floor":38},{"not_picked":["BlueScar+1","RapturousDream+1"],"picked":"Regret_ego+1","floor":39},{"not_picked":["CrumblingArmor","Bloodbath","QueenBee"],"picked":"Singing Bowl","floor":39},{"not_picked":["Lantern+1","RapturousDream+1"],"picked":"Mimicry+1","floor":39},{"not_picked":["NothingThere","BlackArmy","WhitesApple"],"picked":"Singing Bowl","floor":40},{"not_picked":["SwordSharpenedByTears+1","Adoration+1"],"picked":"TheSmile+1","floor":40},{"not_picked":["QueenOfHatred","FieryBird","MeltingLove"],"picked":"Singing Bowl","floor":42},{"not_picked":["RapturousDream+1","Lantern+1"],"picked":"Moonlight+1","floor":42},{"not_picked":["HappyTeddy","BigBird","NakedNest"],"picked":"Singing Bowl","floor":44},{"not_picked":["LittleHelper","WhiteNight"],"picked":"HappyTeddy","floor":44},{"not_picked":["Loneliness+1","CUTE+1"],"picked":"RapturousDream+1","floor":44},{"not_picked":["Soda+1","RapturousDream+1"],"picked":"Amita+1","floor":48},{"not_picked":["BigBadWolf","GalaxyChild","NakedNest"],"picked":"Singing Bowl","floor":48},{"not_picked":["FeatherOfHonor+1","Penitence+1"],"picked":"FourthMatchFlame+1","floor":48}],"player_experience":283141,"relics_obtained":[{"floor":13,"key":"Tiny Chest"},{"floor":26,"key":"Whetstone"},{"floor":27,"key":"Akabeko"},{"floor":30,"key":"Ornamental Fan"},{"floor":31,"key":"AtMidnight"},{"floor":38,"key":"StoneCalendar"},{"floor":40,"key":"Anchor"},{"floor":42,"key":"PreservedInsect"},{"floor":43,"key":"Ancient Tea Set"},{"floor":47,"key":"White Beast Statue"}],"event_choices":[{"damage_healed":0,"gold_gain":0,"player_choice":"Leave","damage_taken":0,"max_hp_gain":0,"max_hp_loss":0,"event_name":"FaceTrader","floor":4,"gold_loss":0},{"damage_healed":23,"gold_gain":0,"player_choice":"Heal","damage_taken":0,"max_hp_gain":0,"max_hp_loss":0,"event_name":"The Library","floor":19,"gold_loss":0},{"damage_healed":0,"gold_gain":0,"player_choice":"Traded Relic","damage_taken":0,"relics_obtained":["Nloth\u0027s Gift"],"max_hp_gain":0,"max_hp_loss":0,"event_name":"N\u0027loth","floor":21,"relics_lost":["ResearcherNote"],"gold_loss":0},{"damage_healed":0,"gold_gain":0,"player_choice":"Fight","damage_taken":0,"max_hp_gain":0,"max_hp_loss":0,"event_name":"Mysterious Sphere","floor":38,"gold_loss":0}],"is_beta":false,"boss_relics":[{"not_picked":["Replay:Bronze Core","Snecko Eye"],"picked":"Painkiller Herb"},{"not_picked":["Philosopher\u0027s Stone","Abe\u0027s Treasure"],"picked":"Tiny House"}],"items_purged_floors":[],"is_endless":false,"potions_floor_spawned":[3,5,14,20,23,31,33,37,40,44,48,51,51],"ascension_level":0}}