{"host":"x1d9cj1vze2ie4yu","time":1613410080,"event":{"mods":["Act Like it!","Aspiration","BaseMod","Better Vampires","CapriCore","Conspire","Minty Spire (QoL Compilation)","Pale of the Ancients","Permanent Neow","Relic Stats","Reliquary","Replay The Spire","Spicy Shops","StSLib","[IsaacMod]以撒尖塔","【功能Mod】聪明的最终Boss"],"gold_per_floor":[118,118,293,308,120,120,14,14,38,38,38,82,111,141,141,240,240,260,31,74,74,92,92,121,133,133,133,133,194,194,117,117,215,215,282,442,462,472,537,567,817,856,882,897,909,1159,1173,1225,1225,1310],"floor_reached":51,"language":"ZHS","playtime":2176,"items_purged":["Regret","Doubt","ReplayTheSpireMod:Restless Dread","CommonCold","ReplayTheSpireMod:Corrosion Curse","Juggernaut+1","Twin Strike","Blood for Blood","Rage+1","Apotheosis","Clash+1","Battery"],"score":1315,"play_id":"6cd7052d-d9e6-4902-9250-284786b8b6e3","local_time":"20210216012800","is_ascension_mode":true,"campfire_choices":[{"data":"BettingIsNotGood","floor":6.0,"key":"SMITH"},{"data":"Bash","floor":8.0,"key":"SMITH"},{"floor":11.0,"key":"RECALL"},{"data":"Defend_R","floor":15.0,"key":"SMITH"},{"data":"Double Tap","floor":23.0,"key":"SMITH"},{"data":"Clash","floor":30.0,"key":"SMITH"},{"floor":32.0,"key":"REST"},{"floor":49,"key":"DIG"}],"circlet_count":0,"master_deck":["Bash+1","BettingIsNotGood+1","Demon Form+1","Barricade+1","Body Slam+1","Thunderclap","Double Tap+1","Impervious+1","Master of Strategy+1","Battle Trance"],"relics":["Burning Blood","HushsDoor","SatanicBible","Replay:Baseball","reliquary:Crutches","Membership Card","ReplayTheSpireMod:CursedCoin","Frozen Egg 2","reliquary:PartyBalloon","Tiny Chest","Pondfish Scales","Odd Mushroom","Pandora\u0027s Box","D6","Du-Vu Doll","Ring of Peace","ReplayTheSpireMod:Ring of Addiction","Potion Belt","Toy Ornithopter","DoctorsRemote","reliquary:BallBearing","Pear","SteamSale","BargainBundle","reliquary:Buckler","Replay:Bottled Steam","reliquary:Aerogel","BelialBook","aspiration:RunicSpoon","Vajra","reliquary:TatteredRug","Replay:Mystery Machine","Blue Doll","Frozen Eye","TheBattery","PreservedInsect","Toolbox","reliquary:Stiletto","reliquary:WeakTea","BlankCard","Gremlin Food","TheAbacus","Regal Pillow","aspiration:SeaSaltIceCream","aspiration:Nostalgia","Cracked Core","NineVolt","Unceasing Top","Replay:Rubber Ducky","aspiration:Nostalgia","Ring of the Snake","reliquary:Knoch","BookOfRevelations","reliquary:SharkskinSheath","Brimstone","TheBean","Replay:WaspNest","reliquary:SilkGlove","Garlic","Pantograph","Strawberry","PrismaticShard","Guide Book","Replay:Bandana","ReplayTheSpireMod:TigerMarble"],"acts_visited":["Exordium","TheCity","TheBeyond"],"potions_floor_usage":[39,39,39,39,40,48,48,48],"damage_taken":[{"damage":0.0,"enemies":"Cultist","floor":1.0,"turns":2.0},{"damage":0.0,"enemies":"Jaw Worm","floor":4.0,"turns":1.0},{"damage":9.0,"enemies":"2 Louse","floor":12.0,"turns":3.0},{"damage":18.0,"enemies":"Gremlin Nob","floor":13.0,"turns":3.0},{"damage":6.0,"enemies":"The Mushroom Lair","floor":14.0,"turns":2.0},{"damage":43.0,"enemies":"Slime Boss","floor":16.0,"turns":9.0},{"damage":0.0,"enemies":"Spheric Guardian","floor":18.0,"turns":3.0},{"damage":8.0,"enemies":"Shell Parasite","floor":20.0,"turns":3.0},{"damage":6.0,"enemies":"Cultist and Chosen","floor":22.0,"turns":4.0},{"damage":55.0,"enemies":"Replay:Snechameleon","floor":24.0,"turns":6.0},{"damage":28.0,"enemies":"Snake Plant","floor":25.0,"turns":4.0},{"damage":12.0,"enemies":"Centurion and Healer","floor":29.0,"turns":5.0},{"damage":35.0,"enemies":"conspire:MysteriousRune","floor":33.0,"turns":7.0},{"damage":54.0,"enemies":"3 Darklings","floor":35.0,"turns":6.0},{"damage":12.0,"enemies":"Orb Walker","floor":37.0,"turns":2.0},{"damage":26.0,"enemies":"4 Shapes","floor":38.0,"turns":2.0},{"damage":12,"enemies":"Transient","floor":39,"turns":5},{"damage":12,"enemies":"R_Hoarder","floor":40,"turns":6},{"damage":0,"enemies":"3 Darklings","floor":42,"turns":5},{"damage":0,"enemies":"Spire Growth","floor":44,"turns":4},{"damage":8,"enemies":"4 Shapes","floor":45,"turns":1},{"damage":0,"enemies":"Jaw Worm Horde","floor":47,"turns":1},{"damage":0,"enemies":"Reptomancer","floor":48,"turns":2},{"damage":39,"enemies":"conspire:OrnateMirror","floor":50,"turns":5}],"seed_played":"-3668919129890318169","potions_obtained":[{"floor":4.0,"key":"Adrenaline Potion"},{"floor":14.0,"key":"SkillPotion"},{"floor":18.0,"key":"PowerPotion"},{"floor":21.0,"key":"ColorlessPotion"},{"floor":21.0,"key":"Fruit Juice"},{"floor":21.0,"key":"Milkshake"},{"floor":25.0,"key":"CultistPotion"},{"floor":33.0,"key":"Weak Potion"},{"floor":39,"key":"Ancient Potion"},{"floor":40,"key":"ElixirPotion"},{"floor":44,"key":"DistilledChaos"}],"is_trial":false,"path_per_floor":["M","?","?","M","$","R","$","R","T","$","R","M","E","?","R","B",null,"M","$","M","?","M","R","E","M","T","T","?","M","R","$","R","B",null,"M","$","M","M","M","E","$","M","T","M","M","$","M","E","R","B",null],"character_chosen":"IRONCLAD","items_purchased":["Membership Card","ReplayTheSpireMod:CursedCoin","Frozen Egg 2","reliquary:PartyBalloon","D6","Du-Vu Doll","SteamSale","BargainBundle","reliquary:Buckler","Replay:Bottled Steam","reliquary:Aerogel","BelialBook","Energy Potion","Adrenaline Potion","SteroidPotion","Apotheosis","Vajra","reliquary:TatteredRug","Replay:Mystery Machine","Blue Doll","Frozen Eye","TheBattery","LiquidMemories","AttackPotion","PowerPotion","Master of Strategy","Toolbox","Battery","reliquary:Stiletto","reliquary:WeakTea","BlankCard","Gremlin Food","TheAbacus","HeartOfIron","Strength Potion","Weak Potion","Swift Potion","Regal Pillow","aspiration:SeaSaltIceCream","Battle Trance","NineVolt","Unceasing Top","Replay:Rubber Ducky","aspiration:Nostalgia","DuplicationPotion","FearPotion","Milkshake","BookOfRevelations","reliquary:SharkskinSheath","Brimstone","TheBean","Replay:WaspNest","ElixirPotion","SpeedPotion","Dexterity Potion","Block Potion","reliquary:SilkGlove","Garlic","Pantograph","Strawberry","PrismaticShard","Guide Book","Adrenaline Potion"],"campfire_rested":1,"item_purchase_floors":[5,7,7,7,19,19,31,31,31,31,31,31,31,31,31,31,36,36,36,36,36,36,36,36,36,36,41,41,41,41,41,41,41,41,41,41,41,41,41,41,41,41,41,41,41,41,41,46,46,46,46,46,46,46,46,46,46,46,46,46,46,46,46],"current_hp_per_floor":[78,78,78,80,80,80,80,80,80,80,80,77,65,65,65,38,70,76,76,74,74,84,84,38,26,26,36,36,30,30,30,57,68,85,37,37,51,36,50,59,59,75,75,81,79,86,89,89,89,56],"gold":1310,"neow_bonus":"RANDOM_COMMON_RELIC","is_daily":false,"chose_seed":false,"campfire_upgraded":5,"win_rate":0.0,"timestamp":1613410080,"path_taken":["M","?","?","M","?","R","$","R","T","$","R","?","E","?","R","BOSS","M","$","M","?","M","R","E","M","T","?","?","M","R","$","R","BOSS","M","$","M","M","M","E","$","M","T","M","M","$","M","E","R","BOSS"],"items_purchased_type":["Relic","Relic","Relic","Relic","Relic","Relic","Relic","Relic","Relic","Relic","Relic","Relic","Potion","Potion","Potion","Card","Relic","Relic","Relic","Relic","Relic","Relic","Potion","Potion","Potion","Card","Relic","Card","Relic","Relic","Relic","Relic","Relic","Potion","Potion","Potion","Potion","Relic","Relic","Card","Relic","Relic","Relic","Relic","Potion","Potion","Potion","Relic","Relic","Relic","Relic","Relic","Potion","Potion","Potion","Potion","Relic","Relic","Relic","Relic","Relic","Relic","Potion"],"build_version":"2020-12-22","purchased_purges":12,"victory":true,"max_hp_per_floor":[80,80,80,80,80,80,80,80,80,80,80,80,80,80,80,80,80,80,80,80,80,85,85,85,85,85,95,93,93,93,91,91,91,91,91,91,89,89,89,86,86,86,86,84,84,91,89,89,89,89],"relic_stats":{"Regal Pillow":0,"counters":[24,91],"aspiration:RunicSpoon":[76],"PreservedInsect":62,"Burning Blood":128,"TheAbacus":[102],"Pantograph":0,"Tiny Chest":1,"Pandora\u0027s Box":["ReplayTheSpireMod:Corrosion Curse","Clash","Body Slam","Rage","Thunderclap","Juggernaut","Twin Strike","Double Tap","Blood for Blood"],"obtain_stats":[{"NineVolt":41,"reliquary:PartyBalloon":7,"Vajra":36,"SatanicBible":0,"TheBean":46,"Strawberry":46,"Replay:Bottled Steam":31,"reliquary:SharkskinSheath":46,"KeepersGift":0,"Pear":27,"ReplayTheSpireMod:CursedCoin":7,"aspiration:Nostalgia":41,"ReplayTheSpireMod:Ring of Addiction":21,"BelialBook":31,"BookOfRevelations":46,"reliquary:TatteredRug":36,"reliquary:WeakTea":41,"aspiration:SeaSaltIceCream":41,"SteamSale":31,"Du-Vu Doll":19,"Replay:Baseball":0,"Brimstone":46,"Pandora\u0027s Box":17,"reliquary:BallBearing":26,"ReplayTheSpireMod:TigerMarble":49,"reliquary:Knoch":43,"HushsDoor":0,"Unceasing Top":41,"Regal Pillow":41,"reliquary:SilkGlove":46,"reliquary:Aerogel":31,"Blue Doll":36,"TheBattery":36,"Replay:Mystery Machine":36,"PrismaticShard":46,"Burning Blood":0,"Replay:Rubber Ducky":41,"Frozen Eye":36,"Replay:Bandana":48,"TheAbacus":41,"Ring of Peace":21,"Pantograph":46,"Toolbox":41,"Tiny Chest":9,"reliquary:Buckler":31,"Cracked Core":41,"Ring of the Snake":41,"Potion Belt":21,"Gremlin Food":41,"DoctorsRemote":24,"BargainBundle":31,"aspiration:RunicSpoon":34,"Guide Book":46,"PreservedInsect":40,"Replay:WaspNest":46,"Frozen Egg 2":7,"Odd Mushroom":14,"reliquary:Crutches":2,"Pondfish Scales":13,"D6":19,"reliquary:Stiletto":41,"Garlic":46,"Membership Card":5,"BlankCard":41,"Toy Ornithopter":21},{"NineVolt":18,"reliquary:PartyBalloon":2,"Vajra":14,"SatanicBible":0,"TheBean":21,"Strawberry":21,"Replay:Bottled Steam":12,"reliquary:SharkskinSheath":21,"KeepersGift":0,"Pear":11,"ReplayTheSpireMod:CursedCoin":2,"aspiration:Nostalgia":18,"ReplayTheSpireMod:Ring of Addiction":8,"BelialBook":12,"BookOfRevelations":21,"reliquary:TatteredRug":14,"reliquary:WeakTea":18,"aspiration:SeaSaltIceCream":18,"SteamSale":12,"Du-Vu Doll":7,"Replay:Baseball":0,"Brimstone":21,"Pandora\u0027s Box":6,"reliquary:BallBearing":11,"ReplayTheSpireMod:TigerMarble":23,"reliquary:Knoch":19,"HushsDoor":0,"Unceasing Top":18,"Regal Pillow":18,"reliquary:SilkGlove":21,"reliquary:Aerogel":12,"Blue Doll":14,"TheBattery":14,"Replay:Mystery Machine":14,"PrismaticShard":21,"Burning Blood":0,"Replay:Rubber Ducky":18,"Frozen Eye":14,"Replay:Bandana":23,"TheAbacus":18,"Ring of Peace":8,"Pantograph":21,"Toolbox":18,"Tiny Chest":2,"reliquary:Buckler":12,"Cracked Core":18,"Ring of the Snake":18,"Potion Belt":8,"Gremlin Food":18,"DoctorsRemote":10,"BargainBundle":12,"aspiration:RunicSpoon":13,"Guide Book":21,"PreservedInsect":18,"Replay:WaspNest":21,"Frozen Egg 2":2,"Odd Mushroom":5,"reliquary:Crutches":1,"Pondfish Scales":4,"D6":7,"reliquary:Stiletto":18,"Garlic":21,"Membership Card":2,"BlankCard":18,"Toy Ornithopter":8},{"NineVolt":73,"reliquary:PartyBalloon":3,"Vajra":58,"SatanicBible":0,"TheBean":83,"Strawberry":83,"Replay:Bottled Steam":45,"reliquary:SharkskinSheath":83,"KeepersGift":0,"Pear":40,"ReplayTheSpireMod:CursedCoin":3,"aspiration:Nostalgia":73,"ReplayTheSpireMod:Ring of Addiction":26,"BelialBook":45,"BookOfRevelations":83,"reliquary:TatteredRug":58,"reliquary:WeakTea":73,"aspiration:SeaSaltIceCream":73,"SteamSale":45,"Du-Vu Doll":23,"Replay:Baseball":0,"Brimstone":83,"Pandora\u0027s Box":20,"reliquary:BallBearing":40,"ReplayTheSpireMod:TigerMarble":86,"reliquary:Knoch":78,"HushsDoor":0,"Unceasing Top":73,"Regal Pillow":73,"reliquary:SilkGlove":83,"reliquary:Aerogel":45,"Blue Doll":58,"TheBattery":58,"Replay:Mystery Machine":58,"PrismaticShard":83,"Burning Blood":0,"Replay:Rubber Ducky":73,"Frozen Eye":58,"Replay:Bandana":86,"TheAbacus":73,"Ring of Peace":26,"Pantograph":83,"Toolbox":73,"Tiny Chest":3,"reliquary:Buckler":45,"Cracked Core":73,"Ring of the Snake":73,"Potion Belt":26,"Gremlin Food":73,"DoctorsRemote":36,"BargainBundle":45,"aspiration:RunicSpoon":52,"Guide Book":83,"PreservedInsect":73,"Replay:WaspNest":83,"Frozen Egg 2":3,"Odd Mushroom":11,"reliquary:Crutches":2,"Pondfish Scales":9,"D6":23,"reliquary:Stiletto":73,"Garlic":83,"Membership Card":3,"BlankCard":73,"Toy Ornithopter":26}],"Toy Ornithopter":57,"Unceasing Top":[0],"Ring of the Snake":[12]},"card_choices":[{"not_picked":[],"picked":"BettingIsNotGood","floor":0.0},{"not_picked":["ReplayTheSpireMod:Corrosion Curse","Reckless Charge","Evolve"],"picked":"SKIP","floor":1.0},{"not_picked":["Thunderclap","Flex"],"picked":"Bomb","floor":4.0},{"not_picked":["Burning Pact","Armaments"],"picked":"Demon Form+1","floor":12.0},{"not_picked":["Reckless Charge","Whirlwind","Rage"],"picked":"SKIP","floor":13.0},{"not_picked":["Double Tap","Demon Form+1"],"picked":"Barricade+1","floor":16.0},{"not_picked":["ReplayTheSpireMod:Strike From Hell","Dual Wield","Shockwave+1"],"picked":"SKIP","floor":18.0},{"not_picked":["Headbutt+1","Armaments","Clash"],"picked":"SKIP","floor":20.0},{"not_picked":["Sever Soul","Defy Death","Headbutt+1"],"picked":"SKIP","floor":22.0},{"not_picked":["Heavy Blade+1","Clash","ReplayTheSpireMod:Limb From Limb"],"picked":"SKIP","floor":24.0},{"not_picked":["ReplayTheSpireMod:Strike From Hell+1","Combust+1","Warcry"],"picked":"SKIP","floor":25.0},{"not_picked":["Intimidate","Abandon+1","True Grit+1"],"picked":"SKIP","floor":29.0},{"not_picked":["Double Tap","Demon Form+1"],"picked":"Impervious","floor":33.0},{"not_picked":["Sever Soul+1","Twin Strike","True Grit"],"picked":"SKIP","floor":35.0},{"not_picked":["Rupture+1","True Grit+1","Massacre"],"picked":"SKIP","floor":37.0},{"not_picked":["Cleave+1","Heavy Blade","Anger"],"picked":"SKIP","floor":38},{"not_picked":["Reaper","Shrug It Off+1","Bloodletting+1"],"picked":"SKIP","floor":39},{"not_picked":["ReplayTheSpireMod:Strike From Hell+1","Carnage+1","Clash"],"picked":"SKIP","floor":40},{"not_picked":["ReplayReversal","Massacre+1","Cleave+1"],"picked":"SKIP","floor":42},{"not_picked":["Replay:Undeath\u0027s Touch+1","Fire Breathing+1","Searing Blow+1"],"picked":"SKIP","floor":44},{"not_picked":["Body Slam+1","Hemokinesis","Dropkick"],"picked":"SKIP","floor":45},{"not_picked":["BasicCrystalCard","Specialist+1","Accuracy+1"],"picked":"SKIP","floor":47},{"not_picked":["ThirdEye","ReplayTheSpireMod:Muscle Training","Fission"],"picked":"SKIP","floor":48}],"player_experience":83830,"relics_obtained":[{"floor":9.0,"key":"Tiny Chest"},{"floor":13.0,"key":"Pondfish Scales"},{"floor":14.0,"key":"Odd Mushroom"},{"floor":21.0,"key":"Ring of Peace"},{"floor":21.0,"key":"ReplayTheSpireMod:Ring of Addiction"},{"floor":21.0,"key":"Potion Belt"},{"floor":21.0,"key":"Toy Ornithopter"},{"floor":24.0,"key":"DoctorsRemote"},{"floor":26.0,"key":"reliquary:BallBearing"},{"floor":27.0,"key":"Pear"},{"floor":40,"key":"PreservedInsect"},{"floor":43,"key":"reliquary:Knoch"},{"floor":48,"key":"Replay:Bandana"},{"floor":49,"key":"ReplayTheSpireMod:TigerMarble"}],"event_choices":[{"damage_healed":0.0,"max_hp_gain":0.0,"max_hp_loss":0.0,"gold_gain":0.0,"event_name":"Big Fish","player_choice":"Box","floor":2.0,"gold_loss":0.0,"damage_taken":0.0,"relics_obtained":["reliquary:Crutches"],"cards_obtained":["Regret"]},{"damage_healed":0.0,"max_hp_gain":0.0,"max_hp_loss":0.0,"gold_gain":175.0,"event_name":"Liars Game","player_choice":"AGREE","floor":3.0,"gold_loss":0.0,"damage_taken":0.0,"cards_obtained":["Doubt"]},{"damage_healed":0.0,"max_hp_gain":0.0,"max_hp_loss":0.0,"gold_gain":0.0,"event_name":"Mushrooms","player_choice":"Fought Mushrooms","floor":14.0,"gold_loss":0.0,"damage_taken":0.0},{"damage_healed":0.0,"max_hp_gain":0.0,"max_hp_loss":0.0,"gold_gain":0.0,"event_name":"Vampires","player_choice":"Ignored","floor":28.0,"gold_loss":0.0,"damage_taken":0.0}],"is_beta":false,"boss_relics":[{"not_picked":["conspire:SeveredTorchhead","Runic Dome"],"picked":"Pandora\u0027s Box"},{"not_picked":[]},{"not_picked":["Fusion Hammer","conspire:SlowCooker"],"picked":"aspiration:RunicSpoon"},{"not_picked":[]}],"items_purged_floors":[5,7,31,31,36,36,41,41,41,46,46,46],"is_endless":false,"potions_floor_spawned":[4,14,18,25,33,37,39,40,44,45],"ascension_level":9}}