{"host":"yml0ux6c8lqydjlc","time":1613363573,"event":{"mods":["Aspiration","BaseMod","Conspire","Downfall","Hermit","Jedi Mod","Minty Spire (QoL Compilation)","Robot Space Explorer","StSLib"],"gold_per_floor":[217,233,233,252,92,92,111,111,111,125,145,145,163,211,211,336,399,412,163,178,203,224,224,265,265,265,289,17,17,33,33,33,163,163,181,181,31,51,384,384,403,414,439,459,129,145,67,87,87,87],"floor_reached":51,"language":"ENG","playtime":4281,"items_purged":["Strike_G","Strike_G","Defend_G","Strike_G","Strike_G"],"score":620,"play_id":"324b254a-a8e8-445e-a471-e52144394d8b","local_time":"20210214233253","is_ascension_mode":false,"campfire_choices":[{"data":"Poisoned Stab","floor":6,"key":"SMITH"},{"data":"jedi:pocketpoison","floor":8,"key":"SMITH"},{"floor":15,"key":"REST"},{"floor":23,"key":"REST"},{"floor":29,"key":"REST"},{"floor":32,"key":"REST"},{"data":"Terror","floor":40,"key":"SMITH"},{"floor":49,"key":"REST"}],"circlet_count":0,"master_deck":["Strike_G","Defend_G","Defend_G","Defend_G","Defend_G+1","Survivor","Neutralize","Poisoned Stab+1","Terror+1","Flying Knee","jedi:pocketpoison+1","Backstab","Backflip","Poisoned Stab","Quick Slash","Cloak And Dagger+1","Slice+1","Noxious Fumes","Bane+1","Leg Sweep","Noxious Fumes","Adrenaline","jedi:pocketpoison","Bane+1","Deadly Poison","jedi:poisonivy+1","Poisoned Stab+1","Bane","Deadly Poison","Accuracy+1"],"relics":["Ring of the Snake","aspiration:HiddenCompartment","Ninja Scroll","Meat on the Bone","Tiny House","Strawberry","Red Mask","Shuriken","Toolbox","jedi:firstaidkit","Toy Ornithopter","jedi:crownofsimplicity"],"acts_visited":["Exordium","TheCity","TheBeyond"],"potions_floor_usage":[16,33,44,46,50,50,50],"damage_taken":[{"damage":1,"enemies":"Jaw Worm","floor":1,"turns":7},{"damage":0,"enemies":"Cultist","floor":2,"turns":4},{"damage":2,"enemies":"Small Slimes","floor":4,"turns":3},{"damage":7,"enemies":"Looter","floor":7,"turns":3},{"damage":2,"enemies":"Large Slime","floor":10,"turns":7},{"damage":4,"enemies":"2 Fungi Beasts","floor":11,"turns":2},{"damage":10,"enemies":"Lots of Slimes","floor":13,"turns":3},{"damage":18,"enemies":"conspire:MimicChest","floor":14,"turns":6},{"damage":4,"enemies":"Hexaghost","floor":16,"turns":7},{"damage":34,"enemies":"conspire:FuzzyDice","floor":18,"turns":4},{"damage":10,"enemies":"Spheric Guardian","floor":20,"turns":4},{"damage":8,"enemies":"Centurion and Healer","floor":21,"turns":5},{"damage":4,"enemies":"conspire:HollyBat","floor":22,"turns":7},{"damage":42,"enemies":"Masked Bandits","floor":24,"turns":5},{"damage":12,"enemies":"Shelled Parasite and Fungi","floor":27,"turns":5},{"damage":22,"enemies":"Centurion and Healer","floor":30,"turns":5},{"damage":79,"enemies":"Collector","floor":33,"turns":8},{"damage":4,"enemies":"3 Shapes","floor":35,"turns":3},{"damage":12,"enemies":"Orb Walker","floor":38,"turns":4},{"damage":27,"enemies":"Spire Growth","floor":41,"turns":4},{"damage":3,"enemies":"Jaw Worm Horde","floor":42,"turns":5},{"damage":31,"enemies":"Sphere and 2 Shapes","floor":44,"turns":5},{"damage":21,"enemies":"3 Darklings","floor":46,"turns":6},{"damage":9,"enemies":"Maw","floor":48,"turns":5},{"damage":108,"enemies":"Awakened One","floor":50,"turns":10}],"seed_played":"-5232533347992129247","potions_obtained":[{"floor":1,"key":"Swift Potion"},{"floor":7,"key":"jedi:wingpotion"},{"floor":13,"key":"hexamod:SoulburnPotion"},{"floor":17,"key":"jedi:hoardpotion"},{"floor":22,"key":"jedi:wingpotion"},{"floor":24,"key":"AttackPotion"},{"floor":27,"key":"Strength Potion"},{"floor":33,"key":"jedi:StrikingPotion"},{"floor":42,"key":"champ:CounterPotion"},{"floor":44,"key":"bronze:BurnAndBuffPotion"},{"floor":46,"key":"ColorlessPotion"}],"is_trial":false,"path_per_floor":["M","M","?","M","$","R","M","R","T","M","M","?","M","?","R","B",null,"M","$","M","M","M","R","?","?","T","M","$","R","M","T","R","B",null,"M","?","$","M","?","R","M","M","T","M","$","M","$","M","R","B",null],"character_chosen":"THE_SILENT","items_purchased":["Terror","Flying Knee","Strawberry","Toolbox","jedi:crownofsimplicity","Bane","Deadly Poison"],"campfire_rested":5,"item_purchase_floors":[5,5,19,28,45,47,47],"current_hp_per_floor":[69,69,69,67,67,67,60,60,60,58,54,37,27,9,30,38,75,41,48,50,42,50,74,44,44,44,44,44,68,52,52,76,50,82,81,81,81,71,71,71,49,49,49,42,42,45,45,48,72,69],"gold":87,"neow_bonus":"HUNDRED_GOLD","is_daily":false,"chose_seed":false,"campfire_upgraded":3,"win_rate":0.0,"timestamp":1613363573,"path_taken":["M","M","?","M","$","R","?","R","T","M","M","?","M","?","R","BOSS","M","$","M","M","M","R","?","?","T","?","$","R","M","?","R","BOSS","M","?","$","M","?","R","M","M","T","M","?","?","$","M","R","BOSS"],"items_purchased_type":["Card","Card","Relic","Relic","Relic","Card","Card"],"build_version":"2020-12-22","purchased_purges":5,"victory":true,"max_hp_per_floor":[70,70,70,70,70,70,70,70,70,70,70,70,70,70,70,70,75,75,82,82,82,82,82,82,82,82,82,82,82,82,82,82,82,82,82,82,82,82,82,82,82,82,82,82,82,82,82,82,82,82],"card_choices":[{"not_picked":["jedi:collectorvenom","Dagger Spray","Bane"],"picked":"SKIP","floor":1},{"not_picked":["Cloak And Dagger","Outmaneuver"],"picked":"Poisoned Stab","floor":2},{"not_picked":["Well Laid Plans","Heel Hook","jedi:studypoison"],"picked":"SKIP","floor":4},{"not_picked":["Blur","Dagger Throw"],"picked":"jedi:pocketpoison","floor":7},{"not_picked":["Bane","Blade Dance"],"picked":"Backstab","floor":10},{"not_picked":["Masterful Stab","Choke","Infinite Blades"],"picked":"SKIP","floor":11},{"not_picked":["Well Laid Plans","Leg Sweep"],"picked":"Backflip","floor":13},{"not_picked":["PiercingWail","Acrobatics"],"picked":"Poisoned Stab","floor":14},{"not_picked":["Dodge and Roll","Underhanded Strike"],"picked":"Quick Slash","floor":17},{"not_picked":["Prepared","Dagger Throw"],"picked":"Cloak And Dagger+1","floor":18},{"not_picked":["conspire:DoublingDagger","Dagger Throw"],"picked":"Slice+1","floor":20},{"not_picked":["Backflip+1","Cloak And Dagger"],"picked":"Noxious Fumes","floor":21},{"not_picked":["conspire:DoublingDagger","Riddle With Holes","Heel Hook"],"picked":"SKIP","floor":22},{"not_picked":["Riddle With Holes","Backflip"],"picked":"Bane+1","floor":24},{"not_picked":["Backstab","Dagger Throw"],"picked":"Leg Sweep","floor":27},{"not_picked":["Glass Knife","Outmaneuver"],"picked":"Noxious Fumes","floor":30},{"not_picked":["jedi:studypoison","Tools of the Trade"],"picked":"Adrenaline","floor":33},{"not_picked":["Footwork+1","Acrobatics+1"],"picked":"jedi:pocketpoison","floor":35},{"not_picked":["Prepared+1","Backflip"],"picked":"Bane+1","floor":38},{"not_picked":["Prepared","Crippling Poison+1"],"picked":"Deadly Poison","floor":41},{"not_picked":["Distraction","Bane"],"picked":"jedi:poisonivy+1","floor":42},{"not_picked":["Bane","Dagger Throw","Sucker Punch"],"picked":"SKIP","floor":44},{"not_picked":["Reflex+1","Bane+1"],"picked":"Poisoned Stab+1","floor":46},{"not_picked":["Burst","Escape Plan"],"picked":"Accuracy+1","floor":48}],"player_experience":88983,"relics_obtained":[{"floor":3,"key":"aspiration:HiddenCompartment"},{"floor":9,"key":"Ninja Scroll"},{"floor":14,"key":"Meat on the Bone"},{"floor":24,"key":"Red Mask"},{"floor":26,"key":"Shuriken"},{"floor":31,"key":"jedi:firstaidkit"},{"floor":43,"key":"Toy Ornithopter"}],"event_choices":[{"damage_healed":0,"gold_gain":0,"player_choice":"Relic","damage_taken":0,"max_hp_gain":0,"max_hp_loss":0,"event_name":"Wheel of Change","floor":3,"gold_loss":0},{"damage_healed":0,"gold_gain":0,"player_choice":"Take Damage","damage_taken":17,"relics_obtained":["Golden Idol"],"max_hp_gain":0,"max_hp_loss":0,"event_name":"Golden Idol","floor":12,"gold_loss":0},{"damage_healed":0,"gold_gain":0,"player_choice":"Fought Bandits","damage_taken":0,"max_hp_gain":0,"max_hp_loss":0,"event_name":"Masked Bandits","floor":24,"gold_loss":0},{"damage_healed":0,"gold_gain":0,"player_choice":"Ignored","damage_taken":0,"max_hp_gain":0,"max_hp_loss":0,"event_name":"NoteForYourself","floor":25,"gold_loss":0},{"damage_healed":0,"gold_gain":0,"player_choice":"Leave","damage_taken":0,"max_hp_gain":0,"max_hp_loss":0,"event_name":"conspire:Investor","floor":36,"gold_loss":0},{"damage_healed":0,"gold_gain":333,"player_choice":"Gave Idol","damage_taken":0,"max_hp_gain":0,"max_hp_loss":0,"event_name":"The Moai Head","floor":39,"relics_lost":["Golden Idol"],"gold_loss":0}],"is_beta":false,"boss_relics":[{"not_picked":["SlaversCollar","aspiration:IroncladSkillbook"],"picked":"Tiny House"},{"not_picked":["aspiration:DefectSkillbook","conspire:RoyalGoblet","Snecko Eye"]}],"items_purged_floors":[5,19,28,37,45],"is_endless":false,"potions_floor_spawned":[1,7,13,14,22,24,27,33,42,44,46],"ascension_level":0}}