{"host":"rolltorest","time":1613372539,"event":{"mods":["BaseMod","Minty Spire (QoL Compilation)","Relic Stats","Slay the Relics Exporter","StSLib"],"gold_per_floor":[119,119,44,44,60,60,93,106,130,181,193,244,256,283,295,403,415,450,462,3,3,3,3,18,54,79,119,134,134,153,166,166,166,166],"floor_reached":33,"language":"ENG","playtime":871,"items_purged":["Strike_G"],"score":656,"play_id":"929df9d3-89cb-43c0-8877-e970e4571490","local_time":"20210214230219","is_ascension_mode":true,"campfire_choices":[{"data":"Deadly Poison","floor":6,"key":"SMITH"},{"floor":15,"key":"REST"},{"data":"Wraith Form v2","floor":23,"key":"SMITH"},{"floor":29,"key":"REST"},{"floor":32,"key":"REST"}],"circlet_count":0,"master_deck":["AscendersBane","Strike_G","Strike_G","Strike_G","Defend_G","Defend_G","Defend_G+1","Defend_G","Defend_G","Survivor+1","Neutralize","Bouncing Flask","Deadly Poison+1","Deadly Poison","Catalyst","Parasite","Dash","Leg Sweep","Malaise","PiercingWail+1","Storm of Steel","Wraith Form v2+1","Blade Dance","Terror","Envenom","Footwork","PiercingWail","Dagger Spray","Distraction"],"relics":["Ring of the Snake","NeowsBlessing","Golden Idol","Centennial Puzzle","MawBank","Bronze Scales","Sundial","Matryoshka","WristBlade","Orrery","Toy Ornithopter","Ancient Tea Set","CaptainsWheel","Regal Pillow","Strawberry","WingedGreaves"],"acts_visited":["Exordium","TheCity"],"potions_floor_usage":[18,27,27,28],"damage_taken":[{"damage":0,"enemies":"2 Louse","floor":1,"turns":1},{"damage":0,"enemies":"Jaw Worm","floor":5,"turns":1},{"damage":0,"enemies":"Gremlin Nob","floor":7,"turns":1},{"damage":8,"enemies":"Small Slimes","floor":8,"turns":4},{"damage":7,"enemies":"Lagavulin","floor":10,"turns":6},{"damage":32,"enemies":"3 Sentries","floor":12,"turns":7},{"damage":6,"enemies":"2 Fungi Beasts","floor":14,"turns":4},{"damage":6,"enemies":"Hexaghost","floor":16,"turns":7},{"damage":5,"enemies":"Spheric Guardian","floor":18,"turns":4},{"damage":0,"enemies":"Chosen","floor":24,"turns":3},{"damage":16,"enemies":"Book of Stabbing","floor":25,"turns":5},{"damage":21,"enemies":"Slavers","floor":27,"turns":6},{"damage":20,"enemies":"3 Cultists","floor":28,"turns":7},{"damage":13,"enemies":"Centurion and Healer","floor":30,"turns":6},{"damage":9,"enemies":"Shelled Parasite and Fungi","floor":31,"turns":5},{"damage":20,"enemies":"Automaton","floor":33,"turns":6}],"seed_played":"-6745876205079527765","potions_obtained":[{"floor":1,"key":"FearPotion"},{"floor":5,"key":"Explosive Potion"},{"floor":16,"key":"SkillPotion"},{"floor":22,"key":"Fire Potion"},{"floor":27,"key":"DistilledChaos"}],"is_trial":false,"path_per_floor":["M","?","?","?","M","R","E","M","T","E","?","E","T","M","R","B",null,"M","?","$","T","?","R","M","E","T","E","M","R","M","M","R","B"],"character_chosen":"THE_SILENT","items_purchased":["Wraith Form v2","Blade Dance","Orrery"],"campfire_rested":3,"item_purchase_floors":[20,20,20],"current_hp_per_floor":[59,59,59,41,41,41,41,33,33,26,41,9,9,3,21,15,49,44,44,44,44,44,44,44,28,35,24,9,44,31,22,57,37,37],"gold":166,"neow_bonus":"THREE_ENEMY_KILL","is_daily":false,"chose_seed":false,"campfire_upgraded":2,"win_rate":0.0,"timestamp":1613372539,"path_taken":["M","?","?","?","M","R","E","M","T","E","?","E","?","M","R","BOSS","M","?","$","?","?","R","M","E","T","E","?","R","M","?","R","BOSS"],"items_purchased_type":["Card","Card","Relic"],"build_version":"2020-12-18","purchased_purges":1,"victory":false,"max_hp_per_floor":[66,60,60,60,60,60,60,60,60,60,60,60,60,60,60,60,60,60,60,60,60,60,60,60,60,67,67,67,67,67,67,67,67,67],"relic_stats":{"Centennial Puzzle":[36],"Regal Pillow":30,"counters":[16,73],"Golden Idol":84,"Sundial":[6],"Bronze Scales":[192],"MawBank":132,"obtain_stats":[{"Regal Pillow":26,"NeowsBlessing":0,"Golden Idol":2,"MawBank":9,"Ancient Tea Set":21,"Centennial Puzzle":7,"CaptainsWheel":25,"Matryoshka":13,"WristBlade":17,"Sundial":12,"Bronze Scales":10,"Strawberry":26,"Orrery":20,"WingedGreaves":27,"Toy Ornithopter":21,"Ring of the Snake":0},{"Regal Pillow":11,"NeowsBlessing":0,"Golden Idol":1,"MawBank":4,"Ancient Tea Set":9,"Centennial Puzzle":3,"CaptainsWheel":11,"Matryoshka":6,"WristBlade":8,"Sundial":6,"Bronze Scales":5,"Strawberry":11,"Orrery":9,"WingedGreaves":12,"Toy Ornithopter":9,"Ring of the Snake":0},{"Regal Pillow":43,"NeowsBlessing":0,"Golden Idol":1,"MawBank":7,"Ancient Tea Set":35,"Centennial Puzzle":3,"CaptainsWheel":43,"Matryoshka":20,"WristBlade":31,"Sundial":20,"Bronze Scales":13,"Strawberry":43,"Orrery":35,"WingedGreaves":49,"Toy Ornithopter":35,"Ring of the Snake":0}],"Toy Ornithopter":15,"Ring of the Snake":[32]},"card_choices":[{"not_picked":["Tactician","Flying Knee"],"picked":"Bouncing Flask","floor":1},{"not_picked":["Dodge and Roll","Dagger Spray"],"picked":"Deadly Poison","floor":5},{"not_picked":["Dodge and Roll","Dagger Throw"],"picked":"Deadly Poison","floor":7},{"not_picked":["Accuracy","Calculated Gamble"],"picked":"Catalyst","floor":8},{"not_picked":["Phantasmal Killer","Slice","Caltrops"],"picked":"SKIP","floor":10},{"not_picked":["Poisoned Stab","Accuracy"],"picked":"Dash","floor":12},{"not_picked":["Cloak And Dagger","Poisoned Stab"],"picked":"Leg Sweep","floor":14},{"not_picked":["Unload","Venomology"],"picked":"Malaise","floor":16},{"not_picked":["Deadly Poison","Quick Slash"],"picked":"PiercingWail+1","floor":18},{"not_picked":["Dagger Spray","Dodge and Roll+1"],"picked":"Terror","floor":20},{"not_picked":["Dodge and Roll","Sucker Punch"],"picked":"Envenom","floor":20},{"not_picked":["Deadly Poison","Outmaneuver+1"],"picked":"Footwork","floor":24},{"not_picked":["Caltrops","Acrobatics"],"picked":"PiercingWail","floor":25},{"not_picked":["Bouncing Flask","Outmaneuver+1","Reflex"],"picked":"SKIP","floor":27},{"not_picked":["Setup","Flying Knee","Bane"],"picked":"SKIP","floor":28},{"not_picked":["Prepared","Flying Knee"],"picked":"Dagger Spray","floor":30},{"not_picked":["Quick Slash","Outmaneuver"],"picked":"Distraction","floor":31}],"player_experience":1988778,"relics_obtained":[{"floor":7,"key":"Centennial Puzzle"},{"floor":9,"key":"MawBank"},{"floor":10,"key":"Bronze Scales"},{"floor":12,"key":"Sundial"},{"floor":13,"key":"Matryoshka"},{"floor":21,"key":"Toy Ornithopter"},{"floor":21,"key":"Ancient Tea Set"},{"floor":25,"key":"CaptainsWheel"},{"floor":26,"key":"Regal Pillow"},{"floor":26,"key":"Strawberry"},{"floor":27,"key":"WingedGreaves"}],"event_choices":[{"damage_healed":0,"gold_gain":0,"player_choice":"Lose Max HP","damage_taken":0,"relics_obtained":["Golden Idol"],"max_hp_gain":0,"max_hp_loss":6,"event_name":"Golden Idol","floor":2,"gold_loss":0},{"cards_removed":["Strike_G"],"damage_healed":0,"gold_gain":0,"player_choice":"Card Removal","damage_taken":0,"max_hp_gain":0,"max_hp_loss":0,"event_name":"The Cleric","floor":3,"gold_loss":75},{"damage_healed":0,"gold_gain":0,"player_choice":"Entered Light","damage_taken":18,"max_hp_gain":0,"max_hp_loss":0,"event_name":"Shining Light","floor":4,"gold_loss":0,"cards_upgraded":["Defend_G","Survivor"]},{"damage_healed":15,"gold_gain":0,"player_choice":"Healed and dodged fight","damage_taken":0,"max_hp_gain":0,"max_hp_loss":0,"event_name":"Mushrooms","floor":11,"gold_loss":0,"cards_obtained":["Parasite"]},{"damage_healed":0,"gold_gain":0,"player_choice":"1 cards matched","damage_taken":0,"max_hp_gain":0,"max_hp_loss":0,"event_name":"Match and Keep!","floor":19,"gold_loss":0,"cards_obtained":["Storm of Steel"]},{"damage_healed":0,"gold_gain":0,"player_choice":"Got Potions","damage_taken":0,"max_hp_gain":0,"max_hp_loss":0,"event_name":"Lab","floor":22,"gold_loss":0}],"is_beta":true,"boss_relics":[{"not_picked":["Busted Crown","Ring of the Serpent"],"picked":"WristBlade"}],"items_purged_floors":[20],"is_endless":false,"potions_floor_spawned":[1,5,16,24,25,27],"killed_by":"Automaton","ascension_level":20}}