{"host":"7tqog9fnhs0gxmti","time":1613360635,"event":{"mods":["AchievementEnabler","Act Like it!","AlwaysNeverKeys","Astrologer","BaseMod","Beaked The Cultist","CapriCore","Colored Map","Colored Powertips","Downfall","Hermit","Highlight Path","Koishi","Marisa????????","Minty Spire (QoL Compilation)","Quick Restart","Random Character Button","Rare Cards Sparkle","Robot Space Explorer","Smile Girya","StSLib","The Bug Knight","The Construct","The Cursed","The Disciple","The Gatherer","The Hayseed","The Marked","everything is the same but u backflip on backflip"],"gold_per_floor":[118,118,118,130,4,32,32,61,61,61,61,81,81,94,94,198,198,209,209,30,30,42,42,54,54,78,177,177,188,188,188,188,290,290,309,359,369,369,381,415,415,433,459,459,487,505,505,605,605,605,605],"floor_reached":50,"language":"ENG","playtime":1335,"items_purged":[],"score":755,"play_id":"5bb25571-bd59-43d7-8a6b-09cf04687207","local_time":"20210215114355","is_ascension_mode":true,"campfire_choices":[{"data":"Envenom","floor":11.0,"key":"SMITH"},{"floor":13.0,"key":"REST"},{"data":"Footwork","floor":15.0,"key":"SMITH"},{"data":"A Thousand Cuts","floor":23.0,"key":"SMITH"},{"floor":25.0,"key":"REST"},{"data":"Infinite Blades","floor":28.0,"key":"SMITH"},{"floor":30.0,"key":"REST"},{"data":"Backflip","floor":32.0,"key":"SMITH"},{"floor":41,"key":"REST"},{"data":"Caltrops","floor":44,"key":"SMITH"},{"floor":49,"key":"REST"}],"circlet_count":0,"master_deck":["Defend_G","Defend_G","Defend_G","Defend_G","Defend_G","Survivor+1","Neutralize","Backflip+1","Deadly Poison","Footwork+1","Dagger Spray+1","Envenom+1","Bane+1","Regret","Cloak And Dagger+1","A Thousand Cuts+1","Slice","Slimebound:Tackle+1","Slimebound:Tackle+1","Infinite Blades+1","Decay","Caltrops+1","Blur+1","Bane","Adrenaline+1","Blade Dance+1","Blade Dance+1","Parasite","Caltrops","Master of Strategy+1"],"relics":["Ring of the Snake","NeowsBlessing","Happy Flower","Toxic Egg 2","Regal Pillow","Letter Opener","construct:RocketBooster","WristBlade","Membership Card","PreservedInsect","beaked:MawFillet","Du-Vu Doll","TheSimpletonMod:WoodChipper","Bronze Scales","Potion Belt"],"acts_visited":["Exordium","TheCity","TheBeyond"],"potions_floor_usage":[50,50,50],"damage_taken":[{"damage":0.0,"enemies":"2 Louse","floor":1.0,"turns":1.0},{"damage":0.0,"enemies":"Jaw Worm","floor":4.0,"turns":1.0},{"damage":0.0,"enemies":"HollowMod:MossKnight","floor":6.0,"turns":1.0},{"damage":27.0,"enemies":"3 Sentries","floor":8.0,"turns":8.0},{"damage":4.0,"enemies":"Small Slimes","floor":12.0,"turns":2.0},{"damage":10.0,"enemies":"Looter","floor":14.0,"turns":3.0},{"damage":8.0,"enemies":"Hexaghost","floor":16.0,"turns":9.0},{"damage":12.0,"enemies":"Chosen","floor":18.0,"turns":5.0},{"damage":22.0,"enemies":"3 Byrds","floor":22.0,"turns":4.0},{"damage":13.0,"enemies":"Centurion and Healer","floor":24.0,"turns":7.0},{"damage":28.0,"enemies":"Snake Plant","floor":29.0,"turns":4.0},{"damage":51.0,"enemies":"Automaton","floor":33.0,"turns":10.0},{"damage":16,"enemies":"Orb Walker","floor":35,"turns":4},{"damage":1,"enemies":"Mind Bloom Boss Battle","floor":36,"turns":4},{"damage":8,"enemies":"3 Darklings","floor":37,"turns":2},{"damage":31,"enemies":"Spire Growth","floor":39,"turns":4},{"damage":5,"enemies":"Giant Head","floor":40,"turns":5},{"damage":16,"enemies":"4 Shapes","floor":42,"turns":2},{"damage":31,"enemies":"beaked:SuperParasite","floor":45,"turns":6},{"damage":3,"enemies":"Writhing Mass","floor":46,"turns":4},{"damage":52,"enemies":"Time Eater","floor":50,"turns":4}],"seed_played":"3302611084089613787","potions_obtained":[{"floor":8.0,"key":"GamblersBrew"},{"floor":12.0,"key":"Swift Potion"},{"floor":14.0,"key":"Strength Potion"},{"floor":18.0,"key":"Guardian:BlockOnCardUsePotion"},{"floor":33.0,"key":"hexamod:SoulburnPotion"},{"floor":37,"key":"BlessingOfTheForge"},{"floor":39,"key":"LiquidBronze"}],"is_trial":false,"path_per_floor":["M","?","?","M","$","E","T","E","T","?","R","M","R","M","R","B",null,"M","?","$","?","M","R","M","R","T","?","R","M","R","?","R","B",null,"M","?","M","?","M","E","R","M","T","R","E","M","?","?","R","B"],"character_chosen":"THE_SILENT","items_purchased":["Footwork","Dagger Spray","Membership Card","Infinite Blades"],"campfire_rested":5,"item_purchase_floors":[5,5,20,20],"current_hp_per_floor":[63,63,56,56,56,56,56,29,29,29,29,25,61,51,51,43,63,51,51,51,51,29,29,16,52,52,52,52,24,60,60,60,9,55,39,38,30,61,30,25,58,42,42,42,11,8,8,8,41,0,0],"gold":605,"neow_bonus":"THREE_ENEMY_KILL","is_daily":false,"chose_seed":false,"campfire_upgraded":6,"win_rate":0.0,"timestamp":1613360635,"path_taken":["M","?","?","M","$","E","?","E","T","?","R","M","R","M","R","BOSS","M","?","$","?","?","R","M","R","T","?","R","M","R","?","R","BOSS","M","?","M","?","M","E","R","M","T","R","E","M","?","?","R","BOSS"],"items_purchased_type":["Card","Card","Relic","Card"],"build_version":"2020-12-22","purchased_purges":0,"victory":false,"max_hp_per_floor":[70,70,70,70,70,70,70,70,70,70,70,70,70,70,70,70,70,70,70,70,70,70,70,70,70,70,70,70,70,70,70,70,70,70,70,70,70,61,61,61,61,61,61,61,61,61,61,61,61,61,61],"card_choices":[{"not_picked":["Deflect","Outmaneuver"],"picked":"Backflip","floor":1.0},{"not_picked":["Dodge and Roll","Well Laid Plans"],"picked":"Deadly Poison","floor":4.0},{"not_picked":["Blade Dance","Riddle With Holes"],"picked":"Envenom","floor":6.0},{"not_picked":["Reflex+1","Phantasmal Killer+1"],"picked":"Bane","floor":8.0},{"not_picked":["Predator","PiercingWail+1","Choke"],"picked":"SKIP","floor":12.0},{"not_picked":["Finisher","Dagger Throw"],"picked":"Cloak And Dagger+1","floor":14.0},{"not_picked":["Glass Knife","Bullet Time+1"],"picked":"A Thousand Cuts","floor":16.0},{"not_picked":["Deadly Poison+1","PiercingWail+1"],"picked":"Slice","floor":18.0},{"not_picked":["Slice+1","Tactician+1"],"picked":"Caltrops","floor":22.0},{"not_picked":["Predator+1","Catalyst+1","Dagger Spray"],"picked":"SKIP","floor":24.0},{"not_picked":["Blade Dance+1","Acrobatics+1"],"picked":"Blur+1","floor":29.0},{"not_picked":["Corpse Explosion+1","Phantasmal Killer+1"],"picked":"Adrenaline+1","floor":33.0},{"not_picked":["PiercingWail+1","Quick Slash+1"],"picked":"Blade Dance+1","floor":35},{"not_picked":["Reflex+1","Deadly Poison+1","Finisher+1"],"picked":"SKIP","floor":37},{"not_picked":["Concentrate+1","Prepared+1","Calculated Gamble+1"],"picked":"SKIP","floor":39},{"not_picked":["Underhanded Strike","Concentrate+1","Crippling Poison+1"],"picked":"SKIP","floor":40},{"not_picked":["Quick Slash","Flying Knee+1","Footwork"],"picked":"SKIP","floor":42},{"not_picked":["PiercingWail+1","Calculated Gamble+1"],"picked":"Blade Dance+1","floor":45},{"not_picked":["Bouncing Flask+1","Dagger Spray+1"],"picked":"Caltrops","floor":46},{"not_picked":["Dramatic Entrance","Purity+1"],"picked":"Master of Strategy+1","floor":47}],"player_experience":931217,"relics_obtained":[{"floor":6.0,"key":"Happy Flower"},{"floor":7.0,"key":"Toxic Egg 2"},{"floor":8.0,"key":"Regal Pillow"},{"floor":9.0,"key":"Letter Opener"},{"floor":26.0,"key":"PreservedInsect"},{"floor":36,"key":"Du-Vu Doll"},{"floor":40,"key":"TheSimpletonMod:WoodChipper"},{"floor":43,"key":"Bronze Scales"},{"floor":45,"key":"Potion Belt"}],"event_choices":[{"damage_healed":0.0,"max_hp_gain":0.0,"max_hp_loss":0.0,"gold_gain":0.0,"event_name":"Living Wall","player_choice":"Grow","floor":2.0,"gold_loss":0.0,"damage_taken":0.0,"cards_upgraded":["Survivor"]},{"cards_removed":["Strike_G"],"damage_healed":0.0,"max_hp_gain":0.0,"max_hp_loss":0.0,"gold_gain":0.0,"event_name":"Golden Wing","player_choice":"Card Removal","floor":3.0,"gold_loss":0.0,"damage_taken":7.0},{"damage_healed":0.0,"max_hp_gain":0.0,"max_hp_loss":0.0,"gold_gain":0.0,"event_name":"Big Fish","player_choice":"Box","floor":10.0,"gold_loss":0.0,"damage_taken":0.0,"relics_obtained":["construct:RocketBooster"],"cards_obtained":["Regret"]},{"damage_healed":0.0,"max_hp_gain":0.0,"max_hp_loss":0.0,"gold_gain":0.0,"event_name":"Wheel of Change","player_choice":"Cursed","floor":21.0,"gold_loss":0.0,"damage_taken":0.0,"cards_obtained":["Decay"]},{"damage_healed":0.0,"max_hp_gain":0.0,"max_hp_loss":0.0,"gold_gain":99.0,"event_name":"Nest","player_choice":"Stole From Cult","floor":27.0,"gold_loss":0.0,"damage_taken":0.0},{"damage_healed":0.0,"max_hp_gain":0.0,"max_hp_loss":0.0,"gold_gain":0.0,"cards_transformed":["Slimebound:Tackle"],"event_name":"Transmorgrifier","player_choice":"Transformed","floor":31.0,"gold_loss":0.0,"damage_taken":0.0,"cards_obtained":["Bane"]},{"damage_healed":0,"gold_gain":0,"player_choice":"Fight","damage_taken":0,"max_hp_gain":0,"max_hp_loss":0,"event_name":"MindBloom","floor":36,"gold_loss":0},{"damage_healed":61,"gold_gain":0,"player_choice":"Heal","damage_taken":0,"max_hp_gain":0,"max_hp_loss":9,"event_name":"The Moai Head","floor":38,"gold_loss":0},{"damage_healed":0,"gold_gain":0,"player_choice":"Memory 1","damage_taken":0,"max_hp_gain":0,"max_hp_loss":0,"event_name":"SensoryStone","floor":47,"gold_loss":0},{"damage_healed":0,"gold_gain":100,"player_choice":"Pray","damage_taken":0,"max_hp_gain":0,"max_hp_loss":0,"event_name":"Golden Shrine","floor":48,"gold_loss":0}],"is_beta":false,"boss_relics":[{"not_picked":["Runic Dome","Pandora\u0027s Box"],"picked":"WristBlade"},{"not_picked":["construct:WeddingRing","Fusion Hammer"],"picked":"beaked:MawFillet"}],"items_purged_floors":[],"is_endless":false,"potions_floor_spawned":[8,12,14,18,33,37,39],"killed_by":"Time Eater","ascension_level":6}}