{"host":"bq4pt811tk9yrmjl","time":1613415169,"event":{"mods":["AchievementEnabler","BaseMod","Colored Map","Colored Powertips","Defuse TimeMaze Blight","Hermit","Minty Spire (QoL Compilation)","Smile Girya","StSLib","SuperFastMode"],"gold_per_floor":[114,134,134,134,134,168,188,188,211,290,303,45,65,83,83,183,183,202,216,230,75,174,174,174],"floor_reached":23,"language":"ENG","playtime":317,"items_purged":[],"score":229,"play_id":"8d02b3c3-e4f5-4197-9016-4c1ab94a1041","local_time":"20210215165249","is_ascension_mode":true,"campfire_choices":[{"data":"Inflame","floor":8,"key":"SMITH"},{"data":"Rampage","floor":15,"key":"SMITH"}],"circlet_count":0,"master_deck":["Strike_R","Strike_R","Strike_R","Strike_R","Strike_R+1","Defend_R","Defend_R","Defend_R","Defend_R","Bash","Anger+1","Inflame+1","Clash","Rampage+1"],"relics":["Black Blood","NeowsBlessing","MealTicket","Nunchaku","Shuriken","Ancient Tea Set"],"acts_visited":["Exordium","TheCity"],"potions_floor_usage":[2,16,16,19],"damage_taken":[{"damage":0,"enemies":"2 Louse","floor":1,"turns":1},{"damage":0,"enemies":"Jaw Worm","floor":2,"turns":1},{"damage":0,"enemies":"Gremlin Nob","floor":6,"turns":1},{"damage":5,"enemies":"Small Slimes","floor":7,"turns":2},{"damage":5,"enemies":"Looter","floor":11,"turns":2},{"damage":7,"enemies":"Gremlin Gang","floor":13,"turns":4},{"damage":13,"enemies":"Lots of Slimes","floor":14,"turns":4},{"damage":19,"enemies":"The Guardian","floor":16,"turns":8},{"damage":25,"enemies":"Shell Parasite","floor":18,"turns":5},{"damage":25,"enemies":"2 Thieves","floor":19,"turns":3},{"damage":52,"enemies":"Cultist and Chosen","floor":20,"turns":7},{"damage":23,"enemies":"Gremlin Leader","floor":23,"turns":2}],"seed_played":"7276474772004875236","potions_obtained":[{"floor":2,"key":"EntropicBrew"},{"floor":20,"key":"ElixirPotion"}],"is_trial":false,"path_per_floor":["M","M","?","?","?","E","M","R","T","?","M","$","M","M","R","B",null,"M","M","M","$","?","E"],"character_chosen":"IRONCLAD","items_purchased":["Shuriken","Ancient Tea Set"],"campfire_rested":0,"item_purchase_floors":[12,21],"current_hp_per_floor":[80,80,80,77,61,67,68,68,68,68,69,80,79,72,72,59,80,67,54,14,29,29,6,6],"gold":174,"neow_bonus":"THREE_ENEMY_KILL","is_daily":false,"chose_seed":false,"campfire_upgraded":2,"win_rate":0.0,"timestamp":1613415169,"path_taken":["M","M","?","?","?","E","M","R","T","?","M","?","?","M","R","BOSS","M","M","?","$","?","E"],"items_purchased_type":["Relic","Relic"],"build_version":"2020-12-22","purchased_purges":0,"victory":false,"max_hp_per_floor":[80,80,80,80,80,80,80,80,80,80,80,80,80,80,80,80,80,80,80,80,80,80,80,80],"card_choices":[{"not_picked":["Clothesline","Thunderclap"],"picked":"Anger","floor":1},{"not_picked":["Fire Breathing","Perfected Strike"],"picked":"Inflame","floor":2},{"not_picked":["Pommel Strike","Reaper"],"picked":"Clash","floor":6},{"not_picked":["Perfected Strike","Havoc","Feel No Pain"],"picked":"SKIP","floor":7},{"not_picked":["Anger","Sever Soul","Dual Wield"],"picked":"SKIP","floor":11},{"not_picked":["Iron Wave","Pummel"],"picked":"Rampage","floor":13},{"not_picked":["Pommel Strike","Warcry","Body Slam"],"picked":"SKIP","floor":14},{"not_picked":["Flex+1","Carnage","Armaments"],"picked":"SKIP","floor":18},{"not_picked":["Sword Boomerang","Havoc","Clothesline"],"picked":"SKIP","floor":19},{"not_picked":["Thunderclap+1","Burning Pact","Headbutt"],"picked":"SKIP","floor":20}],"player_experience":307336,"relics_obtained":[{"floor":6,"key":"Nunchaku"}],"event_choices":[{"damage_healed":0,"gold_gain":0,"player_choice":"Leave","damage_taken":0,"max_hp_gain":0,"max_hp_loss":0,"event_name":"The Cleric","floor":3,"gold_loss":0},{"damage_healed":0,"gold_gain":0,"player_choice":"Success","damage_taken":3,"relics_obtained":["MealTicket"],"max_hp_gain":0,"max_hp_loss":0,"event_name":"Scrap Ooze","floor":4,"gold_loss":0},{"damage_healed":0,"gold_gain":0,"player_choice":"Entered Light","damage_taken":16,"max_hp_gain":0,"max_hp_loss":0,"event_name":"Shining Light","floor":5,"gold_loss":0,"cards_upgraded":["Anger","Strike_R"]},{"damage_healed":0,"gold_gain":79,"player_choice":"Gained Gold","damage_taken":0,"max_hp_gain":0,"max_hp_loss":0,"event_name":"Golden Wing","floor":10,"gold_loss":0},{"damage_healed":0,"gold_gain":99,"player_choice":"Stole From Cult","damage_taken":0,"max_hp_gain":0,"max_hp_loss":0,"event_name":"Nest","floor":22,"gold_loss":0}],"is_beta":false,"boss_relics":[{"not_picked":["Ectoplasm","SacredBark"],"picked":"Black Blood"}],"items_purged_floors":[],"is_endless":false,"potions_floor_spawned":[2,11,13,20],"killed_by":"Gremlin Leader","ascension_level":1}}