{"host":"blhqr6uo32maonpv","time":1613422492,"event":{"mods":["BaseMod","Conspire","Downfall","Minty Spire (QoL Compilation)","StSLib","The Bug Knight","The Marked"],"gold_per_floor":[116,35,55,66,66,96,96,130,130,130,149,180,180,255,255,380,380,399,399,75,95,95,95],"floor_reached":22,"language":"ENG","playtime":707,"items_purged":[],"score":192,"play_id":"895206dd-aa84-4672-bcc7-7ffe6414293b","local_time":"20210215165452","is_ascension_mode":false,"campfire_choices":[{"data":"Defragment","floor":7,"key":"SMITH"},{"floor":10,"key":"REST"},{"data":"Storm","floor":15,"key":"SMITH"}],"circlet_count":0,"master_deck":["Strike_B","Strike_B","Strike_B","Strike_B","Defend_B","Defend_B","Defend_B","Defend_B","Zap","Dualcast","Conserve Battery","Defragment+1","Lockon","Beam Cell","Conserve Battery","Ball Lightning","conspire:SharedLibrary","Storm+1","Amplify","Double Energy+1","Storm","Coolheaded","Static Discharge+1"],"relics":["Cracked Core","PreservedInsect","Torii","Question Card","Boot","Golden Idol","Black Star","Mummified Hand"],"acts_visited":["Exordium","TheCity"],"potions_floor_usage":[12,12,12,12,16,18,21,22],"damage_taken":[{"damage":0,"enemies":"Cultist","floor":1,"turns":3},{"damage":0,"enemies":"2 Louse","floor":3,"turns":3},{"damage":0,"enemies":"conspire:RoseBush","floor":4,"turns":3},{"damage":18,"enemies":"HollowMod:MossKnight","floor":6,"turns":9},{"damage":4,"enemies":"conspire:MimicChest","floor":8,"turns":5},{"damage":0,"enemies":"2 Fungi Beasts","floor":11,"turns":2},{"damage":1,"enemies":"Lagavulin","floor":12,"turns":3},{"damage":14,"enemies":"Hexaghost","floor":16,"turns":8},{"damage":21,"enemies":"2 Thieves","floor":18,"turns":3},{"damage":66,"enemies":"3 Cultists","floor":21,"turns":6},{"damage":6,"enemies":"Centurion and Healer","floor":22,"turns":1}],"seed_played":"-8635113116558957681","potions_obtained":[{"floor":1,"key":"Dexterity Potion"},{"floor":8,"key":"hexamod:SoulburnPotion"},{"floor":11,"key":"EntropicBrew"},{"floor":16,"key":"Regen Potion"},{"floor":21,"key":"Fire Potion"}],"is_trial":false,"path_per_floor":["M","$","M","M","$","E","R","?","T","R","M","E","?","?","R","B",null,"M","?","$","M","M"],"character_chosen":"DEFECT","items_purchased":["Defragment","Storm","Coolheaded","Mummified Hand"],"campfire_rested":1,"item_purchase_floors":[2,20,20,20],"current_hp_per_floor":[82,82,82,82,82,64,64,60,60,82,82,81,61,50,50,36,82,61,61,61,4,0,0],"gold":95,"neow_bonus":"TEN_PERCENT_HP_BONUS","is_daily":false,"chose_seed":false,"campfire_upgraded":2,"win_rate":0.0,"timestamp":1613422492,"path_taken":["M","$","M","?","?","E","R","?","T","R","M","E","?","?","R","BOSS","M","?","$","M","M"],"items_purchased_type":["Card","Card","Card","Relic"],"build_version":"2020-12-22","purchased_purges":0,"victory":false,"max_hp_per_floor":[82,82,82,82,82,82,82,82,82,82,82,82,82,82,82,82,82,82,82,82,82,82,82],"card_choices":[{"not_picked":["Heatsinks","Streamline"],"picked":"Conserve Battery","floor":1},{"not_picked":["Glacier","Barrage"],"picked":"Lockon","floor":3},{"not_picked":["Gash","Streamline"],"picked":"Beam Cell","floor":4},{"not_picked":["Compile Driver","Hologram"],"picked":"Conserve Battery","floor":6},{"not_picked":["Streamline","Beam Cell"],"picked":"Ball Lightning","floor":8},{"not_picked":["Sweeping Beam","Fission","Go for the Eyes"],"picked":"conspire:SharedLibrary","floor":11},{"not_picked":["Force Field","Defragment","Barrage"],"picked":"Storm","floor":12},{"not_picked":["Multi-Cast","Biased Cognition","Seek"],"picked":"Amplify","floor":16},{"not_picked":["Stack","Streamline+1","Ball Lightning"],"picked":"Double Energy+1","floor":18},{"not_picked":["Storm","Ball Lightning+1","Gash"],"picked":"Static Discharge+1","floor":21}],"player_experience":15763,"relics_obtained":[{"floor":6,"key":"PreservedInsect"},{"floor":8,"key":"Torii"},{"floor":9,"key":"Question Card"},{"floor":12,"key":"Boot"}],"event_choices":[{"damage_healed":0,"gold_gain":0,"player_choice":"Take Damage","damage_taken":20,"relics_obtained":["Golden Idol"],"max_hp_gain":0,"max_hp_loss":0,"event_name":"Golden Idol","floor":13,"gold_loss":0},{"damage_healed":0,"gold_gain":75,"player_choice":"Gather Gold","damage_taken":11,"max_hp_gain":0,"max_hp_loss":0,"event_name":"World of Goop","floor":14,"gold_loss":0},{"damage_healed":0,"gold_gain":0,"player_choice":"Ignored","damage_taken":0,"max_hp_gain":0,"max_hp_loss":0,"event_name":"Beggar","floor":19,"gold_loss":0}],"is_beta":false,"boss_relics":[{"not_picked":["Ectoplasm","conspire:RoyalGoblet"],"picked":"Black Star"}],"items_purged_floors":[],"is_endless":false,"potions_floor_spawned":[1,8,11,16,21],"killed_by":"Centurion and Healer","ascension_level":0}}