{"host":"6ggzka4dag2kvku2","time":1613397064,"event":{"mods":["AchievementEnabler","BaseMod","DeckTracker","Minty Spire (QoL Compilation)","Permanent Neow","Quick Restart","SuperFastMode"],"gold_per_floor":[110,130,142,156,156,188,188,221,221,221,232,262,276,295,295,400,400,412,337,351,365,377,377,377],"floor_reached":23,"language":"KOR","playtime":608,"items_purged":[],"score":207,"play_id":"46321866-e4c7-4c5e-9f90-a2f497bd7f0a","local_time":"20210215225104","is_ascension_mode":false,"campfire_choices":[{"data":"Sunder","floor":7,"key":"SMITH"},{"data":"White Noise","floor":10,"key":"SMITH"},{"data":"Defragment","floor":15,"key":"SMITH"}],"circlet_count":0,"master_deck":["Strike_B+1","Strike_B","Strike_B+1","Defend_B","Defend_B","Defend_B","Defend_B","Zap","Dualcast","White Noise+1","Steam","Electrodynamics+1","Ball Lightning","Sunder+1","Auto Shields","Loop","Conserve Battery","Coolheaded","Double Energy","Defragment+1","Reboot","Cold Snap+1","Rip and Tear+1","Hologram+1","Defragment","Melter+1","Biased Cognition","Heatsinks"],"relics":["Cracked Core","Prayer Wheel","Pen Nib","Whetstone","Vajra","SlaversCollar"],"acts_visited":["Exordium","TheCity"],"potions_floor_usage":[16,23],"damage_taken":[{"damage":0,"enemies":"2 Louse","floor":1,"turns":1},{"damage":0,"enemies":"Small Slimes","floor":2,"turns":2},{"damage":1,"enemies":"Jaw Worm","floor":3,"turns":3},{"damage":16,"enemies":"Exordium Wildlife","floor":4,"turns":3},{"damage":6,"enemies":"3 Sentries","floor":6,"turns":4},{"damage":15,"enemies":"Gremlin Nob","floor":8,"turns":4},{"damage":0,"enemies":"2 Fungi Beasts","floor":11,"turns":2},{"damage":0,"enemies":"Gremlin Gang","floor":13,"turns":3},{"damage":6,"enemies":"Large Slime","floor":14,"turns":4},{"damage":7,"enemies":"Hexaghost","floor":16,"turns":6},{"damage":33,"enemies":"2 Thieves","floor":18,"turns":4},{"damage":7,"enemies":"Shell Parasite","floor":20,"turns":4},{"damage":0,"enemies":"Cultist and Chosen","floor":21,"turns":4},{"damage":26,"enemies":"Shelled Parasite and Fungi","floor":22,"turns":6},{"damage":4,"enemies":"Book of Stabbing","floor":23,"turns":2}],"seed_played":"1772385405934604687","potions_obtained":[{"floor":1,"key":"Strength Potion"},{"floor":6,"key":"Dexterity Potion"},{"floor":13,"key":"GamblersBrew"},{"floor":18,"key":"BlessingOfTheForge"}],"is_trial":false,"path_per_floor":["M","M","M","M","?","E","R","E","T","R","M","?","M","M","R","B",null,"M","?","M","M","M","E"],"character_chosen":"DEFECT","items_purchased":[],"campfire_rested":0,"item_purchase_floors":[],"current_hp_per_floor":[68,68,67,51,51,45,45,30,30,30,30,30,30,24,24,17,68,35,35,28,28,2,0,0],"gold":377,"neow_bonus":"ONE_RARE_RELIC","is_daily":false,"chose_seed":false,"campfire_upgraded":3,"win_rate":0.0,"timestamp":1613397064,"path_taken":["M","M","M","M","?","E","R","E","T","R","M","?","M","M","R","BOSS","M","?","M","M","M","E"],"items_purchased_type":[],"build_version":"2020-12-22","purchased_purges":0,"victory":false,"max_hp_per_floor":[68,68,68,68,68,68,68,68,68,68,68,68,68,68,68,68,68,68,68,68,68,68,68,68],"card_choices":[{"not_picked":["Sunder","Streamline"],"picked":"White Noise","floor":1},{"not_picked":["Rebound","Sweeping Beam"],"picked":"Steam","floor":1},{"not_picked":["Storm","Coolheaded"],"picked":"Electrodynamics","floor":2},{"not_picked":["Go for the Eyes","Hello World"],"picked":"Ball Lightning","floor":2},{"not_picked":["Hologram","Compile Driver"],"picked":"Sunder","floor":3},{"not_picked":["Compile Driver","Streamline"],"picked":"Auto Shields","floor":3},{"not_picked":["Melter","Reprogram"],"picked":"Loop","floor":4},{"not_picked":["Undo","Hyperbeam","Beam Cell"],"picked":"SKIP","floor":4},{"not_picked":["Compile Driver","Reprogram","Amplify"],"picked":"SKIP","floor":6},{"not_picked":["Doom and Gloom","All For One","Streamline"],"picked":"SKIP","floor":8},{"not_picked":["Turbo","Auto Shields"],"picked":"Conserve Battery","floor":11},{"not_picked":["Darkness","Lockon"],"picked":"Coolheaded","floor":11},{"not_picked":["Blizzard","FTL"],"picked":"Double Energy","floor":13},{"not_picked":["Aggregate","Cold Snap","Coolheaded"],"picked":"SKIP","floor":13},{"not_picked":["Ball Lightning","Streamline"],"picked":"Defragment","floor":14},{"not_picked":["Turbo","Hello World","Conserve Battery"],"picked":"SKIP","floor":14},{"not_picked":["All For One","Multi-Cast"],"picked":"Reboot","floor":16},{"not_picked":["Stack","Conserve Battery"],"picked":"Cold Snap+1","floor":18},{"not_picked":["Darkness","Melter"],"picked":"Rip and Tear+1","floor":18},{"not_picked":["Consume","Cold Snap"],"picked":"Hologram+1","floor":20},{"not_picked":["Barrage","Streamline+1","Coolheaded"],"picked":"SKIP","floor":20},{"not_picked":["Go for the Eyes","Cold Snap+1"],"picked":"Defragment","floor":21},{"not_picked":["Consume","Leap"],"picked":"Melter+1","floor":21},{"not_picked":["Rebound","Go for the Eyes"],"picked":"Biased Cognition","floor":22},{"not_picked":["Storm","Steam"],"picked":"Heatsinks","floor":22}],"player_experience":65902,"relics_obtained":[{"floor":6,"key":"Pen Nib"},{"floor":8,"key":"Whetstone"},{"floor":9,"key":"Vajra"}],"event_choices":[{"damage_healed":0,"gold_gain":0,"player_choice":"Grow","damage_taken":0,"max_hp_gain":0,"max_hp_loss":0,"event_name":"Living Wall","floor":5,"gold_loss":0,"cards_upgraded":["Electrodynamics"]},{"damage_healed":0,"gold_gain":30,"player_choice":"Searched \u00272\u0027 times","damage_taken":0,"max_hp_gain":0,"max_hp_loss":0,"event_name":"Dead Adventurer","floor":12,"gold_loss":0},{"cards_removed":["Strike_B"],"damage_healed":0,"gold_gain":0,"player_choice":"Gave Gold","damage_taken":0,"max_hp_gain":0,"max_hp_loss":0,"event_name":"Beggar","floor":19,"gold_loss":75}],"is_beta":false,"boss_relics":[{"not_picked":["Ectoplasm","Runic Pyramid"],"picked":"SlaversCollar"}],"items_purged_floors":[],"is_endless":false,"potions_floor_spawned":[1,6,13,18,22],"killed_by":"Book of Stabbing","ascension_level":0}}