{"host":"lehbxtjrpalkmwwj","time":1613389706,"event":{"mods":["ATMod(°¢èªMod)","Aspiration","BaseMod","Challenge The Spire","Colored Map","Colored Powertips","Conspire","Dota2Spire","Energized Spire","Hunter ÁÔÈË","Minty Spire (QoL Compilation)","Quick Restart","Relic Stats","Reliquary","Replay The Spire","Spicy Shops","StSLib","TestMod","The Cursed","The IronCluck","The Poker Player","Waifu the Spire","Wide Potions","[IsaacMod]ÒÔÈö¼âËþ","¡¾ÒÅÎï¿¨ÅÆ¡¿REMEMod","É³µñ²ÄÖÊ°ümod","óô»ðÖ¸ÄÏ"],"gold_per_floor":[197,247,266,285,107,107,107,107],"floor_reached":6,"language":"ZHS","playtime":401,"items_purged":["Shame","Spreading Infection"],"score":40,"play_id":"326d8263-49f0-4bd9-8ab9-f648f850acb5","local_time":"20210215194826","is_ascension_mode":true,"metric_token":1750,"campfire_choices":[],"circlet_count":0,"master_deck":["PokerPlayerMod:Diamond1","PokerPlayerMod:Diamond2","PokerPlayerMod:Diamond3","PokerPlayerMod:Diamond4","PokerPlayerMod:Diamond5","PokerPlayerMod:Spade4","PokerPlayerMod:Spade2","PokerPlayerMod:Spade6","PokerPlayerMod:Spade4","PokerPlayerMod:Club1","PokerPlayerMod:Club2","PokerPlayerMod:Heart2","PokerPlayerMod:TrumpStrike","PokerPlayerMod:BadJoker","PokerPlayerMod:Mulligan","EpicFetus","AT_FamilyPortrait","PokerPlayerMod:CloakAndDiamond","Looming Evil","PokerPlayerMod:Diamond4","PokerPlayerMod:SecondChance","Sickly","PokerPlayerMod:GamblerForm+1","testmod-Superconductor+1"],"relics":["PokerPlayerMod:DeckCase","HushsDoor","AT_ATBox","testmod-TestBox","REME_ComplimentaryCards","aspiration:Nostalgia","PureWater","testmod-InjuryResistance","Ring of Fangs","Ring of Greed","Membership Card","Golden Egg","Lee\u0027s Waffle","BloodBag","Omamori","Juzu Bracelet","PokerPlayerMod:PenAndEraser"],"acts_visited":["Exordium"],"potions_floor_usage":[],"damage_taken":[{"damage":0,"enemies":"2 Louse","floor":1,"turns":1},{"damage":0,"enemies":"Cultist","floor":3,"turns":2},{"damage":0,"enemies":"Small Slimes","floor":4,"turns":2},{"damage":18,"enemies":"Lagavulin","floor":6,"turns":5}],"seed_played":"9171195119013316445","potions_obtained":[{"floor":4,"key":"AttackPotion"}],"is_trial":false,"path_per_floor":["M","?","M","M","$","E"],"character_chosen":"THE_POKER_PLAYER","items_purchased":["Lee\u0027s Waffle","Omamori","Juzu Bracelet","PokerPlayerMod:PenAndEraser","PokerPlayerMod:GamblerForm","testmod-Superconductor","FairyPotion"],"campfire_rested":0,"item_purchase_floors":[5,5,5,5,5,5,5],"current_hp_per_floor":[41,41,47,51,58,42,42,42],"gold":107,"neow_bonus":"NOSTALGIA","is_daily":false,"chose_seed":false,"campfire_upgraded":0,"win_rate":0.0,"timestamp":1613389706,"path_taken":["M","?","?","M","$","E"],"items_purchased_type":["Relic","Relic","Relic","Relic","Card","Card","Potion"],"build_version":"2020-12-22","purchased_purges":2,"victory":false,"max_hp_per_floor":[52,52,52,52,66,66,66,66],"relic_stats":{"Lee\u0027s Waffle":57,"counters":[4,9],"Juzu Bracelet":0,"obtain_stats":[{"KeepersGift":0,"Golden Egg":2,"Lee\u0027s Waffle":5,"AT_ATBox":0,"testmod-TestBox":0,"PokerPlayerMod:PenAndEraser":5,"aspiration:Nostalgia":0,"Omamori":5,"Juzu Bracelet":5,"Ring of Greed":2,"BloodBag":5,"PokerPlayerMod:DeckCase":0,"testmod-InjuryResistance":0,"Ring of Fangs":2,"Membership Card":2,"PureWater":0,"HushsDoor":0,"REME_ComplimentaryCards":0,"BloodDonationMachine":0},{"KeepersGift":0,"Golden Egg":1,"Lee\u0027s Waffle":3,"AT_ATBox":0,"testmod-TestBox":0,"PokerPlayerMod:PenAndEraser":3,"aspiration:Nostalgia":0,"Omamori":3,"Juzu Bracelet":3,"Ring of Greed":1,"BloodBag":3,"PokerPlayerMod:DeckCase":0,"testmod-InjuryResistance":0,"Ring of Fangs":1,"Membership Card":1,"PureWater":0,"HushsDoor":0,"REME_ComplimentaryCards":0,"BloodDonationMachine":0},{"KeepersGift":0,"Golden Egg":1,"Lee\u0027s Waffle":5,"AT_ATBox":0,"testmod-TestBox":0,"PokerPlayerMod:PenAndEraser":5,"aspiration:Nostalgia":0,"Omamori":5,"Juzu Bracelet":5,"Ring of Greed":1,"BloodBag":5,"PokerPlayerMod:DeckCase":0,"testmod-InjuryResistance":0,"Ring of Fangs":1,"Membership Card":1,"PureWater":0,"HushsDoor":0,"REME_ComplimentaryCards":0,"BloodDonationMachine":0}]},"card_choices":[{"not_picked":[],"picked":"EpicFetus","floor":0},{"not_picked":["PokerPlayerMod:Spade4","Bomb"],"picked":"PokerPlayerMod:CloakAndDiamond","floor":1},{"not_picked":["PokerPlayerMod:DiamondStrike","PokerPlayerMod:ClubStrike"],"picked":"PokerPlayerMod:Diamond4","floor":3},{"not_picked":["PokerPlayerMod:Heart2","PokerPlayerMod:Spade4"],"picked":"PokerPlayerMod:SecondChance","floor":4}],"player_experience":184673,"relics_obtained":[{"floor":2,"key":"Ring of Fangs"},{"floor":2,"key":"Ring of Greed"},{"floor":2,"key":"Membership Card"},{"floor":2,"key":"Golden Egg"}],"event_choices":[],"is_beta":false,"boss_relics":[],"items_purged_floors":[5,5],"is_endless":false,"potions_floor_spawned":[4],"killed_by":"Lagavulin","ascension_level":2}}