{"host":"wqdhni9hq4z6pe8c","time":1613423018,"event":{"mods":["BaseMod","Colored Map","Downfall","Highlight Path","Minty Spire (QoL Compilation)","StSLib"],"gold_per_floor":[113,113,131,131,131,131,150,180,203,59,73,73,91,105,105,203,203,213,81,81,41,41,41,72,72,72,84,96,127,127,139,139,235,235,248,248,298,53,73,101,115,115,115,115,40,58,58,68,68,68,68],"floor_reached":50,"language":"ENG","playtime":2974,"items_purged":["Strike_B","Shame"],"score":561,"play_id":"9448c564-76f3-4148-a526-f6da82c15244","local_time":"20210215150338","is_ascension_mode":true,"campfire_choices":[{"data":"Zap","floor":6,"key":"SMITH"},{"floor":15,"key":"REST"},{"data":"Genetic Algorithm","floor":23,"key":"SMITH"},{"data":"Storm","floor":30,"key":"SMITH"},{"data":"Reinforced Body","floor":32,"key":"SMITH"},{"data":"Electrodynamics","floor":42,"key":"SMITH"},{"data":"Amplify","floor":44,"key":"SMITH"},{"data":"Seek","floor":49,"key":"SMITH"}],"circlet_count":0,"master_deck":["Strike_B+1","Strike_B+1","Defend_B","Defend_B","Defend_B","Zap+1","Dualcast","Creative AI+1","Ball Lightning+1","Sweeping Beam","Hologram","Reinforced Body+1","Biased Cognition","Genetic Algorithm+1","BootSequence","Heatsinks","Electrodynamics+1","Storm+1","Rebound","Self Repair","Conserve Battery","Leap","Tempest+1","Seek+1","Rebound","Beam Cell+1","Turbo+1","Amplify+1","Static Discharge","Redo+1","Decay","Reinforced Body+1"],"relics":["Cracked Core","Oddly Smooth Stone","Whetstone","Sozu","WingedGreaves","Mercury Hourglass","Nunchaku","Centennial Puzzle","Nuclear Battery","Torii","Lee\u0027s Waffle","CaptainsWheel","Toxic Egg 2"],"acts_visited":["Exordium","TheCity","TheBeyond"],"potions_floor_usage":[16,50],"damage_taken":[{"damage":11,"enemies":"Jaw Worm","floor":1,"turns":4},{"damage":0,"enemies":"Small Slimes","floor":3,"turns":2},{"damage":13,"enemies":"2 Louse","floor":7,"turns":2},{"damage":32,"enemies":"3 Sentries","floor":8,"turns":5},{"damage":0,"enemies":"Large Slime","floor":11,"turns":4},{"damage":8,"enemies":"Red Slaver","floor":13,"turns":4},{"damage":3,"enemies":"Gremlin Gang","floor":14,"turns":4},{"damage":15,"enemies":"Slime Boss","floor":16,"turns":7},{"damage":0,"enemies":"Chosen","floor":18,"turns":4},{"damage":68,"enemies":"Book of Stabbing","floor":24,"turns":7},{"damage":0,"enemies":"Shell Parasite","floor":27,"turns":4},{"damage":9,"enemies":"3 Cultists","floor":28,"turns":4},{"damage":26,"enemies":"Gremlin Leader","floor":29,"turns":5},{"damage":1,"enemies":"Centurion and Healer","floor":31,"turns":2},{"damage":10,"enemies":"Automaton","floor":33,"turns":6},{"damage":7,"enemies":"Orb Walker","floor":35,"turns":3},{"damage":26,"enemies":"Mind Bloom Boss Battle","floor":37,"turns":4},{"damage":7,"enemies":"3 Darklings","floor":39,"turns":2},{"damage":26,"enemies":"Reptomancer","floor":40,"turns":5},{"damage":8,"enemies":"4 Shapes","floor":41,"turns":3},{"damage":0,"enemies":"Transient","floor":46,"turns":5},{"damage":0,"enemies":"Jaw Worm Horde","floor":48,"turns":3},{"damage":66,"enemies":"Time Eater","floor":50,"turns":7}],"seed_played":"-3135735079835063729","potions_obtained":[{"floor":8,"key":"BlessingOfTheForge"},{"floor":16,"key":"Ancient Potion"}],"is_trial":false,"path_per_floor":["M","?","M","?","?","R","M","E","T","$","M","?","M","M","R","B",null,"M","$","?","$","?","R","E","?","T","M","M","E","R","M","R","B",null,"M","?","?","$","M","E","M","R","T","R","$","M","?","M","R","B"],"character_chosen":"DEFECT","items_purchased":["Biased Cognition","Storm","Rebound","Self Repair","Lee\u0027s Waffle","Static Discharge"],"campfire_rested":1,"item_purchase_floors":[10,19,19,21,38,45],"current_hp_per_floor":[64,49,49,74,67,67,54,22,22,22,22,22,14,11,33,18,75,75,75,75,75,75,75,14,75,75,75,73,54,54,60,60,50,75,68,68,49,82,82,63,55,55,55,55,55,62,62,62,62,0,0],"gold":68,"neow_bonus":"ONE_RANDOM_RARE_CARD","is_daily":false,"chose_seed":false,"campfire_upgraded":7,"win_rate":0.0,"timestamp":1613423018,"path_taken":["M","?","M","?","?","R","M","E","T","$","M","?","?","?","R","BOSS","M","$","?","$","?","R","E","?","T","M","?","E","R","M","R","BOSS","M","?","?","$","M","E","M","R","T","R","?","M","?","?","R","BOSS"],"items_purchased_type":["Card","Card","Card","Card","Relic","Card"],"build_version":"2020-12-22","purchased_purges":2,"victory":false,"max_hp_per_floor":[75,75,75,75,75,75,75,75,75,75,75,75,75,75,75,75,75,75,75,75,75,75,75,75,75,75,75,75,75,75,75,75,75,75,75,75,75,82,82,82,82,82,82,82,82,82,82,82,82,82,82],"card_choices":[{"not_picked":["Barrage","Tempest"],"picked":"Ball Lightning","floor":1},{"not_picked":["Streamline","Steam"],"picked":"Sweeping Beam","floor":3},{"not_picked":["Coolheaded","Stack"],"picked":"Hologram","floor":7},{"not_picked":["Coolheaded","Turbo"],"picked":"Reinforced Body","floor":8},{"not_picked":["Sweeping Beam","Turbo"],"picked":"Genetic Algorithm","floor":11},{"not_picked":["Gash","Barrage"],"picked":"BootSequence","floor":13},{"not_picked":["Skim","Streamline"],"picked":"Heatsinks","floor":14},{"not_picked":["Biased Cognition","Machine Learning"],"picked":"Electrodynamics","floor":16},{"not_picked":["Barrage","Rip and Tear"],"picked":"Lockon","floor":18},{"not_picked":["Redo","Steam Power"],"picked":"Conserve Battery","floor":24},{"not_picked":["Barrage+1","Genetic Algorithm+1"],"picked":"Leap","floor":27},{"not_picked":["Conserve Battery","Sweeping Beam"],"picked":"Tempest+1","floor":28},{"not_picked":["Rebound","Reprogram","Chill"],"picked":"SKIP","floor":29},{"not_picked":["Sweeping Beam+1","Coolheaded","Fission"],"picked":"SKIP","floor":31},{"not_picked":["All For One","Hyperbeam"],"picked":"Seek","floor":33},{"not_picked":["Doom and Gloom+1","Steam+1"],"picked":"Rebound","floor":35},{"not_picked":["Storm","Auto Shields"],"picked":"Beam Cell+1","floor":37},{"not_picked":["Gash","Streamline+1"],"picked":"Turbo+1","floor":39},{"not_picked":["Coolheaded","Stack"],"picked":"Amplify","floor":40},{"not_picked":["Compile Driver+1","Sweeping Beam","Coolheaded+1"],"picked":"SKIP","floor":41},{"not_picked":["Conserve Battery+1","Gash"],"picked":"Redo+1","floor":46},{"not_picked":["Coolheaded+1","Beam Cell"],"picked":"Reinforced Body+1","floor":48}],"player_experience":175220,"relics_obtained":[{"floor":8,"key":"Oddly Smooth Stone"},{"floor":9,"key":"Whetstone"},{"floor":24,"key":"Mercury Hourglass"},{"floor":26,"key":"Nunchaku"},{"floor":29,"key":"Centennial Puzzle"},{"floor":37,"key":"Torii"},{"floor":40,"key":"CaptainsWheel"},{"floor":43,"key":"Toxic Egg 2"}],"event_choices":[{"damage_healed":0,"gold_gain":0,"player_choice":"Entered Light","damage_taken":15,"max_hp_gain":0,"max_hp_loss":0,"event_name":"Shining Light","floor":2,"gold_loss":0,"cards_upgraded":["Creative AI","Ball Lightning"]},{"damage_healed":25,"gold_gain":0,"player_choice":"Banana","damage_taken":0,"max_hp_gain":0,"max_hp_loss":0,"event_name":"Big Fish","floor":4,"gold_loss":0},{"cards_removed":["Strike_B"],"damage_healed":0,"gold_gain":0,"player_choice":"Card Removal","damage_taken":7,"max_hp_gain":0,"max_hp_loss":0,"event_name":"Golden Wing","floor":5,"gold_loss":0},{"cards_removed":["Defend_B"],"damage_healed":0,"gold_gain":0,"player_choice":"Purged","damage_taken":0,"max_hp_gain":0,"max_hp_loss":0,"event_name":"Purifier","floor":12,"gold_loss":0},{"damage_healed":0,"gold_gain":0,"player_choice":"Stole Relic","damage_taken":0,"relics_obtained":["WingedGreaves"],"max_hp_gain":0,"max_hp_loss":0,"event_name":"Addict","floor":20,"gold_loss":0,"cards_obtained":["Shame"]},{"damage_healed":0,"gold_gain":0,"player_choice":"Ignored","damage_taken":0,"max_hp_gain":0,"max_hp_loss":0,"event_name":"Vampires","floor":22,"gold_loss":0},{"cards_removed":["Lockon"],"damage_healed":61,"gold_gain":0,"player_choice":"Offered Uncommon","damage_taken":0,"max_hp_gain":0,"max_hp_loss":0,"event_name":"Bonfire Elementals","floor":25,"gold_loss":0},{"damage_healed":0,"gold_gain":0,"player_choice":"Ignored","damage_taken":0,"max_hp_gain":0,"max_hp_loss":0,"event_name":"Tomb of Lord Red Mask","floor":36,"gold_loss":0},{"damage_healed":0,"gold_gain":0,"player_choice":"Fight","damage_taken":0,"max_hp_gain":0,"max_hp_loss":0,"event_name":"MindBloom","floor":37,"gold_loss":0},{"damage_healed":0,"gold_gain":0,"player_choice":"Cursed","damage_taken":0,"max_hp_gain":0,"max_hp_loss":0,"event_name":"Wheel of Change","floor":47,"gold_loss":0,"cards_obtained":["Decay"]}],"is_beta":false,"boss_relics":[{"not_picked":["Snecko Eye","Runic Pyramid"],"picked":"Sozu"},{"not_picked":["Runic Dome","Tiny House"],"picked":"Nuclear Battery"}],"items_purged_floors":[10,38],"is_endless":false,"potions_floor_spawned":[8,16,28,29,33,35,37,48],"killed_by":"Time Eater","ascension_level":1}}