{"host":"f5n4tidiz2n5sooh","time":1613396404,"event":{"mods":["BaseMod","Colored Map","Minty Spire (QoL Compilation)","Relic Stats","StSLib"],"gold_per_floor":[110,130,140,11,26,26,54,54,54,54,54,54,71,104,104,176,176,196,216,230,255,275,190,225,225,225,225,242,242,259,270,270,270,270],"floor_reached":33,"language":"ENG","playtime":1571,"items_purged":["Grand Finale"],"score":558,"play_id":"1dce2adb-9697-45f2-9af8-50289138187b","local_time":"20210215074004","is_ascension_mode":true,"campfire_choices":[{"data":"Footwork","floor":6,"key":"SMITH"},{"data":"After Image","floor":8,"key":"SMITH"},{"data":"Malaise","floor":10,"key":"SMITH"},{"data":"Cloak And Dagger","floor":12,"key":"SMITH"},{"data":"Accuracy","floor":15,"key":"SMITH"},{"data":"Cloak And Dagger","floor":27,"key":"SMITH"},{"data":"Finisher","floor":29,"key":"SMITH"},{"data":"Finisher","floor":32,"key":"SMITH"}],"circlet_count":0,"master_deck":["AscendersBane","Survivor","Neutralize","Finisher+1","Finisher+1","Malaise+1","Leg Sweep","Cloak And Dagger+1","Footwork+1","Die Die Die","Dash","Dodge and Roll","Cloak And Dagger+1","Cloak And Dagger","After Image+1","Eviscerate","Accuracy+1","Night Terror","Backflip","Envenom","PiercingWail"],"relics":["Pandora\u0027s Box","Eternal Feather","Matryoshka","Bag of Marbles","Sozu","Red Mask","Prayer Wheel","Blood Vial","Omamori","Ninja Scroll"],"acts_visited":["Exordium","TheCity"],"potions_floor_usage":[14,16,19,21],"damage_taken":[{"damage":3,"enemies":"2 Louse","floor":1,"turns":4},{"damage":0,"enemies":"Cultist","floor":2,"turns":3},{"damage":7,"enemies":"Jaw Worm","floor":3,"turns":2},{"damage":0,"enemies":"Blue Slaver","floor":5,"turns":3},{"damage":4,"enemies":"Lagavulin","floor":7,"turns":7},{"damage":0,"enemies":"3 Louse","floor":13,"turns":3},{"damage":14,"enemies":"3 Sentries","floor":14,"turns":11},{"damage":10,"enemies":"Hexaghost","floor":16,"turns":12},{"damage":0,"enemies":"Spheric Guardian","floor":18,"turns":7},{"damage":7,"enemies":"Shell Parasite","floor":19,"turns":5},{"damage":13,"enemies":"Centurion and Healer","floor":20,"turns":8},{"damage":12,"enemies":"Masked Bandits","floor":21,"turns":4},{"damage":5,"enemies":"Snecko","floor":22,"turns":5},{"damage":15,"enemies":"Book of Stabbing","floor":24,"turns":8},{"damage":4,"enemies":"Snake Plant","floor":28,"turns":5},{"damage":1,"enemies":"Chosen and Byrds","floor":30,"turns":7},{"damage":0,"enemies":"Shelled Parasite and Fungi","floor":31,"turns":6},{"damage":44,"enemies":"Collector","floor":33,"turns":6}],"seed_played":"-6726989500805680592","potions_obtained":[{"floor":7,"key":"BlessingOfTheForge"},{"floor":13,"key":"FearPotion"},{"floor":14,"key":"Explosive Potion"},{"floor":16,"key":"Block Potion"}],"is_trial":false,"path_per_floor":["M","M","M","$","M","R","E","R","T","R","?","R","M","E","R","B",null,"M","M","M","?","M","?","E","?","T","R","M","R","M","M","R","B"],"character_chosen":"THE_SILENT","items_purchased":["Weak Potion"],"campfire_rested":0,"item_purchase_floors":[4],"current_hp_per_floor":[56,56,49,49,49,49,45,54,54,63,63,66,66,52,61,51,62,62,55,42,30,25,25,10,10,10,19,17,26,27,29,41,0,0],"gold":270,"neow_bonus":"BOSS_RELIC","is_daily":false,"chose_seed":false,"campfire_upgraded":8,"win_rate":0.0,"timestamp":1613396404,"path_taken":["M","M","M","$","M","R","E","R","T","R","?","R","M","E","R","BOSS","M","?","?","?","M","?","E","?","T","R","M","R","M","?","R","BOSS"],"items_purchased_type":["Potion"],"build_version":"2020-12-22","purchased_purges":1,"victory":false,"max_hp_per_floor":[66,66,66,66,66,66,66,66,66,66,66,66,66,66,66,66,66,66,66,66,66,66,66,66,66,66,66,66,66,66,66,66,66,66],"relic_stats":{"Sozu":4,"Blood Vial":8,"counters":[18,106],"Pandora\u0027s Box":["Finisher","Finisher","Malaise","Leg Sweep","Infinite Blades","Bouncing Flask","Cloak And Dagger","Footwork","Grand Finale","Die Die Die"],"Eternal Feather":60,"Prayer Wheel":3,"obtain_stats":[{"Sozu":17,"Blood Vial":24,"Matryoshka":9,"Ninja Scroll":26,"Pandora\u0027s Box":0,"Eternal Feather":7,"Prayer Wheel":23,"Bag of Marbles":14,"Red Mask":21,"Omamori":26,"Ring of the Snake":0},{"Sozu":8,"Blood Vial":14,"Matryoshka":5,"Ninja Scroll":14,"Pandora\u0027s Box":0,"Eternal Feather":5,"Prayer Wheel":13,"Bag of Marbles":7,"Red Mask":12,"Omamori":14,"Ring of the Snake":0},{"Sozu":45,"Blood Vial":82,"Matryoshka":19,"Ninja Scroll":82,"Pandora\u0027s Box":0,"Eternal Feather":19,"Prayer Wheel":74,"Bag of Marbles":33,"Red Mask":69,"Omamori":82,"Ring of the Snake":0}]},"card_choices":[{"not_picked":["Backflip","Outmaneuver"],"picked":"Dash","floor":1},{"not_picked":["Deadly Poison","PiercingWail"],"picked":"Dodge and Roll","floor":2},{"not_picked":["Masterful Stab","Flechettes"],"picked":"Cloak And Dagger","floor":3},{"not_picked":["Bouncing Flask","Prepared"],"picked":"Cloak And Dagger","floor":5},{"not_picked":["Quick Slash","PiercingWail"],"picked":"After Image","floor":7},{"not_picked":["Outmaneuver","Sucker Punch","Cloak And Dagger"],"picked":"SKIP","floor":13},{"not_picked":["Outmaneuver","Sucker Punch","Cloak And Dagger"],"picked":"SKIP","floor":13},{"not_picked":["Underhanded Strike","Poisoned Stab"],"picked":"Accuracy","floor":14},{"not_picked":["After Image","Adrenaline"],"picked":"Night Terror","floor":16},{"not_picked":["Quick Slash","Infinite Blades","Cloak And Dagger"],"picked":"SKIP","floor":18},{"not_picked":["Concentrate","Caltrops+1","Dagger Throw"],"picked":"SKIP","floor":19},{"not_picked":["Skewer+1","Bane","Setup"],"picked":"SKIP","floor":20},{"not_picked":["Finisher","Distraction"],"picked":"Backflip","floor":22},{"not_picked":["Infinite Blades+1","Masterful Stab","Glass Knife"],"picked":"SKIP","floor":24},{"not_picked":["Dagger Throw","Skewer","Blade Dance"],"picked":"SKIP","floor":28},{"not_picked":["Choke","Outmaneuver","Underhanded Strike"],"picked":"SKIP","floor":28},{"not_picked":["Quick Slash","Dagger Spray"],"picked":"Envenom","floor":30},{"not_picked":["Acrobatics","Predator"],"picked":"PiercingWail","floor":30},{"not_picked":["Bane","Deflect","Dash"],"picked":"SKIP","floor":31},{"not_picked":["Poisoned Stab","Prepared","Outmaneuver"],"picked":"SKIP","floor":31}],"player_experience":2050121,"relics_obtained":[{"floor":7,"key":"Eternal Feather"},{"floor":9,"key":"Matryoshka"},{"floor":14,"key":"Bag of Marbles"},{"floor":21,"key":"Red Mask"},{"floor":24,"key":"Blood Vial"},{"floor":26,"key":"Omamori"},{"floor":26,"key":"Ninja Scroll"}],"event_choices":[{"damage_healed":0,"gold_gain":0,"cards_transformed":["Infinite Blades"],"player_choice":"Transformed","damage_taken":0,"max_hp_gain":0,"max_hp_loss":0,"event_name":"Transmorgrifier","floor":11,"gold_loss":0,"cards_obtained":["Eviscerate"]},{"damage_healed":0,"gold_gain":0,"player_choice":"Fought Bandits","damage_taken":0,"max_hp_gain":0,"max_hp_loss":0,"event_name":"Masked Bandits","floor":21,"gold_loss":0},{"damage_healed":0,"gold_gain":0,"player_choice":"Obtained Relic","damage_taken":0,"relics_obtained":["Prayer Wheel"],"max_hp_gain":0,"max_hp_loss":0,"event_name":"Addict","floor":23,"gold_loss":85},{"cards_removed":["Bouncing Flask"],"damage_healed":0,"gold_gain":0,"player_choice":"Elegance","damage_taken":0,"max_hp_gain":0,"max_hp_loss":0,"event_name":"Back to Basics","floor":25,"gold_loss":0}],"is_beta":false,"boss_relics":[{"not_picked":["SlaversCollar","Busted Crown"],"picked":"Sozu"}],"items_purged_floors":[4],"is_endless":false,"potions_floor_spawned":[7,13,14,16,18,21,28,30],"killed_by":"Collector","ascension_level":20}}