{"host":"u7bb6mvzuirwfcqo","time":1613398086,"event":{"mods":["2.2 Compatiblity","AchievementEnabler","BaseMod","Card Forge","Downfall","Hermit","Minty Spire (QoL Compilation)","Relic Stats","StSLib"],"gold_per_floor":[114,130,38,51,70,70,95,75,75,75,75,75,1,16,16,116,116,127,127,139,159,1,32,32,32,32,32,32,51,71,88,88,190,190,207,227,227,137,148,148,179,195,222,222,222,237,13,13,13,13],"floor_reached":51,"language":"ENG","playtime":2985,"items_purged":[],"score":747,"play_id":"59f94587-ad21-4d62-9187-b5baa2dfe1bd","local_time":"20210215090806","is_ascension_mode":false,"campfire_choices":[{"data":"sneckomod:SoulDraw","floor":6,"key":"SMITH"},{"floor":10,"key":"REST"},{"data":"sneckomod:TailWhip","floor":15,"key":"SMITH"},{"data":"sneckomod:Mudshield","floor":24,"key":"SMITH"},{"data":"sneckomod:UnknownBoss","floor":27,"key":"SMITH"},{"data":"sneckomod:SerpentIdol","floor":32,"key":"SMITH"},{"data":"sneckomod:SoulCleanse","floor":40,"key":"SMITH"},{"floor":44,"key":"REST"},{"floor":49,"key":"REST"}],"circlet_count":0,"master_deck":["sneckomod:Strike+1","sneckomod:Defend+1","sneckomod:TailWhip+1","sneckomod:SnekBite+1","sneckomod:Unknown","sneckomod:MasterEye+1","sneckomod:DangerNoodle+1","sneckomod:SoulCleanse+1","sneckomod:SoulDraw+1","sneckomod:SnekBeam","sneckomod:UnknownStrike","sneckomod:UnknownBlock","sneckomod:SerpentMind","sneckomod:UnknownWeak","sneckomod:UnknownCommonAttack","sneckomod:QuickBite","sneckomod:UnknownCommonSkill","sneckomod:Rotation","sneckomod:UnknownBoss+1","sneckomod:QuickMove+1","Pain","sneckomod:UnknownClassGUARDIAN","sneckomod:UnknownDraw","sneckomod:Mudshield+1","sneckomod:SnakeSap+1","Shame","Regret","sneckomod:UnknownStrength+1","sneckomod:UnknownVulnerable+1","sneckomod:SerpentIdol+1","sneckomod:Mudshield","sneckomod:Memorize","sneckomod:SoulCleanse+1","sneckomod:SoulCleanse+1","downfall:Bewildered","sneckomod:UnknownDexterity","sneckomod:UnendingSupply"],"relics":["Hammer of Thor","Seething Fire","Anvil of the Gods","Astrolabe","InkBottle","HornCleat","Blue Candle","Cursed Key","WarpedTongs","sneckomod:ConfusingCodex","Happy Flower","Shuriken","Busted Crown","Blood Vial","Bronze Scales","Dream Catcher"],"acts_visited":["Exordium","TheCity","TheBeyond"],"potions_floor_usage":[23,46],"damage_taken":[{"damage":6,"enemies":"Jaw Worm","floor":1,"turns":3},{"damage":10,"enemies":"Small Slimes","floor":2,"turns":2},{"damage":5,"enemies":"2 Louse","floor":4,"turns":2},{"damage":12,"enemies":"Exordium Wildlife","floor":5,"turns":4},{"damage":26,"enemies":"Lagavulin","floor":7,"turns":4},{"damage":13,"enemies":"Lots of Slimes","floor":14,"turns":3},{"damage":0,"enemies":"Hexaghost","floor":16,"turns":6},{"damage":0,"enemies":"2 Thieves","floor":18,"turns":2},{"damage":0,"enemies":"Spheric Guardian","floor":20,"turns":3},{"damage":1,"enemies":"Shelled Parasite and Fungi","floor":21,"turns":4},{"damage":37,"enemies":"Book of Stabbing","floor":23,"turns":6},{"damage":32,"enemies":"Snake Plant","floor":29,"turns":5},{"damage":3,"enemies":"Centurion and Healer","floor":30,"turns":3},{"damage":2,"enemies":"Sentry and Sphere","floor":31,"turns":3},{"damage":11,"enemies":"Champ","floor":33,"turns":5},{"damage":2,"enemies":"Orb Walker","floor":35,"turns":3},{"damage":19,"enemies":"3 Shapes","floor":36,"turns":3},{"damage":13,"enemies":"Maw","floor":39,"turns":5},{"damage":20,"enemies":"Reptomancer","floor":41,"turns":4},{"damage":36,"enemies":"Transient","floor":42,"turns":5},{"damage":8,"enemies":"3 Darklings","floor":46,"turns":3},{"damage":56,"enemies":"Awakened One","floor":50,"turns":7}],"seed_played":"815441199122591116","potions_obtained":[{"floor":1,"key":"Swift Potion"},{"floor":4,"key":"GamblersBrew"},{"floor":5,"key":"ColorlessPotion"},{"floor":20,"key":"Fruit Juice"},{"floor":29,"key":"FearPotion"},{"floor":31,"key":"LiquidMemories"}],"is_trial":false,"path_per_floor":["M","M","$","M","M","R","E","?","T","R","?","?","$","M","R","B",null,"M","?","M","M","$","E","R","?","T","R","?","M","M","M","R","B",null,"M","M","?","?","M","R","E","M","T","R","?","M","$","$","R","B",null],"character_chosen":"THE_SNECKO","items_purchased":["sneckomod:UnknownStrike","sneckomod:UnknownBlock","sneckomod:QuickBite","sneckomod:UnknownCommonSkill","sneckomod:Mudshield","Dream Catcher","sneckomod:UnendingSupply"],"campfire_rested":3,"item_purchase_floors":[3,3,13,13,22,47,47],"current_hp_per_floor":[84,74,74,69,57,57,31,31,31,58,40,35,35,22,22,22,90,90,90,90,89,89,57,57,57,57,57,57,25,22,20,20,9,95,93,74,74,74,61,61,41,7,7,35,35,29,29,29,57,3],"gold":13,"neow_bonus":"BOSS_RELIC","is_daily":false,"chose_seed":false,"campfire_upgraded":6,"win_rate":0.0,"timestamp":1613398086,"path_taken":["M","M","$","M","M","R","E","?","T","R","?","?","$","M","R","BOSS","M","?","?","M","$","E","R","?","T","R","?","M","M","M","R","BOSS","M","M","?","?","?","R","E","?","T","R","?","M","?","$","R","BOSS"],"items_purchased_type":["Card","Card","Card","Card","Card","Relic","Card"],"build_version":"2020-12-22","purchased_purges":0,"victory":true,"max_hp_per_floor":[90,90,90,90,90,90,90,90,90,90,90,90,90,90,90,90,90,90,90,90,90,90,95,95,95,95,95,95,95,95,95,95,95,95,95,95,95,95,95,95,95,95,95,95,95,95,95,95,95,95],"relic_stats":{"Happy Flower":[15],"counters":[22,85],"Astrolabe":["sneckomod:MasterEye","sneckomod:DangerNoodle","sneckomod:SoulCleanse"],"Blue Candle":[28],"Cursed Key":2,"WarpedTongs":[59],"Blood Vial":6,"Dream Catcher":1,"Busted Crown":14,"Shuriken":[25],"Bronze Scales":[49],"obtain_stats":[{"Happy Flower":25,"Astrolabe":0,"Blue Candle":12,"Hammer of Thor":0,"Seething Fire":0,"sneckomod:SneckoSoul":0,"Cursed Key":17,"WarpedTongs":19,"Blood Vial":41,"Dream Catcher":47,"HornCleat":9,"Busted Crown":34,"Anvil of the Gods":0,"sneckomod:ConfusingCodex":23,"Shuriken":26,"Bronze Scales":43,"InkBottle":7},{"Happy Flower":11,"Astrolabe":0,"Blue Candle":5,"Hammer of Thor":0,"Seething Fire":0,"sneckomod:SneckoSoul":0,"Cursed Key":7,"WarpedTongs":8,"Blood Vial":19,"Dream Catcher":21,"HornCleat":5,"Busted Crown":15,"Anvil of the Gods":0,"sneckomod:ConfusingCodex":11,"Shuriken":11,"Bronze Scales":20,"InkBottle":5},{"Happy Flower":39,"Astrolabe":0,"Blue Candle":15,"Hammer of Thor":0,"Seething Fire":0,"sneckomod:SneckoSoul":0,"Cursed Key":24,"WarpedTongs":26,"Blood Vial":70,"Dream Catcher":78,"HornCleat":15,"Busted Crown":55,"Anvil of the Gods":0,"sneckomod:ConfusingCodex":39,"Shuriken":39,"Bronze Scales":75,"InkBottle":15}],"InkBottle":[42]},"card_choices":[{"not_picked":["sneckomod:SoulCleanse","sneckomod:SoulRoll"],"picked":"sneckomod:SoulDraw","floor":1},{"not_picked":["sneckomod:QuickMove","sneckomod:IronFang"],"picked":"sneckomod:SnekBeam","floor":2},{"not_picked":["sneckomod:UnknownBlock","sneckomod:Unknown2Cost"],"picked":"sneckomod:SerpentMind","floor":4},{"not_picked":["sneckomod:Nope","sneckomod:QuickBite"],"picked":"sneckomod:UnknownWeak","floor":5},{"not_picked":["sneckomod:UnknownDexterity","sneckomod:SoulDraw"],"picked":"sneckomod:UnknownCommonAttack","floor":7},{"not_picked":["sneckomod:DiceCrush","sneckomod:UnknownCommonSkill"],"picked":"sneckomod:Rotation","floor":14},{"not_picked":["sneckomod:SerpentMind","sneckomod:Restock"],"picked":"sneckomod:UnknownBoss","floor":16},{"not_picked":["sneckomod:SoulRoll+1","sneckomod:UnknownCommonSkill"],"picked":"sneckomod:QuickMove+1","floor":18},{"not_picked":["sneckomod:SoulDraw","sneckomod:QuickMove"],"picked":"sneckomod:UnknownClassGUARDIAN","floor":20},{"not_picked":["sneckomod:UnknownExhaust","sneckomod:UnknownWeak"],"picked":"sneckomod:UnknownDraw","floor":21},{"not_picked":["sneckomod:UnknownBlock","sneckomod:QuickBite"],"picked":"sneckomod:SnakeSap+1","floor":23},{"not_picked":["sneckomod:PureSnecko","sneckomod:UnknownClassGUARDIAN"],"picked":"sneckomod:UnknownStrength+1","floor":29},{"not_picked":["sneckomod:UnknownCommonSkill","sneckomod:RainOfDice"],"picked":"sneckomod:UnknownVulnerable+1","floor":30},{"not_picked":["sneckomod:UnknownWeak","sneckomod:SoulRoll"],"picked":"sneckomod:SerpentIdol","floor":31},{"not_picked":["sneckomod:SerpentMind","sneckomod:Restock"],"picked":"sneckomod:Mudshield","floor":33},{"not_picked":[],"picked":"sneckomod:Memorize","floor":35},{"not_picked":["sneckomod:UnknownClassRED+1"],"picked":"SKIP","floor":36},{"not_picked":[],"picked":"sneckomod:SoulCleanse","floor":39},{"not_picked":[],"picked":"sneckomod:SoulCleanse+1","floor":41},{"not_picked":["sneckomod:UnknownCommonAttack+1"],"picked":"SKIP","floor":42},{"not_picked":[],"picked":"sneckomod:UnknownDexterity","floor":46}],"player_experience":73338,"relics_obtained":[{"floor":7,"key":"InkBottle"},{"floor":9,"key":"HornCleat"},{"floor":23,"key":"sneckomod:ConfusingCodex"},{"floor":26,"key":"Shuriken"},{"floor":41,"key":"Blood Vial"},{"floor":43,"key":"Bronze Scales"}],"event_choices":[{"damage_healed":0,"gold_gain":0,"player_choice":"Left Gold","damage_taken":0,"max_hp_gain":0,"max_hp_loss":0,"event_name":"World of Goop","floor":8,"gold_loss":20},{"damage_healed":0,"gold_gain":0,"player_choice":"Entered Light","damage_taken":18,"max_hp_gain":0,"max_hp_loss":0,"event_name":"Shining Light","floor":11,"gold_loss":0,"cards_upgraded":["sneckomod:Strike","sneckomod:Defend"]},{"damage_healed":0,"gold_gain":0,"player_choice":"Rummage","damage_taken":0,"relics_obtained":["WarpedTongs"],"max_hp_gain":0,"max_hp_loss":0,"event_name":"Accursed Blacksmith","floor":19,"gold_loss":0,"cards_obtained":["Pain"]},{"damage_healed":0,"gold_gain":0,"player_choice":"Stole Relic","damage_taken":0,"relics_obtained":["Happy Flower"],"max_hp_gain":0,"max_hp_loss":0,"event_name":"Addict","floor":25,"gold_loss":0,"cards_obtained":["Shame"]},{"damage_healed":0,"gold_gain":0,"player_choice":"Ignored","damage_taken":0,"max_hp_gain":0,"max_hp_loss":0,"event_name":"Vampires","floor":28,"gold_loss":0},{"damage_healed":0,"gold_gain":0,"player_choice":"Ignored","damage_taken":0,"max_hp_gain":0,"max_hp_loss":0,"event_name":"Tomb of Lord Red Mask","floor":37,"gold_loss":0},{"cards_removed":["sneckomod:Strike"],"damage_healed":0,"gold_gain":0,"player_choice":"Upgrade and Remove","damage_taken":0,"max_hp_gain":0,"max_hp_loss":0,"event_name":"Designer","floor":38,"gold_loss":90,"cards_upgraded":["sneckomod:SnekBite"]},{"cards_removed":["sneckomod:Defend"],"damage_healed":0,"gold_gain":0,"player_choice":"Removed Skill","damage_taken":0,"max_hp_gain":0,"max_hp_loss":0,"event_name":"Falling","floor":45,"gold_loss":0}],"is_beta":false,"boss_relics":[{"not_picked":["Fusion Hammer","Black Star"],"picked":"Cursed Key"},{"not_picked":["Calling Bell","SlaversCollar"],"picked":"Busted Crown"}],"items_purged_floors":[],"is_endless":false,"potions_floor_spawned":[1,4,5,7,16,20,29,30,31,39],"ascension_level":0}}