{"host":"Hova","time":1613423309,"event":{"mods":["AchievementEnabler","Aspiration","BaseMod","Better Match","Better Note","Colored Map","Colored Powertips","DeckTracker","Downfall","Hubris","Infinite Spire","Minty Spire (QoL Compilation)","Rare Cards Sparkle","Reliquary","Remilia??????","Replay The Spire","Shop Mod","StSLib","SuperFastMode","The Clintock","The Cursed","The Death Knight","The Necromancer","The Servant 0.9.4"],"gold_per_floor":[359,359,377,391,402,402,402,402,483,503,503,516,516,536,536,536,536],"floor_reached":16,"language":"ENG","playtime":653,"items_purged":[],"score":94,"play_id":"62ddf388-b229-4d47-874e-32349d760d52","local_time":"20210216000829","is_ascension_mode":false,"campfire_choices":[{"data":"White Noise","floor":6,"key":"SMITH"},{"floor":11,"key":"REST"},{"data":"Heatsinks","floor":13,"key":"SMITH"},{"floor":15,"key":"REST"}],"circlet_count":0,"master_deck":["Strike_B","Strike_B","Strike_B","Strike_B","Defend_B","Defend_B","Defend_B","Zap","Dualcast","Strike_RM","Bash","BasicCrystalCard","ReplaySolidLightProjector","Ball Lightning","White Noise+1","Ball Lightning","Heatsinks+1","Stack"],"relics":["Cracked Core","hubris:Icosahedron","Blue Candle","Bottled Lightning"],"acts_visited":["Exordium"],"potions_floor_usage":[14,16],"damage_taken":[{"damage":11,"enemies":"Small Slimes","floor":1,"turns":3},{"damage":6,"enemies":"Cultist","floor":3,"turns":3},{"damage":6,"enemies":"2 Louse","floor":4,"turns":2},{"damage":17,"enemies":"Exordium Thugs","floor":5,"turns":4},{"damage":23,"enemies":"Large Slime","floor":10,"turns":4},{"damage":9,"enemies":"2 Fungi Beasts","floor":12,"turns":2},{"damage":0,"enemies":"Gremlin Gang","floor":14,"turns":2},{"damage":55,"enemies":"Fading Forest","floor":16,"turns":7}],"seed_played":"3489972915495414189","potions_obtained":[{"floor":3,"key":"Adrenaline Potion"},{"floor":4,"key":"Venom Potion"},{"floor":14,"key":"GamblersBrew"}],"is_trial":false,"path_per_floor":["M","?","M","M","M","R","?","?","T","M","R","M","R","M","R","B"],"character_chosen":"DEFECT","items_purchased":[],"campfire_rested":2,"item_purchase_floors":[],"current_hp_per_floor":[64,64,58,52,35,35,35,30,30,7,29,20,20,20,42,0,0],"gold":536,"neow_bonus":"TWO_FIFTY_GOLD","is_daily":false,"chose_seed":false,"campfire_upgraded":2,"win_rate":0.0,"timestamp":1613423309,"path_taken":["M","?","M","?","M","R","?","?","T","?","R","M","R","M","R","BOSS"],"items_purchased_type":[],"build_version":"2020-11-17","purchased_purges":0,"victory":false,"max_hp_per_floor":[75,75,75,75,75,75,75,75,75,75,75,75,75,75,75,75,75],"card_choices":[{"not_picked":["Conserve Battery","Streamline"],"picked":"BasicCrystalCard","floor":1},{"not_picked":["Cold Snap","BasicCrystalCard"],"picked":"Ball Lightning","floor":3},{"not_picked":["Ball Lightning","Hologram"],"picked":"White Noise","floor":4},{"not_picked":["Cold Snap","Conserve Battery","Leap"],"picked":"SKIP","floor":5},{"not_picked":["Static Discharge","Time Bomb"],"picked":"Ball Lightning","floor":10},{"not_picked":["Cold Snap","Sweeping Beam"],"picked":"Heatsinks","floor":12},{"not_picked":["Cold Snap","Streamline"],"picked":"Stack","floor":14}],"player_experience":13116,"relics_obtained":[{"floor":9,"key":"Bottled Lightning"}],"event_choices":[{"damage_healed":0,"gold_gain":0,"cards_transformed":["Defend_B"],"player_choice":"Transformed","damage_taken":0,"max_hp_gain":0,"max_hp_loss":0,"event_name":"Transmorgrifier","floor":2,"gold_loss":0,"cards_obtained":["ReplaySolidLightProjector"]}],"is_beta":true,"boss_relics":[],"items_purged_floors":[],"is_endless":false,"potions_floor_spawned":[3,4,14],"killed_by":"Fading Forest","ascension_level":0}}