{"host":"pjz3m1kifmtv24r2","time":1613419404,"event":{"mods":["2.2 Compatiblity","Aspiration","BaseMod","Bestiary","Better Altar","Better Match","Better Note","Better Sensory Stone","Better Skull","CCEM2","Colored Powertips","Conspire","Dark Map","Displayed Cursed Tome","Fox Events","GifTheSpireLib","Halation","Highlight Path","Hubris","Jedi Mod","Mimic Mod","Minty Spire (QoL Compilation)","Quick Restart","RatMod","Relic Sorter","Reliquary","Replay The Spire","Small Relic Pack","Spicy Shops","Spikes Relics","Spire Arcade","StS++","StSLib","Stuff the Spire","The Blue Laboratory","The Runesmith","Trackpad","Wandering Minibosses"],"gold_per_floor":[117,117,137,156,170,190,208,208,283,296,296,296,296],"floor_reached":12,"language":"ENG","playtime":796,"items_purged":[],"score":74,"play_id":"47bb4ac3-eb8f-4b5b-9fc7-39c247c02d76","local_time":"20210215150324","is_ascension_mode":false,"campfire_choices":[{"data":"theextravagant:Twitch","floor":8,"key":"SMITH"}],"circlet_count":0,"master_deck":["theextravagant:SlyStrike","theextravagant:SlyStrike","theextravagant:SlyStrike","theextravagant:SlyStrike","theextravagant:Fence","theextravagant:Fence","theextravagant:Fence","theextravagant:Fence","theextravagant:QuickAttack","theextravagant:Triumph","theextravagant:CuttingEdge","Pain","theextravagant:PerfectTheBasics","theextravagant:Twitch+1","theextravagant:HeavyBlows","theextravagant:Firework","theextravagant:GlyphOfSight","theextravagant:Overpower"],"relics":["theextravagant:TranslucentFeather","NeowsBlessing","WarpedTongs","StuffTheSpire:Tea","hubris:EvacipatedBox"],"acts_visited":["Exordium"],"potions_floor_usage":[12,12],"damage_taken":[{"damage":0,"enemies":"Jaw Worm","floor":1,"turns":1},{"damage":0,"enemies":"Cultist","floor":3,"turns":1},{"damage":0,"enemies":"conspire:RoseBush","floor":4,"turns":1},{"damage":3,"enemies":"Exordium Wildlife","floor":5,"turns":2},{"damage":5,"enemies":"Blue Slaver","floor":6,"turns":4},{"damage":20,"enemies":"Looter","floor":7,"turns":6},{"damage":21,"enemies":"conspire:2 RoseBushes","floor":10,"turns":5},{"damage":30,"enemies":"Gremlin Nob","floor":12,"turns":4}],"seed_played":"7513854577222426347","potions_obtained":[{"floor":3,"key":"Flashbang"},{"floor":4,"key":"blueLaboratory:CorrosionFlask"},{"floor":6,"key":"Milkshake"}],"is_trial":false,"path_per_floor":["M","?","M","M","M","M","M","R","T","M","$","E"],"character_chosen":"THE_EXTRAVAGANT","items_purchased":["hubris:EvacipatedBox","SteroidPotion"],"campfire_rested":0,"item_purchase_floors":[11,11],"current_hp_per_floor":[75,75,75,75,72,67,47,47,47,26,4,0,0],"gold":296,"neow_bonus":"THREE_ENEMY_KILL","is_daily":false,"chose_seed":false,"campfire_upgraded":1,"win_rate":0.0,"timestamp":1613419404,"path_taken":["M","?","M","M","M","M","?","R","T","?","?","E"],"items_purchased_type":["Relic","Potion"],"build_version":"2020-12-22","purchased_purges":0,"victory":false,"max_hp_per_floor":[75,75,75,75,75,75,75,75,75,75,75,75,75],"card_choices":[{"not_picked":["theextravagant:Flashback","theextravagant:SpontaneousStrike"],"picked":"theextravagant:CuttingEdge","floor":1},{"not_picked":["theextravagant:ArtisticDisplay","theextravagant:Pushthrough"],"picked":"theextravagant:PerfectTheBasics","floor":3},{"not_picked":["theextravagant:SharpTalons","theextravagant:PuffUp"],"picked":"theextravagant:Twitch","floor":4},{"not_picked":["theextravagant:ZeroHero","theextravagant:Flashback"],"picked":"theextravagant:HeavyBlows","floor":5},{"not_picked":["theextravagant:Foil","theextravagant:Shove"],"picked":"theextravagant:Firework","floor":6},{"not_picked":["theextravagant:Cutthroat","theextravagant:IronPlumes"],"picked":"theextravagant:GlyphOfSight","floor":7},{"not_picked":["theextravagant:Masquerade","theextravagant:TreasureHunt"],"picked":"theextravagant:Overpower","floor":10}],"player_experience":104135,"relics_obtained":[{"floor":9,"key":"StuffTheSpire:Tea"}],"event_choices":[{"damage_healed":0,"gold_gain":0,"player_choice":"Rummage","damage_taken":0,"relics_obtained":["WarpedTongs"],"max_hp_gain":0,"max_hp_loss":0,"event_name":"Accursed Blacksmith","floor":2,"gold_loss":0,"cards_obtained":["Pain"]}],"is_beta":false,"boss_relics":[],"items_purged_floors":[],"is_endless":false,"potions_floor_spawned":[3,4,6],"killed_by":"Gremlin Nob","ascension_level":0}}