{"host":"btkahjvw3wdsn6lk","time":1613375179,"event":{"mods":["ATMod(°¢èªMod)","Act Like it!","Astrologer","BaseMod","CapriCore","Conspire","Dota2Spire","Gensokyo","Highlight Path","Minty Spire (QoL Compilation)","Quick Restart","Replay The Spire","RumiaBox-Â¶Ã×æ«µÄÉñÃØºÐ×Ó","Spicy Shops","StSLib","¡¾ÒÅÎï¿¨ÅÆ¡¿REMEMod"],"gold_per_floor":[113,113,129,229,249,284,284,314,314,329,329,344,344,361,361,464,464,475,400,400,400,300,335,351,378,378,389,389,189,209,237,237,333,333,350,364,364,428,441,441,456,306,331,241,241,2,20,20,20,320,320,320,43,272,272],"floor_reached":56,"language":"ZHS","playtime":5141,"items_purged":["astrologer:Strike","astrologer:Defend","astrologer:Strike","astrologer:NorthStar"],"score":1550,"play_id":"f939144f-9eca-4171-baba-a284a818cc49","local_time":"20210215154619","is_ascension_mode":true,"campfire_choices":[{"data":"AT_FamilyPortrait","floor":7.0,"key":"SMITH"},{"data":"astrologer:TheMagician","floor":11.0,"key":"SMITH"},{"data":"astrologer:Prestidigitation","floor":15.0,"key":"SMITH"},{"floor":32.0,"key":"RECALL"},{"data":"Ghostly","floor":40,"key":"SMITH"},{"data":"REME_ProfessionalPlagiarism","floor":45,"key":"SMITH"},{"data":"astrologer:Defend","floor":49,"key":"PURGE"},{"data":"astrologer:TheFool","floor":52,"key":"SMITH"}],"circlet_count":0,"master_deck":["astrologer:TheFool+1","REME_ProfessionalPlagiarism+1","AT_FamilyPortrait+1","astrologer:Prestidigitation+1","astrologer:TheMagician+1","astrologer:TheMagician+1","Ghostly+1","Ghostly+1","Ghostly+1","Ghostly+1","Ghostly+1","astrologer:TheHermit+1","astrologer:Retelling+1","REME_ProfessionalPlagiarism+1","astrologer:StarOfChange+1","AT_LightSaberMaster+1","Gensokyo:CustomPotion","Master of Strategy+1","REME_FirmDetermination+1","REME_ProfessionalPlagiarism+1","REME_ProfessionalPlagiarism+1","astrologer:ShootingStar+1"],"relics":["AT_ATBox","REME_ComplimentaryCards","Black Star","AT_SilvercatRing","AT_ImmortalShieldbow","Dota2Spire:Vanguard","MagicDraw3","Dota2Spire:Dagon","ReplayTheSpireMod:DimensionalGlitch","Lizard Tail","MagicDraw2","Onion Ring","AT_DeathDance","PreservedInsect","REME_LowDesire","AT_SunfireAegis","Dota2Spire:PhaseBoots","Sundial","Dota2Spire:ShadowBlade","ReplayTheSpireMod:ShopPack","Prayer Wheel","Prayer Wheel","Chameleon Ring","Akabeko"],"acts_visited":["Exordium","TheCity","TheCity","TheEnding"],"potions_floor_usage":[35,55,55,55,55,55],"damage_taken":[{"damage":0.0,"enemies":"Cultist","floor":1.0,"turns":4.0},{"damage":1.0,"enemies":"conspire:RoseBush","floor":3.0,"turns":3.0},{"damage":0.0,"enemies":"2 Louse","floor":5.0,"turns":3.0},{"damage":27.0,"enemies":"3 Sentries","floor":6.0,"turns":6.0},{"damage":16.0,"enemies":"Replay:BlueRogue","floor":8.0,"turns":5.0},{"damage":0.0,"enemies":"Exordium Thugs","floor":10.0,"turns":3.0},{"damage":1.0,"enemies":"2 Fungi Beasts","floor":12.0,"turns":3.0},{"damage":0.0,"enemies":"Red Slaver","floor":14.0,"turns":2.0},{"damage":13.0,"enemies":"The Guardian","floor":16.0,"turns":8.0},{"damage":0.0,"enemies":"Chosen","floor":18.0,"turns":4.0},{"damage":0.0,"enemies":"Book of Stabbing","floor":23.0,"turns":6.0},{"damage":0.0,"enemies":"Shell Parasite","floor":24.0,"turns":4.0},{"damage":0.0,"enemies":"conspire:SneckoGhost","floor":25.0,"turns":6.0},{"damage":1.0,"enemies":"Snake Plant","floor":27.0,"turns":4.0},{"damage":0.0,"enemies":"Centurion and Healer","floor":30.0,"turns":5.0},{"damage":0.0,"enemies":"Slavers","floor":31.0,"turns":5.0},{"damage":17.0,"enemies":"Collector","floor":33.0,"turns":9.0},{"damage":0,"enemies":"Gensokyo:3_Boulders","floor":35,"turns":4},{"damage":0,"enemies":"Gensokyo:3_Bats","floor":36,"turns":3},{"damage":0,"enemies":"Gensokyo:3_Boulders","floor":39,"turns":3},{"damage":1,"enemies":"Gensokyo:Dusk_and_Dawn","floor":41,"turns":3},{"damage":1,"enemies":"Gensokyo:Sharpion","floor":47,"turns":4},{"damage":0,"enemies":"Gensokyo:Shinki","floor":50,"turns":7},{"damage":0,"enemies":"Shield and Spear","floor":54,"turns":4},{"damage":32,"enemies":"The Heart","floor":55,"turns":9}],"seed_played":"5096108025759998876","potions_obtained":[{"floor":1.0,"key":"Weak Potion"},{"floor":5.0,"key":"Ancient Potion"},{"floor":12.0,"key":"Milkshake"},{"floor":13.0,"key":"FairyPotion"},{"floor":13.0,"key":"DuplicationPotion"},{"floor":16.0,"key":"Block Potion"},{"floor":18.0,"key":"Languid Potion"},{"floor":25.0,"key":"SkillPotion"},{"floor":27.0,"key":"Languid Potion"},{"floor":35,"key":"Block Potion"},{"floor":38,"key":"Regen Potion"}],"is_trial":false,"path_per_floor":["M","?","M","?","M","E","R","E","T","M","R","M","?","M","R","B",null,"M","$","?","?","$","E","M","E","T","M","?","$","M","E","R","B",null,"M","M","?","?","M","R","M","$","T","?","R","COS","M","?","R","B",null,"R","$","E","B",null],"character_chosen":"ASTROLOGER","items_purchased":["REME_ProfessionalPlagiarism"],"campfire_rested":0,"item_purchase_floors":[53],"current_hp_per_floor":[70,70,69,69,69,42,42,26,26,26,26,25,25,25,25,28,70,70,70,35,35,35,35,35,35,35,34,34,34,34,34,34,18,37,37,37,37,37,37,37,36,36,36,36,36,36,35,35,35,37,37,37,37,37,22],"gold":272,"neow_bonus":"BOSS_RELIC","is_daily":false,"chose_seed":false,"campfire_upgraded":6,"win_rate":0.0,"timestamp":1613375179,"path_taken":["M","?","M","?","M","E","R","E","T","?","R","M","?","M","R","BOSS","M","$","?","?","$","E","?","E","T","M","?","$","M","E","R","BOSS","M","M","?","?","?","R","M","$","T","?","R","COS","M","?","R","BOSS","R","$","E","BOSS"],"items_purchased_type":["Card"],"build_version":"2020-12-22","purchased_purges":4,"victory":true,"max_hp_per_floor":[70,70,70,70,70,70,70,70,70,70,70,70,70,70,70,70,70,70,70,35,35,35,35,35,35,35,35,35,35,35,35,35,37,37,37,37,37,37,37,37,37,37,37,37,37,37,37,37,37,37,37,37,37,37,39],"card_choices":[{"not_picked":["astrologer:Still","astrologer:FrozenStar","astrologer:LonelyStar"],"picked":"SKIP","floor":1.0},{"not_picked":["astrologer:SolarFlare","astrologer:Prismatic","astrologer:CosmicExpanse"],"picked":"SKIP","floor":3.0},{"not_picked":["astrologer:Eclipse","astrologer:TheEmpress"],"picked":"astrologer:Prestidigitation","floor":5.0},{"not_picked":["astrologer:SolarFlare","astrologer:Conjunction","astrologer:CometStrike"],"picked":"SKIP","floor":6.0},{"not_picked":["astrologer:SolarFlare","astrologer:Moonlight"],"picked":"astrologer:TheMagician","floor":8.0},{"not_picked":["astrologer:Radiance","astrologer:SolarFlare","astrologer:ReadTheStars"],"picked":"SKIP","floor":10.0},{"not_picked":["astrologer:ReadTheStars","astrologer:CometStrike","astrologer:Radiance"],"picked":"SKIP","floor":12.0},{"not_picked":["astrologer:Fate","astrologer:Opposition","astrologer:Prismatic"],"picked":"SKIP","floor":14.0},{"not_picked":["astrologer:Fate","astrologer:Starfield"],"picked":"astrologer:TheMagician","floor":16.0},{"not_picked":["astrologer:SpaceDust","astrologer:Still","astrologer:Eclipse"],"picked":"SKIP","floor":18.0},{"not_picked":["astrologer:SolarFlare","astrologer:MeteorShower","astrologer:FrozenStar"],"picked":"SKIP","floor":23.0},{"not_picked":["astrologer:TheStar","astrologer:Cataclysm","astrologer:Observe"],"picked":"SKIP","floor":24.0},{"not_picked":["astrologer:Radiance","astrologer:StarOfMisfortune"],"picked":"astrologer:Retelling+1","floor":25.0},{"not_picked":["astrologer:SpaceDust","astrologer:Confirmation+1","astrologer:CometStrike"],"picked":"SKIP","floor":27.0},{"not_picked":["astrologer:Glimpse+1","astrologer:Cataclysm","astrologer:TheTower"],"picked":"SKIP","floor":30.0},{"not_picked":["astrologer:TheHierophant","astrologer:TheEmperor","astrologer:LonelyStar"],"picked":"SKIP","floor":31.0},{"not_picked":["astrologer:Eclipse+1","astrologer:Still","astrologer:TheWorld"],"picked":"REME_ProfessionalPlagiarism","floor":35},{"not_picked":["astrologer:Conjunction","astrologer:Novile","ReplayTheSpireMod:Trickstab+1"],"picked":"astrologer:StarOfChange+1","floor":36},{"not_picked":["astrologer:ReadTheStars+1","astrologer:Conjunction","astrologer:SolarFlare+1","Impatience+1"],"picked":"SKIP","floor":39},{"not_picked":["astrologer:Conjunction+1","astrologer:Moonlight+1","astrologer:Radiance+1"],"picked":"AT_LightSaberMaster+1","floor":41},{"not_picked":["AT_FalsePromise","REME_BodyOfCthun","Sadistic Nature"],"picked":"Master of Strategy","floor":46},{"not_picked":["Discovery","REME_MagicPocketWatch","Specialist"],"picked":"REME_FirmDetermination","floor":46},{"not_picked":["astrologer:TheLovers","astrologer:TheEmperor+1","astrologer:Eclipse+1"],"picked":"REME_ProfessionalPlagiarism","floor":47},{"not_picked":["astrologer:Eclipse+1","astrologer:Moonlight+1","astrologer:CometStrike+1","PanicButton+1"],"picked":"SKIP","floor":47},{"not_picked":["astrologer:SolarFlare","astrologer:Eclipse","astrologer:Radiance+1","REME_EyeOfCthun"],"picked":"SKIP","floor":47},{"not_picked":["astrologer:TheTower","astrologer:TheSun","ReplayTheSpireMod:Trickstab+1"],"picked":"astrologer:ShootingStar+1","floor":54}],"player_experience":398706,"relics_obtained":[{"floor":6.0,"key":"AT_SilvercatRing"},{"floor":6.0,"key":"AT_ImmortalShieldbow"},{"floor":8.0,"key":"Dota2Spire:Vanguard"},{"floor":8.0,"key":"MagicDraw3"},{"floor":9.0,"key":"Dota2Spire:Dagon"},{"floor":23.0,"key":"Lizard Tail"},{"floor":25.0,"key":"MagicDraw2"},{"floor":25.0,"key":"Onion Ring"},{"floor":31.0,"key":"AT_DeathDance"},{"floor":31.0,"key":"PreservedInsect"},{"floor":34.0,"key":"AT_SunfireAegis"},{"floor":34.0,"key":"Dota2Spire:PhaseBoots"},{"floor":38,"key":"Sundial"},{"floor":43,"key":"Dota2Spire:ShadowBlade"},{"floor":54,"key":"Chameleon Ring"},{"floor":54,"key":"Akabeko"}],"event_choices":[{"damage_healed":0.0,"max_hp_gain":0.0,"max_hp_loss":0.0,"gold_gain":100.0,"event_name":"Golden Shrine","player_choice":"Pray","floor":4.0,"gold_loss":0.0,"damage_taken":0.0},{"damage_healed":0.0,"max_hp_gain":0.0,"max_hp_loss":0.0,"gold_gain":0.0,"event_name":"Lab","player_choice":"Got Potions","floor":13.0,"gold_loss":0.0,"damage_taken":0.0},{"damage_healed":0.0,"max_hp_gain":0.0,"max_hp_loss":35.0,"gold_gain":0.0,"event_name":"Ghosts","player_choice":"Became a Ghost","floor":20.0,"gold_loss":0.0,"damage_taken":0.0,"cards_obtained":["Ghostly","Ghostly","Ghostly","Ghostly","Ghostly"]},{"damage_healed":0.0,"max_hp_gain":0.0,"max_hp_loss":0.0,"gold_gain":0.0,"cards_transformed":["astrologer:Strike"],"event_name":"Transmorgrifier","player_choice":"Transformed","floor":21.0,"gold_loss":0.0,"damage_taken":0.0,"cards_obtained":["astrologer:TheHermit"]}],"is_beta":false,"boss_relics":[{"not_picked":["Pandora\u0027s Box","conspire:SeveredTorchhead"],"picked":"ReplayTheSpireMod:DimensionalGlitch"},{"not_picked":["SlaversCollar","REME_DuelDisc"],"picked":"REME_LowDesire"}],"items_purged_floors":[19,22,29,42],"is_endless":false,"potions_floor_spawned":[1,5,12,16,18,25,27,35,41],"ascension_level":3}}