{"host":"Lrdox","time":1613397552,"event":{"mods":["BaseMod","Colored Map","Minty Spire (QoL Compilation)","Relic Stats"],"gold_per_floor":[164,181,201,201,45,76,76,76,76,91,91,104,114,178,178,278,278,290,305,321,25,38,38,38,69,69,103,115,115,135,135,135,235,235,251,266,166,166,9,9,9,42,124,157,157,168,182,213,213,213],"floor_reached":51,"language":"ENG","playtime":1762,"items_purged":["Strike_R","Writhe"],"score":1278,"play_id":"d0d33ca0-36b6-41e6-8bd2-4e0d8f262359","local_time":"20210215145912","is_ascension_mode":true,"campfire_choices":[{"data":"Inflame","floor":7.0,"key":"SMITH"},{"data":"Sword Boomerang","floor":11.0,"key":"SMITH"},{"data":"Bash","floor":15.0,"key":"SMITH"},{"data":"Limit Break","floor":23.0,"key":"SMITH"},{"floor":29.0,"key":"REST"},{"data":"Spot Weakness","floor":32.0,"key":"SMITH"},{"floor":40.0,"key":"REST"},{"floor":49,"key":"REST"}],"circlet_count":0,"master_deck":["AscendersBane","Strike_R","Strike_R","Strike_R","Defend_R","Defend_R","Defend_R","Defend_R+1","Bash+1","Inflame+1","Sword Boomerang+1","Headbutt","Battle Trance+1","Intimidate","Ghostly Armor","Limit Break+1","Clothesline","Thunderclap","Evolve","Whirlwind","Spot Weakness+1","Feed+1","Flame Barrier","Injury","Limit Break+1","Parasite"],"relics":["Tiny House","ClockworkSouvenir","Bird Faced Urn","Shuriken","Torii","Cursed Key","Oddly Smooth Stone","White Beast Statue","Molten Egg 2","Self Forming Clay","Busted Crown","Toy Ornithopter","Blood Vial","Kunai","Anchor","Bottled Tornado"],"acts_visited":["Exordium","TheCity","TheBeyond"],"potions_floor_usage":[47,48,50],"damage_taken":[{"damage":0.0,"enemies":"Cultist","floor":1.0,"turns":4.0},{"damage":14.0,"enemies":"2 Louse","floor":2.0,"turns":3.0},{"damage":11.0,"enemies":"Jaw Worm","floor":3.0,"turns":4.0},{"damage":16.0,"enemies":"Gremlin Nob","floor":6.0,"turns":3.0},{"damage":5.0,"enemies":"Red Slaver","floor":10.0,"turns":3.0},{"damage":0.0,"enemies":"Exordium Wildlife","floor":12.0,"turns":4.0},{"damage":1.0,"enemies":"Gremlin Gang","floor":13.0,"turns":6.0},{"damage":10.0,"enemies":"3 Sentries","floor":14.0,"turns":8.0},{"damage":19.0,"enemies":"Hexaghost","floor":16.0,"turns":7.0},{"damage":14.0,"enemies":"Shell Parasite","floor":18.0,"turns":6.0},{"damage":1.0,"enemies":"Chosen","floor":19.0,"turns":4.0},{"damage":7.0,"enemies":"Centurion and Healer","floor":20.0,"turns":5.0},{"damage":33.0,"enemies":"Snake Plant","floor":22.0,"turns":4.0},{"damage":7.0,"enemies":"Book of Stabbing","floor":25.0,"turns":4.0},{"damage":21.0,"enemies":"Gremlin Leader","floor":27.0,"turns":6.0},{"damage":2.0,"enemies":"Shelled Parasite and Fungi","floor":28.0,"turns":4.0},{"damage":18.0,"enemies":"Snecko","floor":30.0,"turns":6.0},{"damage":18.0,"enemies":"Champ","floor":33.0,"turns":6.0},{"damage":59.0,"enemies":"3 Shapes","floor":35.0,"turns":11.0},{"damage":37.0,"enemies":"3 Darklings","floor":36.0,"turns":5.0},{"damage":1.0,"enemies":"Giant Head","floor":42.0,"turns":5.0},{"damage":30.0,"enemies":"Reptomancer","floor":44.0,"turns":4.0},{"damage":7.0,"enemies":"Spire Growth","floor":46.0,"turns":6.0},{"damage":20,"enemies":"Writhing Mass","floor":47,"turns":5},{"damage":29,"enemies":"Nemesis","floor":48,"turns":5},{"damage":53,"enemies":"Time Eater","floor":50,"turns":6}],"seed_played":"-3425666631100566209","potions_obtained":[{"floor":0.0,"key":"LiquidBronze"},{"floor":2.0,"key":"Fruit Juice"},{"floor":6.0,"key":"AttackPotion"},{"floor":10.0,"key":"DuplicationPotion"},{"floor":13.0,"key":"Block Potion"},{"floor":14.0,"key":"LiquidMemories"},{"floor":20.0,"key":"Strength Potion"},{"floor":27.0,"key":"AttackPotion"},{"floor":28.0,"key":"EssenceOfSteel"},{"floor":30.0,"key":"PowerPotion"},{"floor":33.0,"key":"Dexterity Potion"},{"floor":35.0,"key":"PowerPotion"},{"floor":36.0,"key":"LiquidMemories"},{"floor":42.0,"key":"GamblersBrew"},{"floor":44.0,"key":"LiquidBronze"},{"floor":46.0,"key":"GamblersBrew"},{"floor":47,"key":"ElixirPotion"},{"floor":48,"key":"SpeedPotion"}],"is_trial":false,"path_per_floor":["M","M","M","?","$","E","R","?","T","M","R","M","M","?","R","B",null,"M","M","M","$","M","R","?","E","T","E","M","R","M","?","R","B",null,"M","M","$","?","$","R","?","E","T","E","?","M","M","E","R","B",null],"character_chosen":"IRONCLAD","items_purchased":["ClockworkSouvenir","Oddly Smooth Stone","Evolve","Toy Ornithopter"],"campfire_rested":3,"item_purchase_floors":[5,21,21,39],"current_hp_per_floor":[77,63,52,57,57,46,46,46,46,43,43,45,46,38,38,21,77,65,66,61,61,32,32,32,27,27,10,10,38,22,95,95,78,91,40,7,7,7,7,36,36,48,48,36,36,35,26,12,44,2],"gold":213,"neow_bonus":"BOSS_RELIC","is_daily":false,"chose_seed":false,"campfire_upgraded":5,"win_rate":0.0,"timestamp":1613397552,"path_taken":["M","M","M","?","$","E","R","?","T","M","R","M","M","?","R","BOSS","M","M","M","$","M","R","?","E","T","E","?","R","M","?","R","BOSS","M","?","$","?","$","R","?","E","T","E","?","M","?","E","R","BOSS"],"items_purchased_type":["Relic","Relic","Card","Relic"],"build_version":"2020-12-18","purchased_purges":2,"victory":true,"max_hp_per_floor":[85,85,85,90,90,95,95,95,95,95,95,95,95,95,95,95,95,95,95,95,95,95,95,95,95,95,95,95,95,95,95,95,95,95,99,99,99,99,99,99,99,103,103,103,103,103,103,107,107,107],"relic_stats":{"Blood Vial":10,"Busted Crown":16,"Torii":46,"counters":[26,134],"Shuriken":[16],"Self Forming Clay":[105],"Bird Faced Urn":[65],"Kunai":[6],"Cursed Key":2,"obtain_stats":[{"Tiny House":0,"Torii":14,"Self Forming Clay":27,"Oddly Smooth Stone":21,"Bottled Tornado":48,"Cursed Key":17,"Burning Blood":0,"White Beast Statue":25,"ClockworkSouvenir":5,"Blood Vial":42,"Anchor":44,"Busted Crown":34,"Shuriken":9,"Bird Faced Urn":6,"Molten Egg 2":26,"Kunai":43,"Toy Ornithopter":39},{"Tiny House":0,"Torii":8,"Self Forming Clay":15,"Oddly Smooth Stone":12,"Bottled Tornado":25,"Cursed Key":9,"Burning Blood":0,"White Beast Statue":14,"ClockworkSouvenir":3,"Blood Vial":21,"Anchor":22,"Busted Crown":18,"Shuriken":4,"Bird Faced Urn":4,"Molten Egg 2":14,"Kunai":21,"Toy Ornithopter":20},{"Tiny House":0,"Torii":35,"Self Forming Clay":71,"Oddly Smooth Stone":57,"Bottled Tornado":128,"Cursed Key":42,"Burning Blood":0,"White Beast Statue":65,"ClockworkSouvenir":11,"Blood Vial":108,"Anchor":112,"Busted Crown":87,"Shuriken":14,"Bird Faced Urn":14,"Molten Egg 2":65,"Kunai":108,"Toy Ornithopter":103}],"Toy Ornithopter":30},"card_choices":[{"not_picked":["Iron Wave","Wild Strike"],"picked":"Inflame","floor":0.0},{"not_picked":["Whirlwind","Flex"],"picked":"Sword Boomerang","floor":1.0},{"not_picked":["Havoc","Perfected Strike","Seeing Red"],"picked":"SKIP","floor":2.0},{"not_picked":["Body Slam","Heavy Blade"],"picked":"Headbutt","floor":3.0},{"not_picked":["Havoc","Headbutt"],"picked":"Battle Trance","floor":6.0},{"not_picked":["Entrench","Rampage"],"picked":"Ghostly Armor","floor":10.0},{"not_picked":["Flex","Barricade","Dropkick"],"picked":"SKIP","floor":12.0},{"not_picked":["Clash","Searing Blow","Rampage"],"picked":"SKIP","floor":13.0},{"not_picked":["Juggernaut","Double Tap"],"picked":"Limit Break","floor":16.0},{"not_picked":["Twin Strike","Rage"],"picked":"Clothesline","floor":18.0},{"not_picked":["Uppercut","Havoc","Twin Strike"],"picked":"SKIP","floor":19.0},{"not_picked":["Sever Soul","Clash"],"picked":"Thunderclap","floor":20.0},{"not_picked":["Wild Strike","Headbutt","Cleave+1"],"picked":"SKIP","floor":22.0},{"not_picked":["Searing Blow","Combust"],"picked":"Whirlwind","floor":25.0},{"not_picked":["Clash+1","Rupture","Cleave+1"],"picked":"SKIP","floor":27.0},{"not_picked":["Entrench","Anger+1","Dropkick+1"],"picked":"SKIP","floor":28.0},{"not_picked":["Flex","Perfected Strike+1"],"picked":"Spot Weakness","floor":30.0},{"not_picked":["Immolate+1","Impervious"],"picked":"Feed+1","floor":33.0},{"not_picked":["Rampage+1"],"picked":"SKIP","floor":35.0},{"not_picked":["Clothesline+1"],"picked":"SKIP","floor":36.0},{"not_picked":[],"picked":"Flame Barrier","floor":42.0},{"not_picked":["Feel No Pain"],"picked":"SKIP","floor":44.0},{"not_picked":["Rupture"],"picked":"SKIP","floor":46.0},{"not_picked":["Body Slam+1"],"picked":"SKIP","floor":47},{"not_picked":["Dark Embrace"],"picked":"SKIP","floor":48}],"player_experience":270078,"relics_obtained":[{"floor":6.0,"key":"Bird Faced Urn"},{"floor":9.0,"key":"Shuriken"},{"floor":14.0,"key":"Torii"},{"floor":25.0,"key":"White Beast Statue"},{"floor":26.0,"key":"Molten Egg 2"},{"floor":27.0,"key":"Self Forming Clay"},{"floor":42.0,"key":"Blood Vial"},{"floor":43.0,"key":"Kunai"},{"floor":44.0,"key":"Anchor"},{"floor":48,"key":"Bottled Tornado"}],"event_choices":[{"damage_healed":0.0,"max_hp_gain":5.0,"max_hp_loss":0.0,"gold_gain":0.0,"event_name":"Big Fish","player_choice":"Donut","floor":4.0,"gold_loss":0.0,"damage_taken":0.0},{"damage_healed":0.0,"max_hp_gain":0.0,"max_hp_loss":0.0,"gold_gain":0.0,"cards_transformed":["Strike_R"],"event_name":"Living Wall","player_choice":"Change","floor":8.0,"gold_loss":0.0,"damage_taken":0.0,"cards_obtained":["Intimidate"]},{"damage_healed":0.0,"max_hp_gain":0.0,"max_hp_loss":0.0,"gold_gain":0.0,"event_name":"Dead Adventurer","player_choice":"Searched \u00271\u0027 times","floor":14.0,"gold_loss":0.0,"damage_taken":0.0},{"damage_healed":0.0,"max_hp_gain":0.0,"max_hp_loss":0.0,"gold_gain":0.0,"event_name":"Upgrade Shrine","player_choice":"Upgraded","floor":24.0,"gold_loss":0.0,"damage_taken":0.0,"cards_upgraded":["Battle Trance"]},{"damage_healed":73.0,"max_hp_gain":0.0,"max_hp_loss":0.0,"gold_gain":0.0,"event_name":"Wheel of Change","player_choice":"Full Heal","floor":31.0,"gold_loss":0.0,"damage_taken":0.0},{"damage_healed":0.0,"max_hp_gain":0.0,"max_hp_loss":0.0,"gold_gain":0.0,"event_name":"Tomb of Lord Red Mask","player_choice":"Ignored","floor":38.0,"gold_loss":0.0,"damage_taken":0.0},{"damage_healed":0.0,"max_hp_gain":0.0,"max_hp_loss":0.0,"gold_gain":0.0,"event_name":"SensoryStone","player_choice":"Memory 1","floor":41.0,"gold_loss":0.0,"damage_taken":0.0},{"damage_healed":0.0,"max_hp_gain":0.0,"max_hp_loss":0.0,"gold_gain":0.0,"event_name":"Duplicator","player_choice":"Copied","floor":45.0,"gold_loss":0.0,"damage_taken":0.0,"cards_obtained":["Limit Break"]}],"is_beta":true,"boss_relics":[{"not_picked":["Velvet Choker","Philosopher\u0027s Stone"],"picked":"Cursed Key"},{"not_picked":["Sozu","Calling Bell"],"picked":"Busted Crown"}],"items_purged_floors":[21,37],"is_endless":false,"potions_floor_spawned":[2,6,10,13,14,20,25,27,28,30,33,35,36,42,44,46,47,48],"ascension_level":12}}