{"host":"3j2m8n0ywf988fwb","time":1613420453,"event":{"mods":["2.2 Compatiblity","AchievementEnabler","Act Like it!","BaseMod","Better Altar","Better Match","Better Note","Better Sensory Stone","Better Skull","Better Third Choice","Colored Powertips","Dark Map","Hallownest","HexUI Lib","Highlight Path","Marked Mod","Mimic Mod","Minty Spire (QoL Compilation)","Random Character Button","Relic Stats","Ruina","Shop Mod","StSLib","Unceasing Turn Reminder","Weighted Paths","everything is the same but u backflip on backflip"],"gold_per_floor":[112,112,112,112,131,158,168,182,182,56,56,18,37,57,57,153,153,166,91,107,107,126,126,161,161,161],"floor_reached":25,"language":"ENG","playtime":1184,"items_purged":["Strike_R"],"score":319,"play_id":"72fd7abf-9b0f-4ac5-8308-a6c9f29a1de4","local_time":"20210215142053","is_ascension_mode":true,"campfire_choices":[{"data":"Rampage","floor":11,"key":"SMITH"},{"data":"Dramatic Entrance","floor":15,"key":"SMITH"},{"floor":23,"key":"REST"}],"circlet_count":0,"master_deck":["Strike_R","Strike_R+1","Defend_R","Defend_R+1","Defend_R","Defend_R","Bash","Twin Strike","Dramatic Entrance+1","Rampage+1","Havoc+1","Dual Wield+1","Rage+1","True Grit+1","Battle Trance+1","Feed","Spot Weakness+1","Purity+1","Doubt"],"relics":["Burning Blood","NeowsBlessing","Potion Belt","Toxic Egg 2","Singing Bowl","Empty Cage","Bag of Marbles","Happy Flower"],"acts_visited":["Exordium","ruina:Briah"],"potions_floor_usage":[16,18,22,24],"damage_taken":[{"damage":0,"enemies":"2 Louse","floor":1,"turns":1},{"damage":0,"enemies":"Jaw Worm","floor":5,"turns":1},{"damage":0,"enemies":"Gremlin Nob","floor":6,"turns":1},{"damage":0,"enemies":"Cultist","floor":7,"turns":3},{"damage":11,"enemies":"Looter","floor":8,"turns":2},{"damage":0,"enemies":"Red Slaver","floor":13,"turns":3},{"damage":3,"enemies":"Blue Slaver","floor":14,"turns":4},{"damage":85,"enemies":"Hexaghost","floor":16,"turns":13},{"damage":65,"enemies":"ruina:3_Bats","floor":18,"turns":9},{"damage":24,"enemies":"ruina:BadWolf","floor":20,"turns":4},{"damage":58,"enemies":"ruina:KingOfGreed","floor":22,"turns":7},{"damage":55,"enemies":"ruina:RoadHome","floor":24,"turns":5},{"damage":18,"enemies":"ruina:Woodsman","floor":25,"turns":2}],"seed_played":"-7956525535789122532","potions_obtained":[{"floor":6,"key":"FairyPotion"},{"floor":7,"key":"BlessingOfTheForge"},{"floor":8,"key":"BloodPotion"},{"floor":14,"key":"FearPotion"},{"floor":16,"key":"LiquidMemories"},{"floor":22,"key":"SkillPotion"}],"is_trial":false,"path_per_floor":["M","?","?","?","M","E","M","M","T","$","R","$","M","M","R","B",null,"M","?","M","?","M","R","E","M"],"character_chosen":"IRONCLAD","items_purchased":["True Grit+1","Battle Trance+1"],"campfire_rested":1,"item_purchase_floors":[10,12],"current_hp_per_floor":[80,64,64,61,67,73,79,74,74,74,74,74,82,84,84,21,84,31,31,18,18,36,65,18,0,0],"gold":161,"neow_bonus":"THREE_ENEMY_KILL","is_daily":false,"chose_seed":false,"campfire_upgraded":2,"win_rate":0.0,"timestamp":1613420453,"path_taken":["M","?","?","?","M","E","?","M","T","$","R","?","M","M","R","BOSS","M","?","M","?","M","R","E","M"],"items_purchased_type":["Card","Card"],"build_version":"2020-12-22","purchased_purges":1,"victory":false,"max_hp_per_floor":[80,80,80,80,80,80,80,80,80,80,80,80,82,84,84,84,84,90,90,95,95,97,97,99,99,99],"relic_stats":{"Singing Bowl":10,"Happy Flower":[0],"counters":[13,55],"obtain_stats":[{"Potion Belt":4,"NeowsBlessing":0,"Singing Bowl":9,"Happy Flower":24,"Bag of Marbles":21,"Toxic Egg 2":6,"Empty Cage":17,"Burning Blood":0},{"Potion Belt":1,"NeowsBlessing":0,"Singing Bowl":5,"Happy Flower":12,"Bag of Marbles":10,"Toxic Egg 2":3,"Empty Cage":8,"Burning Blood":0},{"Potion Belt":1,"NeowsBlessing":0,"Singing Bowl":8,"Happy Flower":53,"Bag of Marbles":41,"Toxic Egg 2":3,"Empty Cage":28,"Burning Blood":0}],"Burning Blood":63},"card_choices":[{"not_picked":["True Grit","Combust"],"picked":"Twin Strike","floor":1},{"not_picked":["Dark Shackles","Mind Blast"],"picked":"Dramatic Entrance","floor":3},{"not_picked":["Headbutt","Pommel Strike"],"picked":"Rampage","floor":5},{"not_picked":["Berserk","Heavy Blade"],"picked":"Havoc+1","floor":6},{"not_picked":["Ghostly Armor+1","Fire Breathing"],"picked":"Dual Wield+1","floor":7},{"not_picked":["Disarm+1","Clash"],"picked":"Rage+1","floor":8},{"not_picked":["Armaments+1","Thunderclap","Clash"],"picked":"Singing Bowl","floor":13},{"not_picked":["Twin Strike","Headbutt","Battle Trance+1"],"picked":"Singing Bowl","floor":14},{"not_picked":["Limit Break+1","Offering+1"],"picked":"Feed","floor":16},{"not_picked":["Combust","Clash+1"],"picked":"Spot Weakness+1","floor":18},{"not_picked":["Deep Breath+1","Enlightenment+1"],"picked":"Purity+1","floor":19},{"not_picked":["Fire Breathing","Cleave","Thunderclap+1"],"picked":"Singing Bowl","floor":20},{"not_picked":["Shockwave+1","Infernal Blade+1","Bloodletting+1"],"picked":"Singing Bowl","floor":22},{"not_picked":["Rampage","Body Slam","Intimidate+1"],"picked":"Singing Bowl","floor":24}],"player_experience":780222,"relics_obtained":[{"floor":6,"key":"Toxic Egg 2"},{"floor":9,"key":"Singing Bowl"},{"floor":24,"key":"Happy Flower"}],"event_choices":[{"damage_healed":80,"gold_gain":0,"player_choice":"Upgrade","damage_taken":16,"max_hp_gain":0,"max_hp_loss":80,"event_name":"betterThird:BetterShining","floor":2,"gold_loss":0,"cards_upgraded":["Defend_R","Strike_R"]},{"damage_healed":0,"gold_gain":1,"player_choice":"1","damage_taken":0,"max_hp_gain":0,"max_hp_loss":0,"event_name":"betterStone:BetterStone","floor":3,"gold_loss":0},{"damage_healed":0,"gold_gain":0,"player_choice":"Relic ","damage_taken":3,"max_hp_gain":0,"max_hp_loss":0,"event_name":"betterThird:BetterScrap","floor":4,"gold_loss":0,"cards_obtained":["Doom and Gloom"]},{"damage_healed":0,"gold_gain":0,"player_choice":"2","damage_taken":0,"max_hp_gain":0,"max_hp_loss":0,"event_name":"betterMatch:BetterMatch","floor":19,"gold_loss":0,"cards_obtained":["betterMatch:ColorlessUncommonCard"]}],"is_beta":false,"boss_relics":[{"not_picked":["Coffee Dripper","Fusion Hammer"],"picked":"Empty Cage"}],"items_purged_floors":[10],"is_endless":false,"potions_floor_spawned":[6,7,8,14,16,22],"killed_by":"ruina:Woodsman","ascension_level":4}}