{"host":"btkbr53c3gip0r7d","time":1613366434,"event":{"mods":["BaseMod","Better Altar","Better Match","Better Note","Better Sensory Stone","Better Skull","Better Third Choice","Colored Map","Curses Come First","Downfall","Minty Spire (QoL Compilation)","StSLib","The Cursed","The Marked"],"gold_per_floor":[99,116,291,291,291,302,302,317,47,75,91,91,125,145,162,264,264,164,164,89,89,100,100,100,130,130,130,142,177,5,40,59,160,160,160,177,177,228,62,62,115,148,148,148,180,180,199,199,209,209],"floor_reached":51,"language":"ENG","playtime":6275,"items_purged":[],"score":1056,"play_id":"429e1b1b-7f7e-42e6-bf3e-543a2b248eb3","local_time":"20210214222034","is_ascension_mode":true,"campfire_choices":[{"data":"Guardian:TwinSlam","floor":1.0,"key":"SMITH"},{"floor":12.0,"key":"REST"},{"data":"Guardian:HyperBeam_Guardian","floor":18.0,"key":"SMITH"},{"data":"RitualDagger","floor":27,"key":"SMITH"},{"data":"Reboot","floor":35,"key":"SMITH"},{"data":"Rampage","floor":44,"key":"SMITH"},{"data":"Guardian:SphericShield","floor":46,"key":"SMITH"}],"circlet_count":0,"master_deck":["Guardian:Defend_Guardian","Guardian:CurlUp","Guardian:TwinSlam+1","Writhe","Guardian:WalkerClaw","Doubt","Rampage+1","Impervious","Guardian:PiercingHide","Guardian:StasisStrike","Guardian:SpikerProtocol","Guardian:Clone","Guardian:ArmoredProtocol","Guardian:SphericShield+1","Guardian:HyperBeam_Guardian+1","Bite","Bite","Bite","Bite","Bite","Guardian:FierceBash+1","Forethought+1","Guardian:TimeCapacitor+1","downfall:Bewildered","Doubt","Guardian:Emergency+1","RitualDagger+1","Guardian:RefractedBeam+1","Guardian:VentSteam","Guardian:PolyBeam+1","Auto Shields+1","Guardian:RefractedBeam","Reboot+1","Conserve Battery+1","Parasite","Shame","Guardian:RollAttack","Guardian:Gem_Orange","Parasite","Guardian:BodySlam","Blade Dance+1"],"relics":["Guardian:ModeShifter","downfall:ShatteredFragment","Strawberry","Matryoshka","Centennial Puzzle","Blue Candle","Sling","Tiny Chest","Darkstone Periapt","Cursed Key","downfall:HeartBlessingGreen","sneckomod:BlankCard","InkBottle","Question Card","Akabeko","Kunai","PrismaticShard","Pantograph","SacredBark","Prayer Wheel","Singing Bowl","ClockworkSouvenir","TungstenRod","PreservedInsect","White Beast Statue","Bronze Scales"],"acts_visited":["Exordium","TheCity","TheBeyond"],"potions_floor_usage":[29,29,30,39,45,50,50,50],"damage_taken":[{"damage":6.0,"enemies":"Jaw Worm","floor":2.0,"turns":3.0},{"damage":0.0,"enemies":"Small Slimes","floor":6.0,"turns":3.0},{"damage":0.0,"enemies":"2 Louse","floor":8.0,"turns":3.0},{"damage":1.0,"enemies":"downfall:FleeingMerchant","floor":9.0,"turns":4.0},{"damage":13.0,"enemies":"Lagavulin","floor":10.0,"turns":4.0},{"damage":5.0,"enemies":"downfall:LooterAlt","floor":11.0,"turns":3.0},{"damage":3.0,"enemies":"3 Sentries","floor":13.0,"turns":4.0},{"damage":0.0,"enemies":"Lots of Slimes","floor":14.0,"turns":4.0},{"damage":1.0,"enemies":"Exordium Wildlife","floor":15.0,"turns":1.0},{"damage":5.0,"enemies":"SI_SHIV_ARCHETYPE","floor":16.0,"turns":8.0},{"damage":3,"enemies":"Spheric Guardian","floor":22,"turns":3},{"damage":4,"enemies":"Slavers","floor":25,"turns":5},{"damage":2,"enemies":"3 Byrds","floor":28,"turns":3},{"damage":2,"enemies":"Book of Stabbing","floor":29,"turns":2},{"damage":3,"enemies":"downfall:FleeingMerchant","floor":30,"turns":4},{"damage":16,"enemies":"Slavers","floor":31,"turns":4},{"damage":3,"enemies":"Snecko","floor":32,"turns":3},{"damage":78,"enemies":"WA_ARCHETYPE_CALM","floor":33,"turns":13},{"damage":8,"enemies":"Orb Walker","floor":36,"turns":4},{"damage":32,"enemies":"2 Orb Walkers","floor":38,"turns":6},{"damage":4,"enemies":"downfall:FleeingMerchant","floor":39,"turns":4},{"damage":9,"enemies":"Reptomancer","floor":42,"turns":4},{"damage":7,"enemies":"Nemesis","floor":45,"turns":6},{"damage":9,"enemies":"3 Darklings","floor":47,"turns":4},{"damage":3,"enemies":"Transient","floor":49,"turns":5},{"damage":129,"enemies":"DF_ARCHETYPE_ORBS","floor":50,"turns":11}],"seed_played":"786976501309458933","potions_obtained":[{"floor":2.0,"key":"Guardian:DefensiveModePotion"},{"floor":10.0,"key":"Fire Potion"},{"floor":11.0,"key":"SpeedPotion"},{"floor":13.0,"key":"FearPotion"},{"floor":25,"key":"Slimebound:ThreeZeroPotion"},{"floor":28,"key":"Strength Potion"},{"floor":29,"key":"Swift Potion"},{"floor":42,"key":"Regen Potion"},{"floor":45,"key":"FearPotion"},{"floor":47,"key":"champ:CounterPotion"}],"is_trial":false,"path_per_floor":["R","M","?","?","?","M","T","M","$","E","M","R","E","M","M","B",null,"R","?","?","?","M","T","T","E","?","R","M","E","$","E","M","B",null,"R","M","?","?","$","T","T","E","?","R","E","R","M","?","M","B",null],"character_chosen":"GUARDIAN","items_purchased":["Guardian:Gem_Crimson","Sling","Guardian:ArmoredProtocol","PrismaticShard","Singing Bowl","ClockworkSouvenir","Fruit Juice"],"campfire_rested":1,"item_purchase_floors":[9,9,9,30,39,39,39],"current_hp_per_floor":[96,90,90,66,42,42,42,42,41,28,23,53,50,50,49,44,103,103,72,72,59,58,64,70,70,64,64,64,64,69,55,60,19,89,89,83,83,57,65,71,77,78,75,75,118,118,122,128,127,18],"gold":209,"neow_bonus":"TWENTY_PERCENT_HP_BONUS","is_daily":false,"chose_seed":false,"campfire_upgraded":6,"win_rate":0.0,"timestamp":1613366434,"path_taken":["R","M","?","?","?","M","T","M","$","E","M","R","E","M","M","BOSS","R","?","?","?","M","?","T","E","?","R","M","E","$","E","M","BOSS","R","M","?","?","$","?","T","E","?","R","E","R","M","?","M","BOSS"],"items_purchased_type":["Card","Relic","Card","Relic","Relic","Relic","Potion"],"build_version":"2020-12-22","purchased_purges":0,"victory":true,"max_hp_per_floor":[96,96,96,96,103,103,103,103,103,103,103,103,103,103,103,103,103,103,72,72,77,77,83,89,89,89,89,89,89,89,89,89,89,89,89,89,89,89,99,105,111,113,119,119,121,121,125,131,133,133],"card_choices":[{"not_picked":["Guardian:PiercingHide","Guardian:Recover"],"picked":"Guardian:WalkerClaw","floor":2.0},{"not_picked":["Guardian:Recover","Guardian:TemporalStrike"],"picked":"Guardian:PiercingHide","floor":6.0},{"not_picked":["Guardian:Gem_Cyan","Guardian:Planning"],"picked":"Guardian:StasisStrike","floor":8.0},{"not_picked":["Guardian:DonusPower","Guardian:Suspension"],"picked":"Guardian:Gem_White","floor":9.0},{"not_picked":["Guardian:RefractedBeam","Guardian:Gem_Lightblue"],"picked":"Guardian:SpikerProtocol","floor":10.0},{"not_picked":["Guardian:TemporalStrike","Guardian:ChargeCore"],"picked":"Guardian:Gem_Crimson","floor":11.0},{"not_picked":["Guardian:Incinerate","Guardian:Gem_Lightblue"],"picked":"Guardian:Clone","floor":13.0},{"not_picked":["Guardian:FloatingOrbs","Guardian:Recover"],"picked":"Guardian:ArmoredProtocol","floor":14.0},{"not_picked":["Guardian:Gem_Lightblue","Guardian:Gem_Yellow"],"picked":"Guardian:SphericShield","floor":15.0},{"not_picked":["Guardian:RevengeProtocol","Guardian:ExploitGems"],"picked":"Guardian:HyperBeam_Guardian","floor":16.0},{"not_picked":["Guardian:TimeSifter+1","Guardian:StasisField+1"],"picked":"Guardian:FierceBash+1","floor":20},{"not_picked":["Panacea+1","Good Instincts+1"],"picked":"Forethought+1","floor":20},{"not_picked":["Guardian:FloatingOrbs","Guardian:WalkerClaw"],"picked":"Guardian:TimeCapacitor+1","floor":22},{"not_picked":["Guardian:AncientConstruct","Guardian:CrystalBeam","Guardian:TimeSifter"],"picked":"Guardian:Emergency+1","floor":25},{"not_picked":["Guardian:Incinerate","Guardian:Gem_Red","Guardian:TemporalStrike"],"picked":"Guardian:RefractedBeam+1","floor":28},{"not_picked":["Guardian:Gem_Green","Guardian:ChargeCore","Guardian:Gem_Yellow"],"picked":"Guardian:VentSteam","floor":29},{"not_picked":["Guardian:SpikerProtocol","Guardian:RollAttack","Guardian:Preprogram"],"picked":"Guardian:PolyBeam+1","floor":30},{"not_picked":["sneckomod:Nope","theMarked:EmpowerWeapon+1","champ:PerfectedStrike+1"],"picked":"Auto Shields+1","floor":31},{"not_picked":["Guardian:TemporalShield","Prostrate+1","champ:StanceDance"],"picked":"Guardian:RefractedBeam","floor":32},{"not_picked":["A Thousand Cuts","sneckomod:UnknownRareSkill","theMarked:DispelDoubt"],"picked":"Reboot","floor":33},{"not_picked":["Slimebound:PressTheAttack+1","Guardian:VentSteam+1","champ:PerfectedStrike+1","theMarked:TakeCover"],"picked":"SKIP","floor":36},{"not_picked":["champ:CrookedStrike","sneckomod:UnknownClassHEXA_GHOST_PURPLE+1","bronze:NullPointer"],"picked":"Conserve Battery+1","floor":39},{"not_picked":["Turbo","Finisher+1","EmptyBody","theMarked:TurnInvisible"],"picked":"Singing Bowl","floor":42},{"not_picked":["expansioncontent:PrepareCrush","expansioncontent:Hexaburn","expansioncontent:Chronoboost"],"picked":"Singing Bowl","floor":43},{"not_picked":["expansioncontent:Hexaburn","expansioncontent:PolyBeam","expansioncontent:InvincibleStrength"],"picked":"Singing Bowl","floor":43},{"not_picked":["expansioncontent:Hexaburn","expansioncontent:AwakenDeath","expansioncontent:Chronoboost"],"picked":"Singing Bowl","floor":43},{"not_picked":["sneckomod:UnknownDraw","Slimebound:ViciousTackle","Biased Cognition","theMarked:ResourceFulStrike"],"picked":"Singing Bowl","floor":45},{"not_picked":["Guardian:Gem_Cyan","Slimebound:Gluttony+1","theMarked:ResourceFulStrike","Sever Soul+1"],"picked":"Singing Bowl","floor":47},{"not_picked":["hexamod:NightmareGuise+1","hexamod:HauntingEcho+1","Guardian:Clone","EmptyBody"],"picked":"Singing Bowl","floor":47},{"not_picked":["bronze:Overload+1","Cloak And Dagger","theMarked:HeightenedSenses+1"],"picked":"Blade Dance+1","floor":49},{"not_picked":["hexamod:PhantomCloak+1","TheCursedMod:FuryStrike+1","Deadly Poison+1","TheCursedMod:Wield+1"],"picked":"Singing Bowl","floor":49}],"player_experience":1447777,"relics_obtained":[{"floor":7.0,"key":"Centennial Puzzle"},{"floor":7.0,"key":"Blue Candle"},{"floor":10.0,"key":"Tiny Chest"},{"floor":13.0,"key":"Darkstone Periapt"},{"floor":23,"key":"sneckomod:BlankCard"},{"floor":23,"key":"InkBottle"},{"floor":24,"key":"Question Card"},{"floor":25,"key":"Akabeko"},{"floor":29,"key":"Kunai"},{"floor":31,"key":"Pantograph"},{"floor":38,"key":"Prayer Wheel"},{"floor":40,"key":"TungstenRod"},{"floor":41,"key":"PreservedInsect"},{"floor":42,"key":"White Beast Statue"},{"floor":45,"key":"Bronze Scales"}],"event_choices":[{"damage_healed":0.0,"max_hp_gain":0.0,"max_hp_loss":31.0,"gold_gain":0.0,"event_name":"Vampires","player_choice":"Became a vampire","floor":19.0,"gold_loss":0.0,"damage_taken":0.0,"cards_obtained":["Bite","Bite","Bite","Bite","Bite"]},{"damage_healed":0,"gold_gain":0,"player_choice":"2","damage_taken":0,"max_hp_gain":0,"max_hp_loss":0,"event_name":"betterMatch:BetterMatch","floor":20,"gold_loss":0,"cards_obtained":["betterMatch:RareCard","betterMatch:ColorlessUncommonCard"]},{"cards_removed":["Guardian:ArmoredProtocol"],"damage_healed":0,"gold_gain":0,"player_choice":"Removed Power","damage_taken":0,"max_hp_gain":0,"max_hp_loss":0,"event_name":"Falling","floor":37,"gold_loss":0},{"damage_healed":0,"gold_gain":0,"player_choice":"Fight","damage_taken":0,"max_hp_gain":0,"max_hp_loss":0,"event_name":"Mysterious Sphere","floor":38,"gold_loss":0}],"is_beta":false,"boss_relics":[{"not_picked":["Philosopher\u0027s Stone","Guardian:ModeShifterPlus"],"picked":"Cursed Key"},{"not_picked":["Fusion Hammer","Coffee Dripper"],"picked":"SacredBark"}],"items_purged_floors":[],"is_endless":false,"potions_floor_spawned":[2,10,11,13,25,28,29,42,45,47,49],"ascension_level":1}}