{"host":"t0r9wuv4zaiwets7","time":1613369044,"event":{"mods":["AchievementEnabler","BaseMod","Bestiary","Colored Map","Colored Powertips","Downfall","Highlight Path","Minty Spire (QoL Compilation)","StSLib"],"gold_per_floor":[99,117,417,26,126,126,178,198,31,31,31,53,71,98,124,235,235,235,262,471,471,64,64,82,76,99,140,140,140,140],"floor_reached":28,"language":"ENG","playtime":1822,"items_purged":["downfall:Icky","downfall:Icky","downfall:Haunted","Pain"],"score":231,"play_id":"7f5360cd-2a35-4fab-9874-029200660b25","local_time":"20210214220404","is_ascension_mode":false,"campfire_choices":[{"data":"hexamod:Float","floor":1.0,"key":"SMITH"},{"data":"hexamod:RetreatToShadows","floor":11.0,"key":"SMITH"},{"data":"hexamod:SearingWound","floor":18.0,"key":"SMITH"},{"data":"expansioncontent:StudyTheSpire","floor":23.0,"key":"SMITH"}],"circlet_count":0,"master_deck":["hexamod:Strike","hexamod:Strike","hexamod:Strike","hexamod:Defend","hexamod:Defend","hexamod:Defend","hexamod:Defend","hexamod:Sear","hexamod:Float+1","hexamod:FastForward","hexamod:HauntingEcho","hexamod:Again","hexamod:RetreatToShadows+1","hexamod:ExtraCrispy","hexamod:InspiringFlames","hexamod:Rewind","hexamod:HauntingEcho","hexamod:SearingWound+1","hexamod:ShieldOfDarkness","hexamod:BurningTouch","expansioncontent:StudyTheSpire+1","Clumsy","hexamod:GhostOfSpireFuture+1","hexamod:EtherealExpedition","hexamod:GhostOfSpirePast","hexamod:BacktrackSmack","hexamod:GhostOfSpireFuture+1"],"relics":["hexamod:SpiritBrand","hexamod:MatchstickCase","Toolbox","Ginger","CeramicFish","SlaversCollar","downfall:ExtraCursedKey","Question Card","DollysMirror"],"acts_visited":["Exordium","TheCity"],"potions_floor_usage":[26,28],"damage_taken":[{"damage":5.0,"enemies":"Jaw Worm","floor":2.0,"turns":4.0},{"damage":5.0,"enemies":"downfall:FleeingMerchant","floor":4.0,"turns":4.0},{"damage":0.0,"enemies":"Small Slimes","floor":8.0,"turns":3.0},{"damage":5.0,"enemies":"downfall:FleeingMerchant","floor":9.0,"turns":4.0},{"damage":3.0,"enemies":"2 Louse","floor":12.0,"turns":2.0},{"damage":0.0,"enemies":"Large Slime","floor":13.0,"turns":3.0},{"damage":5.0,"enemies":"Lots of Slimes","floor":14.0,"turns":4.0},{"damage":3.0,"enemies":"Blue Slaver","floor":15.0,"turns":3.0},{"damage":31.0,"enemies":"DF_ARCHETYPE_STREAMLINE","floor":16.0,"turns":9.0},{"damage":18.0,"enemies":"Shell Parasite","floor":19.0,"turns":5.0},{"damage":10.0,"enemies":"downfall:FleeingMerchant","floor":22.0,"turns":4.0},{"damage":21.0,"enemies":"downfall:FleeingMerchant","floor":25.0,"turns":4.0},{"damage":8,"enemies":"3 Byrds","floor":26,"turns":5},{"damage":18,"enemies":"downfall:FleeingMerchant","floor":27,"turns":3},{"damage":21,"enemies":"Slavers","floor":28,"turns":3}],"seed_played":"-2592575489472733265","potions_obtained":[{"floor":12.0,"key":"GamblersBrew"},{"floor":13.0,"key":"Guardian:BlockOnCardUsePotion"},{"floor":14.0,"key":"hexamod:SoulburnPotion"},{"floor":15.0,"key":"SpeedPotion"},{"floor":26,"key":"FairyPotion"}],"is_trial":false,"path_per_floor":["R","M","?","$","?","?","T","M","$","?","R","M","M","M","M","B",null,"R","M","?","?","$","R","T","$","M","$","E"],"character_chosen":"THE_SPIRIT","items_purchased":["hexamod:MatchstickCase","Toolbox","hexamod:ExtraCrispy","EntropicBrew","expansioncontent:StudyTheSpire","hexamod:BacktrackSmack","DollysMirror"],"campfire_rested":0,"item_purchase_floors":[4,4,9,22,22,27,27],"current_hp_per_floor":[70,65,65,60,60,48,48,48,43,43,43,40,40,35,32,1,70,70,52,52,52,42,42,42,21,13,21,0,0,0],"gold":140,"neow_bonus":"THREE_CARDS","is_daily":false,"chose_seed":false,"campfire_upgraded":4,"win_rate":0.0,"timestamp":1613369044,"path_taken":["R","M","?","$","?","?","T","M","$","?","R","M","?","M","M","BOSS","R","M","?","?","$","R","T","$","M","$","E"],"items_purchased_type":["Relic","Relic","Card","Potion","Card","Card","Relic"],"build_version":"2020-12-22","purchased_purges":4,"victory":false,"max_hp_per_floor":[70,70,70,70,70,70,70,70,70,70,70,70,70,70,70,70,70,70,70,70,70,70,70,70,70,70,70,70,70,70],"card_choices":[{"not_picked":["hexamod:BurningTouch","hexamod:SpectersWail"],"picked":"hexamod:FastForward","floor":0.0},{"not_picked":["hexamod:StepThrough","hexamod:NightmareGuise"],"picked":"hexamod:HauntingEcho","floor":2.0},{"not_picked":["hexamod:HeatShield","hexamod:NightmareStrike","hexamod:GhostShield"],"picked":"SKIP","floor":4.0},{"not_picked":["hexamod:GhostflameBarrier","hexamod:FlamesFromBeyond"],"picked":"hexamod:Again","floor":8.0},{"not_picked":["hexamod:FastForward","hexamod:Firestarter"],"picked":"hexamod:RetreatToShadows","floor":9.0},{"not_picked":["hexamod:UnlimitedPower","hexamod:ShieldOfDarkness"],"picked":"hexamod:InspiringFlames","floor":12.0},{"not_picked":["hexamod:RecurringNightmare","hexamod:Haunt","hexamod:GhostShield"],"picked":"SKIP","floor":13.0},{"not_picked":["hexamod:NightmareGuise","hexamod:SpectersWail"],"picked":"hexamod:Rewind","floor":14.0},{"not_picked":["hexamod:NecessarySacrifice","hexamod:ShieldOfDarkness"],"picked":"hexamod:HauntingEcho","floor":15.0},{"not_picked":["hexamod:ParanormalForm","hexamod:UnleashSpirits"],"picked":"hexamod:SearingWound","floor":16.0},{"not_picked":["hexamod:PowerFromBeyond","hexamod:RecurringNightmare+1"],"picked":"hexamod:ShieldOfDarkness","floor":19.0},{"not_picked":["hexamod:Hexaguard","hexamod:GhostLash"],"picked":"hexamod:BurningTouch","floor":22.0},{"not_picked":["hexamod:InspiringFlames","hexamod:HeatShield","hexamod:FastForward+1"],"picked":"hexamod:GhostOfSpireFuture+1","floor":25.0},{"not_picked":["hexamod:FlamesFromBeyond","hexamod:GhostShield","hexamod:EmpoweredFlame"],"picked":"hexamod:EtherealExpedition","floor":26},{"not_picked":["hexamod:Firestarter","hexamod:UnlimitedPower","hexamod:FastForward"],"picked":"hexamod:GhostOfSpirePast","floor":27}],"player_experience":201093,"relics_obtained":[{"floor":7.0,"key":"CeramicFish"},{"floor":24.0,"key":"Question Card"}],"event_choices":[{"damage_healed":0.0,"max_hp_gain":0.0,"max_hp_loss":0.0,"gold_gain":0.0,"event_name":"Scrap Ooze","player_choice":"Success","floor":6.0,"gold_loss":0.0,"damage_taken":12.0,"relics_obtained":["Ginger"]},{"cards_removed":["hexamod:Strike"],"damage_healed":0.0,"max_hp_gain":0.0,"max_hp_loss":0.0,"gold_gain":0.0,"event_name":"Bonfire Elementals","player_choice":"Offered Basic","floor":10.0,"gold_loss":0.0,"damage_taken":0.0}],"is_beta":false,"boss_relics":[{"not_picked":["Calling Bell","Tiny House"],"picked":"SlaversCollar"}],"items_purged_floors":[4,9,22,27],"is_endless":false,"potions_floor_spawned":[12,13,14,15,26],"killed_by":"Slavers","ascension_level":0}}