{"host":"J","time":1613418383,"event":{"mods":["BaseMod","Minty Spire (QoL Compilation)","Reliquary","StSLib","The Marked"],"gold_per_floor":[118,118,65,65,83,83,109,109,158,9,39,53,81,99,99,201,201,217,228,228,228,80,80,112,123,123,133,133,164,164,199,199,301,301,312,322,322,17,37,37,65,65,92,124,138,138,167,17,17,17],"floor_reached":51,"language":"ENG","playtime":2056,"items_purged":["theMarked:Strike","Writhe","theMarked:Strike","Regret"],"score":984,"play_id":"4e3a9dd7-dcd1-4449-aae3-09d7bf41850a","local_time":"20210215204623","is_ascension_mode":true,"campfire_choices":[{"data":"theMarked:SoldierOfQuellstein","floor":6.0,"key":"SMITH"},{"data":"theMarked:HeightenedSenses","floor":8.0,"key":"SMITH"},{"data":"theMarked:EnhanceMovement","floor":15.0,"key":"SMITH"},{"floor":28.0,"key":"REST"},{"floor":30.0,"key":"REST"},{"floor":32.0,"key":"REST"},{"data":"theMarked:Improvise","floor":40,"key":"SMITH"},{"data":"theMarked:RogueSparks","floor":42,"key":"SMITH"},{"data":"theMarked:ParalyzingBlade","floor":49,"key":"SMITH"}],"circlet_count":0,"master_deck":["theMarked:Strike","theMarked:Strike+1","theMarked:Defend+1","theMarked:Defend","theMarked:Defend","theMarked:Defend","theMarked:SoldierOfQuellstein+1","theMarked:HeightenedSenses+1","theMarked:EmpowerWeapon","theMarked:Parkour","theMarked:BanishingStrike","theMarked:ParalyzingBlade+1","theMarked:EnhanceMovement+1","theMarked:WardOff","theMarked:BanishingStrike","theMarked:EternalStudent","theMarked:Determination","theMarked:RogueSparks+1","RitualDagger","theMarked:BanishingStrike+1","theMarked:Improvise+1","theMarked:Toughness","theMarked:ChainLightning+1","theMarked:Indomitable","theMarked:Heritage","theMarked:WardOff","theMarked:WardOff+1"],"relics":["theMarked:ArtifactOfAir","Toy Ornithopter","Pen Nib","reliquary:Knoch","reliquary:Aerogel","Philosopher\u0027s Stone","Letter Opener","MutagenicStrength","Du-Vu Doll","Tiny Chest","Calipers","Shuriken","Cursed Key","Regal Pillow","Orichalcum","Bag of Preparation","Bottled Lightning"],"acts_visited":["Exordium","TheCity","TheBeyond"],"potions_floor_usage":[39,41,44,50],"damage_taken":[{"damage":0.0,"enemies":"2 Louse","floor":1.0,"turns":2.0},{"damage":0.0,"enemies":"Small Slimes","floor":5.0,"turns":2.0},{"damage":4.0,"enemies":"3 Sentries","floor":7.0,"turns":8.0},{"damage":2.0,"enemies":"Jaw Worm","floor":12.0,"turns":3.0},{"damage":13.0,"enemies":"Gremlin Nob","floor":13.0,"turns":3.0},{"damage":0.0,"enemies":"2 Fungi Beasts","floor":14.0,"turns":4.0},{"damage":0.0,"enemies":"The Guardian","floor":16.0,"turns":11.0},{"damage":3.0,"enemies":"Spheric Guardian","floor":18.0,"turns":3.0},{"damage":14.0,"enemies":"2 Thieves","floor":19.0,"turns":3.0},{"damage":21.0,"enemies":"Gremlin Leader","floor":24.0,"turns":9.0},{"damage":19.0,"enemies":"Snake Plant","floor":25.0,"turns":4.0},{"damage":4.0,"enemies":"3 Cultists","floor":27.0,"turns":5.0},{"damage":38.0,"enemies":"Book of Stabbing","floor":29.0,"turns":4.0},{"damage":17.0,"enemies":"Slavers","floor":31.0,"turns":5.0},{"damage":9.0,"enemies":"Champ","floor":33.0,"turns":9.0},{"damage":3.0,"enemies":"Orb Walker","floor":35.0,"turns":3.0},{"damage":0.0,"enemies":"3 Shapes","floor":36.0,"turns":3.0},{"damage":12,"enemies":"Jaw Worm Horde","floor":39,"turns":4},{"damage":6,"enemies":"Giant Head","floor":41,"turns":8},{"damage":1,"enemies":"Reptomancer","floor":44,"turns":6},{"damage":8,"enemies":"Transient","floor":45,"turns":5},{"damage":1,"enemies":"Giant Head","floor":47,"turns":7},{"damage":5,"enemies":"Awakened One","floor":50,"turns":10}],"seed_played":"8566926037152320790","potions_obtained":[{"floor":0.0,"key":"theMarked:ChargePotion"},{"floor":0.0,"key":"AttackPotion"},{"floor":0.0,"key":"LiquidMemories"},{"floor":7.0,"key":"LiquidBronze"},{"floor":13.0,"key":"Energy Potion"},{"floor":16.0,"key":"AttackPotion"},{"floor":33.0,"key":"EssenceOfSteel"},{"floor":35.0,"key":"Strength Potion"},{"floor":41,"key":"ColorlessPotion"}],"is_trial":false,"path_per_floor":["M","?","$","?","M","R","E","R","T","$","?","M","E","M","R","B",null,"M","M","?","?","$","?","E","M","T","M","R","E","R","E","R","B",null,"M","M","?","$","M","R","E","R","T","E","M","$","E","$","R","B",null],"character_chosen":"THE_DEFAULT","items_purchased":["theMarked:EmpowerWeapon","theMarked:ParalyzingBlade","theMarked:ChargePotion","theMarked:Heritage","theMarked:WardOff","Energy Potion"],"campfire_rested":3,"item_purchase_floors":[3,10,22,38,38,38],"current_hp_per_floor":[70,56,56,49,49,49,45,45,45,45,45,43,35,35,35,35,70,67,58,58,58,58,52,36,17,17,13,34,1,22,10,31,22,70,67,67,67,67,58,58,57,57,57,61,53,53,52,52,52,52],"gold":17,"neow_bonus":"THREE_SMALL_POTIONS","is_daily":false,"chose_seed":false,"campfire_upgraded":6,"win_rate":0.0,"timestamp":1613418383,"path_taken":["M","?","$","?","M","R","E","R","T","$","?","M","E","M","R","BOSS","M","M","?","?","?","?","E","M","T","?","R","E","R","E","R","BOSS","M","M","?","$","M","R","E","R","T","E","M","$","E","$","R","BOSS"],"items_purchased_type":["Card","Card","Potion","Card","Card","Potion"],"build_version":"2020-12-18","purchased_purges":4,"victory":true,"max_hp_per_floor":[70,70,70,70,70,70,70,70,70,70,70,70,70,70,70,70,70,70,70,70,70,70,70,70,70,70,70,70,70,70,70,70,70,70,70,70,70,70,70,70,70,70,70,70,70,70,70,70,70,70],"card_choices":[{"not_picked":["theMarked:ElectricStrings","theMarked:Standoff"],"picked":"theMarked:HeightenedSenses","floor":1.0},{"not_picked":["theMarked:MysticalArsenal","theMarked:Indomitable"],"picked":"theMarked:Parkour","floor":5.0},{"not_picked":["theMarked:ElectricStrings","theMarked:Reabsorb"],"picked":"theMarked:BanishingStrike","floor":7.0},{"not_picked":["theMarked:ShockingTouch","theMarked:UnarmedFury"],"picked":"theMarked:EnhanceMovement","floor":12.0},{"not_picked":["theMarked:BanishingStrike","theMarked:HeightenedSenses"],"picked":"theMarked:WardOff","floor":13.0},{"not_picked":["theMarked:TakeCover","theMarked:TwofoldDefense"],"picked":"theMarked:BanishingStrike","floor":14.0},{"not_picked":["theMarked:ThrowWeapon","theMarked:Levitate"],"picked":"theMarked:EternalStudent","floor":16.0},{"not_picked":["theMarked:Improvise","theMarked:ResourceFulStrike"],"picked":"theMarked:Determination","floor":18.0},{"not_picked":["theMarked:Frustration+1","theMarked:Memento"],"picked":"theMarked:RogueSparks","floor":19.0},{"not_picked":["theMarked:Electrocute+1","theMarked:ElectricStrings","theMarked:Reabsorb"],"picked":"SKIP","floor":24.0},{"not_picked":["theMarked:TwofoldDefense","theMarked:Parkour"],"picked":"theMarked:BanishingStrike+1","floor":25.0},{"not_picked":["theMarked:ResourceFulStrike","theMarked:ElectricStrings","theMarked:Parkour+1"],"picked":"SKIP","floor":27.0},{"not_picked":["theMarked:TheMission","theMarked:TurnInvisible"],"picked":"theMarked:Improvise","floor":29.0},{"not_picked":["theMarked:Abjuration","theMarked:TakeCover","theMarked:ThrowWeapon"],"picked":"SKIP","floor":31.0},{"not_picked":["theMarked:TurnInvisible","theMarked:TakeOffHeels"],"picked":"theMarked:Toughness","floor":33.0},{"not_picked":["theMarked:Parkour","theMarked:Standoff"],"picked":"theMarked:ChainLightning+1","floor":35.0},{"not_picked":["theMarked:TakeCover+1","theMarked:Aftermath+1"],"picked":"theMarked:Indomitable","floor":36.0},{"not_picked":["theMarked:Friction","theMarked:Static+1","theMarked:EmpowerWeapon+1"],"picked":"SKIP","floor":39},{"not_picked":["theMarked:Improvise+1","theMarked:WastefulAttack+1","theMarked:ShockingTouch"],"picked":"SKIP","floor":41},{"not_picked":["theMarked:UnarmedFury","theMarked:Parry"],"picked":"theMarked:WardOff+1","floor":44},{"not_picked":["theMarked:HeightenedSenses","theMarked:Improvise+1","theMarked:Panic"],"picked":"SKIP","floor":45},{"not_picked":["theMarked:SwordAndMagic+1","theMarked:Overcharge","theMarked:BanishingStrike"],"picked":"SKIP","floor":47}],"player_experience":1273360,"relics_obtained":[{"floor":7.0,"key":"Toy Ornithopter"},{"floor":9.0,"key":"Pen Nib"},{"floor":13.0,"key":"reliquary:Aerogel"},{"floor":24.0,"key":"Du-Vu Doll"},{"floor":26.0,"key":"Tiny Chest"},{"floor":29.0,"key":"Calipers"},{"floor":31.0,"key":"Shuriken"},{"floor":41,"key":"Regal Pillow"},{"floor":43,"key":"Orichalcum"},{"floor":44,"key":"Bag of Preparation"},{"floor":47,"key":"Bottled Lightning"}],"event_choices":[{"damage_healed":0.0,"max_hp_gain":0.0,"max_hp_loss":0.0,"gold_gain":0.0,"event_name":"Shining Light","player_choice":"Entered Light","floor":2.0,"gold_loss":0.0,"damage_taken":14.0,"cards_upgraded":["theMarked:Strike","theMarked:Defend"]},{"cards_removed":["theMarked:Strike"],"damage_healed":0.0,"max_hp_gain":0.0,"max_hp_loss":0.0,"gold_gain":0.0,"event_name":"Golden Wing","player_choice":"Card Removal","floor":4.0,"gold_loss":0.0,"damage_taken":7.0},{"damage_healed":0.0,"max_hp_gain":0.0,"max_hp_loss":0.0,"gold_gain":30.0,"event_name":"Dead Adventurer","player_choice":"Searched \u00273\u0027 times","floor":11.0,"gold_loss":0.0,"damage_taken":0.0,"relics_obtained":["reliquary:Knoch"]},{"damage_healed":0.0,"max_hp_gain":0.0,"max_hp_loss":0.0,"gold_gain":0.0,"event_name":"The Mausoleum","player_choice":"Opened","floor":20.0,"gold_loss":0.0,"damage_taken":0.0,"relics_obtained":["Letter Opener"],"cards_obtained":["Writhe"]},{"damage_healed":0.0,"max_hp_gain":0.0,"max_hp_loss":0.0,"gold_gain":0.0,"event_name":"Drug Dealer","player_choice":"Inject Mutagens","floor":21.0,"gold_loss":0.0,"damage_taken":0.0,"relics_obtained":["MutagenicStrength"]},{"damage_healed":0.0,"max_hp_gain":0.0,"max_hp_loss":0.0,"gold_gain":0.0,"event_name":"Nest","player_choice":"Joined the Cult","floor":23.0,"gold_loss":0.0,"damage_taken":6.0,"cards_obtained":["RitualDagger"]},{"damage_healed":0.0,"max_hp_gain":0.0,"max_hp_loss":0.0,"gold_gain":0.0,"event_name":"SensoryStone","player_choice":"Memory 1","floor":37.0,"gold_loss":0.0,"damage_taken":0.0}],"is_beta":true,"boss_relics":[{"not_picked":["Runic Dome","theMarked:BronzeBlade"],"picked":"Philosopher\u0027s Stone"},{"not_picked":["Sozu","SlaversCollar"],"picked":"Cursed Key"}],"items_purged_floors":[10,22,38,48],"is_endless":false,"potions_floor_spawned":[5,7,13,14,16,18,33,35,41],"ascension_level":2}}