{"host":"3e3mwsgb9gfqiuxm","time":1613422248,"event":{"mods":["Act Like it!","BaseMod","Colored Map","Colored Powertips","Downfall","Gensokyo","Googly Eyes","Hermit","Hubris","Infinite Spire","Jorbs\u0027s Wanderer Trilogy","Koishi","Marisa????????","Minty Spire (QoL Compilation)","Quick Restart","Rare Cards Sparkle","Reimu??????","Remilia??????","Replay The Spire","Shop Mod","StSLib","SuperFastMode","Td1madao Mod","The Animator","The Bug Knight","The Cursed","The Hierophant","The Servant 0.9.4","everything is the same but u backflip on backflip","slay the spire mod where everything is the same but ironclad has a cowboy hat"],"gold_per_floor":[117,117,0,32,0,29,29],"floor_reached":6,"language":"ENG","playtime":428,"items_purged":[],"score":208,"play_id":"1a57669e-0bee-4637-ba00-68299d6f25fb","local_time":"20210215155048","is_ascension_mode":true,"campfire_choices":[],"circlet_count":1,"master_deck":["Strike_B+1","Strike_B+1","Strike_B+1","Strike_B+1","Defend_B+1","Defend_B+1","Defend_B+1","Defend_B+1","hubris:InfiniteBlow+7","hubris:DuctTapeCard","hubris:DuctTapeCard","hubris:DuctTapeCard","hubris:DuctTapeCard","hubris:DuctTapeCard","Lockon"],"relics":["Cracked Core","NeowsBlessing","Gensokyo:Justice","hubris:DuctTape","hubris:DuctTape","hubris:DuctTape","Circlet","hubris:DuctTape","hubris:DuctTape","hubris:DuctTape","infinitespire:PuzzleCube","hubris:DuctTape","hubris:DuctTape","hubris:DuctTape","hubris:DuctTape","hubris:DuctTape","Tiny Chest"],"acts_visited":["Gensokyo:Gensokyo"],"potions_floor_usage":[],"damage_taken":[{"damage":0.0,"enemies":"Gensokyo:Python","floor":1.0,"turns":1.0},{"damage":0.0,"enemies":"Gensokyo:2_Kodama","floor":3.0,"turns":1.0},{"damage":0.0,"enemies":"Gensokyo:Aya","floor":4.0,"turns":1.0},{"damage":0,"enemies":"Gensokyo:Cirno","floor":6,"turns":4}],"seed_played":"-3280687880019749959","potions_obtained":[{"floor":3.0,"key":"ColorlessPotion"},{"floor":6,"key":"BlessingOfTheForge"}],"is_trial":false,"path_per_floor":["M","?","M","?","?","E"],"character_chosen":"DEFECT","items_purchased":[],"campfire_rested":0,"item_purchase_floors":[],"current_hp_per_floor":[75,75,75,75,57,57,57],"gold":29,"neow_bonus":"THREE_ENEMY_KILL","is_daily":false,"chose_seed":false,"campfire_upgraded":0,"win_rate":0.0,"timestamp":1613422248,"path_taken":["M","?","M","?","?","E"],"items_purchased_type":[],"build_version":"2020-12-22","purchased_purges":0,"victory":false,"max_hp_per_floor":[75,75,75,75,75,75,75],"card_choices":[{"not_picked":["Storm","Rebound"],"picked":"Beam Cell","floor":1.0},{"not_picked":["Compile Driver","Hologram"],"picked":"Gash","floor":3.0},{"not_picked":["ReplayTheSpireMod:GoodbyeWorld","Rebound","Cold Snap"],"picked":"SKIP","floor":4.0},{"not_picked":["infinitespire:Starlight","infinitespire:TheBestDefense"],"picked":"hubris:InfiniteBlow+4","floor":5},{"not_picked":["Beam Cell","Chaos"],"picked":"Lockon","floor":6}],"player_experience":1409361,"relics_obtained":[{"floor":4.0,"key":"infinitespire:PuzzleCube"},{"floor":6,"key":"Tiny Chest"}],"event_choices":[],"is_beta":false,"boss_relics":[],"items_purged_floors":[],"is_endless":false,"potions_floor_spawned":[3,6],"killed_by":"Gensokyo:Cirno","ascension_level":1}}