{"host":"4rvakrj1idbgia3f","time":1613365058,"event":{"mods":["BaseMod","Colored Map","Colored Powertips","DeckTracker","Highlight Path","Minty Spire (QoL Compilation)","Random Character Button","StSLib"],"gold_per_floor":[16,26,40,60,60,60,80,80,106,126,126,126],"floor_reached":11,"language":"JPN","playtime":462,"items_purged":[],"score":134,"play_id":"e7bf0480-29cd-42a1-a33d-2c4ed39877e1","local_time":"20210215135738","is_ascension_mode":true,"campfire_choices":[{"data":"Blade Dance","floor":6.0,"key":"SMITH"},{"data":"Neutralize","floor":8.0,"key":"SMITH"}],"circlet_count":0,"master_deck":["AscendersBane","Strike_G","Strike_G","Strike_G","Strike_G","Defend_G","Defend_G","Defend_G","Defend_G","Survivor","Neutralize+1","Slice","Choke","Heel Hook","Blade Dance+1","Blur","Leg Sweep","Slice"],"relics":["Ring of the Snake","Juzu Bracelet"],"acts_visited":["Exordium"],"potions_floor_usage":[],"damage_taken":[{"damage":0.0,"enemies":"Cultist","floor":1.0,"turns":3.0},{"damage":0.0,"enemies":"Jaw Worm","floor":2.0,"turns":3.0},{"damage":5.0,"enemies":"2 Louse","floor":3.0,"turns":3.0},{"damage":4.0,"enemies":"Exordium Wildlife","floor":4.0,"turns":5.0},{"damage":2.0,"enemies":"2 Fungi Beasts","floor":7.0,"turns":4.0},{"damage":2.0,"enemies":"Lots of Slimes","floor":10.0,"turns":6.0},{"damage":42,"enemies":"3 Sentries","floor":11,"turns":12}],"seed_played":"4102197913302480377","potions_obtained":[{"floor":2.0,"key":"Weak Potion"},{"floor":3.0,"key":"BlessingOfTheForge"}],"is_trial":false,"path_per_floor":["M","M","M","M","?","R","M","R","T","M","E"],"character_chosen":"THE_SILENT","items_purchased":[],"campfire_rested":0,"item_purchase_floors":[],"current_hp_per_floor":[59,59,54,50,50,50,48,48,48,46,4,4],"gold":126,"neow_bonus":"TRANSFORM_TWO_CARDS","is_daily":false,"chose_seed":false,"campfire_upgraded":2,"win_rate":0.0,"timestamp":1613365058,"path_taken":["M","?","M","M","?","R","M","R","T","M","E"],"items_purchased_type":[],"build_version":"2020-12-22","purchased_purges":0,"victory":false,"max_hp_per_floor":[66,66,66,66,66,66,66,66,66,66,66,66],"card_choices":[{"not_picked":["Acrobatics","Sucker Punch"],"picked":"Heel Hook","floor":1.0},{"not_picked":["Prepared","Tactician"],"picked":"Blade Dance","floor":2.0},{"not_picked":["Eviscerate","Burst"],"picked":"Blur","floor":3.0},{"not_picked":["Dagger Throw","Sucker Punch"],"picked":"Leg Sweep","floor":4.0},{"not_picked":["Acrobatics","Bouncing Flask","Noxious Fumes"],"picked":"SKIP","floor":7.0},{"not_picked":["Quick Slash","Bane"],"picked":"Slice","floor":10.0}],"player_experience":2387276,"relics_obtained":[{"floor":9.0,"key":"Juzu Bracelet"}],"event_choices":[{"damage_healed":0.0,"max_hp_gain":0.0,"max_hp_loss":0.0,"gold_gain":0.0,"event_name":"The Cleric","player_choice":"Leave","floor":5.0,"gold_loss":0.0,"damage_taken":0.0}],"is_beta":false,"boss_relics":[],"items_purged_floors":[],"is_endless":false,"potions_floor_spawned":[2,3],"killed_by":"3 Sentries","ascension_level":20}}