{"host":"idjwbq71yrpkph1r","time":1613426937,"event":{"mods":["AchievementEnabler","Alarm Clock","BaseMod","Better Third Choice","Block Reminder","Colored Map","Colored Powertips","Conspire","Curses Come First","Displayed Cursed Tome","Hermit","Hubris","Mimic Mod","Minty Spire (QoL Compilation)","Monster B Gone","Morshu Shopkeeper","Rare Cards Sparkle","Relic Stats","StS++","StSLib","The Blue Laboratory","everything is the same but u backflip on backflip"],"gold_per_floor":[119,133,150,160,160,185,210,210,234,234,252,177,236,256,256,361,411,427,206,206,223,223,253,291,40,40,69,85,85,96,108,108,108,108],"floor_reached":33,"language":"ENG","playtime":1137,"items_purged":["Strike_R","Defend_R"],"score":388,"play_id":"4eb27f36-ed15-414e-b25a-242a9a22f0d3","local_time":"20210215230857","is_ascension_mode":true,"campfire_choices":[{"floor":8,"key":"REST"},{"floor":10,"key":"REST"},{"floor":15,"key":"REST"},{"floor":32,"key":"REST"}],"circlet_count":0,"master_deck":["Strike_R","Strike_R","Strike_R","Strike_R","Defend_R","Defend_R","Defend_R","Bash","Clothesline+1","Clash","StSpp:TheBiggerTheyAre","Clash","Bludgeon","Evolve","Iron Wave","Thunderclap","Immolate","Bludgeon","Flex","Infernal Blade+1","Clash+1"],"relics":["Fusion Hammer","hubris:Towel","MealTicket","StSpp:BrokenTotem","Bronze Scales","StSpp:BoiledEgg","Tiny House","MutagenicStrength","Molten Egg 2","conspire:Dentures","hubris:SphereOfDissonance","Pantograph","hubris:MysteriousPyramids","Potion Belt"],"acts_visited":["Exordium","TheCity"],"potions_floor_usage":[13,16,24,27,33],"damage_taken":[{"damage":0,"enemies":"Cultist","floor":1,"turns":3},{"damage":4,"enemies":"Jaw Worm","floor":2,"turns":3},{"damage":3,"enemies":"2 Louse","floor":3,"turns":3},{"damage":10,"enemies":"2 Fungi Beasts","floor":4,"turns":3},{"damage":10,"enemies":"Lagavulin","floor":6,"turns":4},{"damage":19,"enemies":"conspire:MimicChest","floor":7,"turns":3},{"damage":1,"enemies":"Exordium Wildlife","floor":11,"turns":2},{"damage":27,"enemies":"Lagavulin Event","floor":13,"turns":4},{"damage":1,"enemies":"Looter","floor":14,"turns":2},{"damage":0,"enemies":"Slime Boss","floor":16,"turns":3},{"damage":7,"enemies":"Chosen","floor":18,"turns":2},{"damage":14,"enemies":"Shell Parasite","floor":21,"turns":3},{"damage":19,"enemies":"conspire:SneckoGhost","floor":23,"turns":5},{"damage":17,"enemies":"Snecko","floor":24,"turns":5},{"damage":24,"enemies":"Book of Stabbing","floor":27,"turns":2},{"damage":10,"enemies":"Snecko","floor":28,"turns":3},{"damage":21,"enemies":"Sentry and Sphere","floor":30,"turns":4},{"damage":13,"enemies":"Centurion and Healer","floor":31,"turns":3},{"damage":39,"enemies":"conspire:MysteriousRune","floor":33,"turns":4}],"seed_played":"1126661389566792612","potions_obtained":[{"floor":1,"key":"ColorlessPotion"},{"floor":2,"key":"Regen Potion"},{"floor":7,"key":"SteroidPotion"},{"floor":11,"key":"blueLaboratory:RecallPotion"},{"floor":14,"key":"LiquidMemories"},{"floor":17,"key":"Ancient Potion"},{"floor":23,"key":"blueLaboratory:FruitPunch"}],"is_trial":false,"path_per_floor":["M","M","M","M","?","E","?","R","T","R","M","$","?","M","R","B",null,"M","$","?","M","?","E","MIM","$","T","E","M","?","M","M","R","B"],"character_chosen":"IRONCLAD","items_purchased":["Bludgeon","Flex","Pantograph"],"campfire_rested":4,"item_purchase_floors":[19,19,25],"current_hp_per_floor":[80,76,73,63,63,53,34,58,58,80,79,80,53,52,76,76,85,78,85,85,71,71,52,37,52,52,28,18,47,26,13,39,0,0],"gold":108,"neow_bonus":"BOSS_RELIC","is_daily":false,"chose_seed":false,"campfire_upgraded":0,"win_rate":0.0,"timestamp":1613426937,"path_taken":["M","M","?","M","?","E","?","R","T","R","M","$","?","M","R","BOSS","M","$","?","M","?","E","?","$","T","E","M","?","M","M","R","BOSS"],"items_purchased_type":["Card","Card","Relic"],"build_version":"2020-12-22","purchased_purges":2,"victory":false,"max_hp_per_floor":[80,80,80,80,80,80,80,80,80,80,80,80,80,80,80,80,85,85,85,85,85,85,85,87,87,87,87,87,87,87,87,87,87,87],"relic_stats":{"counters":[19,61],"Bronze Scales":[64],"Pantograph":0,"MealTicket":23,"obtain_stats":[{"conspire:Dentures":24,"Potion Belt":27,"Tiny House":17,"hubris:SphereOfDissonance":24,"StSpp:BoiledEgg":13,"hubris:Towel":5,"hubris:MysteriousPyramids":26,"Burning Blood":0,"Bronze Scales":9,"MutagenicStrength":22,"Pantograph":25,"MealTicket":6,"StSpp:BrokenTotem":7,"Molten Egg 2":23,"Fusion Hammer":0},{"conspire:Dentures":14,"Potion Belt":15,"Tiny House":10,"hubris:SphereOfDissonance":14,"StSpp:BoiledEgg":8,"hubris:Towel":4,"hubris:MysteriousPyramids":14,"Burning Blood":0,"Bronze Scales":6,"MutagenicStrength":12,"Pantograph":14,"MealTicket":5,"StSpp:BrokenTotem":6,"Molten Egg 2":13,"Fusion Hammer":0},{"conspire:Dentures":45,"Potion Belt":47,"Tiny House":30,"hubris:SphereOfDissonance":45,"StSpp:BoiledEgg":25,"hubris:Towel":12,"hubris:MysteriousPyramids":45,"Burning Blood":0,"Bronze Scales":19,"MutagenicStrength":35,"Pantograph":45,"MealTicket":16,"StSpp:BrokenTotem":19,"Molten Egg 2":40,"Fusion Hammer":0}]},"card_choices":[{"not_picked":["StSpp:Jab","StSpp:Sprint"],"picked":"Clothesline","floor":1},{"not_picked":["Warcry","Cleave"],"picked":"Clash","floor":2},{"not_picked":["Feel No Pain","Dark Embrace"],"picked":"StSpp:TheBiggerTheyAre","floor":3},{"not_picked":["Flex","StSpp:Sprint"],"picked":"Clash","floor":4},{"not_picked":["Pommel Strike","Rupture"],"picked":"Bludgeon","floor":6},{"not_picked":["Heavy Blade","Seeing Red"],"picked":"Evolve","floor":11},{"not_picked":["Ghostly Armor","Entrench"],"picked":"Iron Wave","floor":13},{"not_picked":["Twin Strike","StSpp:Succumb"],"picked":"Thunderclap","floor":14},{"not_picked":["Reaper","Demon Form"],"picked":"Immolate","floor":16},{"not_picked":["Shockwave+1","Anger","Shrug It Off"],"picked":"SKIP","floor":18},{"not_picked":["Pommel Strike+1","Sword Boomerang","Armaments"],"picked":"SKIP","floor":21},{"not_picked":["Havoc","Perfected Strike+1","Twin Strike+1"],"picked":"SKIP","floor":23},{"not_picked":["Combust","Feel No Pain+1"],"picked":"Infernal Blade+1","floor":27},{"not_picked":["StSpp:MuscleMemory","Blood for Blood+1"],"picked":"Clash+1","floor":28},{"not_picked":["Armaments+1","Clothesline+1","StSpp:Sprint"],"picked":"SKIP","floor":30},{"not_picked":["Armaments","hubris:ReadiedAction","Headbutt+1"],"picked":"SKIP","floor":31}],"player_experience":364658,"relics_obtained":[{"floor":6,"key":"MealTicket"},{"floor":7,"key":"StSpp:BrokenTotem"},{"floor":9,"key":"Bronze Scales"},{"floor":13,"key":"StSpp:BoiledEgg"},{"floor":23,"key":"Molten Egg 2"},{"floor":24,"key":"conspire:Dentures"},{"floor":24,"key":"hubris:SphereOfDissonance"},{"floor":26,"key":"hubris:MysteriousPyramids"},{"floor":27,"key":"Potion Belt"}],"event_choices":[{"damage_healed":0,"gold_gain":30,"player_choice":"Searched \u00272\u0027 times","damage_taken":0,"max_hp_gain":0,"max_hp_loss":0,"event_name":"Dead Adventurer","floor":13,"gold_loss":0},{"damage_healed":0,"gold_gain":0,"player_choice":"Leave","damage_taken":0,"max_hp_gain":0,"max_hp_loss":0,"event_name":"conspire:Investor","floor":20,"gold_loss":0},{"damage_healed":0,"gold_gain":0,"player_choice":"Inject Mutagens","damage_taken":0,"relics_obtained":["MutagenicStrength"],"max_hp_gain":0,"max_hp_loss":0,"event_name":"Drug Dealer","floor":22,"gold_loss":0},{"damage_healed":29,"gold_gain":0,"player_choice":"Heal","damage_taken":0,"max_hp_gain":0,"max_hp_loss":0,"event_name":"The Library","floor":29,"gold_loss":0}],"is_beta":false,"boss_relics":[{"not_picked":["Coffee Dripper","Runic Cube"],"picked":"Tiny House"}],"items_purged_floors":[12,19],"is_endless":false,"potions_floor_spawned":[1,2,7,11,14,21,23],"killed_by":"conspire:MysteriousRune","ascension_level":3}}