{"host":"pv3sjfzbkjl0g4yo","time":1613426413,"event":{"mods":["BaseMod","Hubris","Marisa????????","Minty Spire (QoL Compilation)","Replay The Spire","StSLib","The Necromancer","TheBandit"],"gold_per_floor":[111,111,121,121,121,159,159,175,220,239,257,257,273,287,287,408,408,424,424,424],"floor_reached":18,"language":"ENG","playtime":1231,"items_purged":[],"score":166,"play_id":"2d158d6f-6885-46f7-b2f4-7853afac0a84","local_time":"20210215170013","is_ascension_mode":false,"campfire_choices":[{"data":"wariomod:GreaterGuard","floor":7,"key":"SMITH"},{"floor":15,"key":"REST"}],"circlet_count":0,"master_deck":["wariomod:Strike","wariomod:Strike","wariomod:Strike","wariomod:Defend","wariomod:Defend","wariomod:Defend","wariomod:Defend","wariomod:Step+1","wariomod:Leap","wariomod:GreaterGuard+1","wariomod:HappyHop","wariomod:MassiveParty","wariomod:WipeClean"],"relics":["wariomod:TheHat","Golden Idol","hubris:FunFungus","Happy Flower","Onion Ring","Ring of Chaos"],"acts_visited":["Exordium","TheCity"],"potions_floor_usage":[],"damage_taken":[{"damage":0,"enemies":"Cultist","floor":1,"turns":3},{"damage":0,"enemies":"Small Slimes","floor":3,"turns":3},{"damage":16,"enemies":"3 Sentries","floor":6,"turns":9},{"damage":6,"enemies":"Jaw Worm","floor":8,"turns":4},{"damage":11,"enemies":"Gremlin Gang","floor":10,"turns":3},{"damage":8,"enemies":"Exordium Thugs","floor":11,"turns":4},{"damage":2,"enemies":"Large Slime","floor":13,"turns":3},{"damage":0,"enemies":"Looter","floor":14,"turns":3},{"damage":7,"enemies":"Fading Forest","floor":16,"turns":11},{"damage":7,"enemies":"Shell Parasite","floor":18,"turns":6}],"seed_played":"-8031155031149167010","potions_obtained":[{"floor":1,"key":"Fruit Juice"},{"floor":11,"key":"Venom Potion"},{"floor":13,"key":"Reflective Coating"}],"is_trial":false,"path_per_floor":["M","?","M","$","?","E","R","M","T","M","M","T","M","M","R","B",null,"M"],"character_chosen":"THE_BANDIT","items_purchased":[],"campfire_rested":1,"item_purchase_floors":[],"current_hp_per_floor":[80,80,80,80,60,44,44,38,38,27,19,19,17,17,41,53,80,73,73,73],"gold":424,"neow_bonus":"RANDOM_EVENT","is_daily":false,"chose_seed":false,"campfire_upgraded":1,"win_rate":0.0,"timestamp":1613426413,"path_taken":["M","?","?","?","?","E","R","M","T","M","M","?","M","M","R","BOSS","M"],"items_purchased_type":[],"build_version":"2020-12-22","purchased_purges":0,"victory":false,"max_hp_per_floor":[80,80,80,80,80,80,80,80,80,80,80,80,80,80,80,80,80,80,80,80],"card_choices":[{"not_picked":["wariomod:WhirlwindBurst","wariomod:NullJump","wariomod:Game"],"picked":"SKIP","floor":1},{"not_picked":["wariomod:BodyBlock","wariomod:DanceDash","wariomod:HastyRush"],"picked":"SKIP","floor":3},{"not_picked":["wariomod:DoubleDash","wariomod:f"],"picked":"wariomod:GreaterGuard","floor":6},{"not_picked":["wariomod:SimpleShield","wariomod:DanceDash","wariomod:Game"],"picked":"SKIP","floor":8},{"not_picked":["wariomod:BumRush","wariomod:BoomBoom"],"picked":"wariomod:HappyHop","floor":10},{"not_picked":["wariomod:DoubleDash","wariomod:SmallSprint","wariomod:ThatsNotAll"],"picked":"SKIP","floor":11},{"not_picked":["wariomod:TempestBlasts","wariomod:SimpleShield"],"picked":"wariomod:MassiveParty","floor":13},{"not_picked":["wariomod:Bombtime","wariomod:DoubleDash","wariomod:SimpleShield"],"picked":"SKIP","floor":14},{"not_picked":["wariomod:ForbiddenMagic","wariomod:Enshrine"],"picked":"wariomod:WipeClean","floor":16}],"player_experience":561674,"relics_obtained":[{"floor":6,"key":"hubris:FunFungus"},{"floor":9,"key":"Happy Flower"},{"floor":12,"key":"Onion Ring"}],"event_choices":[{"damage_healed":0,"gold_gain":0,"player_choice":"Grow","damage_taken":0,"max_hp_gain":0,"max_hp_loss":0,"event_name":"Living Wall","floor":0,"gold_loss":0,"cards_upgraded":["wariomod:Step"]},{"cards_removed":["wariomod:Strike"],"damage_healed":0,"gold_gain":0,"player_choice":"Offered Basic","damage_taken":0,"max_hp_gain":0,"max_hp_loss":0,"event_name":"Bonfire Elementals","floor":2,"gold_loss":0},{"damage_healed":0,"gold_gain":0,"player_choice":"Take Damage","damage_taken":20,"relics_obtained":["Golden Idol"],"max_hp_gain":0,"max_hp_loss":0,"event_name":"Golden Idol","floor":5,"gold_loss":0}],"is_beta":false,"boss_relics":[{"not_picked":["Tiny House","Sozu"],"picked":"Ring of Chaos"}],"items_purged_floors":[],"is_endless":false,"potions_floor_spawned":[1,11,13,14],"killed_by":"Shell Parasite","ascension_level":0}}