{"host":"oigynbtg272c19pw","time":1613401372,"event":{"mods":["BaseMod","Colored Map","Minty Spire (QoL Compilation)","Relic Stats","Slay the Relics Exporter","StSLib"],"gold_per_floor":[118,137,137,137,137,172,172,498,498,516,544,112,55,73,73,144,144,163,177,177,177,189,189,208,208,235,235,268,268,268],"floor_reached":29,"playtime":994,"items_purged":["Regret"],"score":722,"play_id":"74ca287e-fa88-4295-8fda-6fd9d5536a5c","local_time":"20210215160252","is_ascension_mode":true,"campfire_choices":[{"data":"WheelKick","floor":7.0,"key":"SMITH"},{"data":"1","floor":15.0,"key":"LIFT"},{"floor":23,"key":"REST"},{"floor":25,"key":"REST"},{"data":"2","floor":27,"key":"LIFT"}],"circlet_count":0,"master_deck":["AscendersBane","Strike_P","Strike_P","Defend_P","Defend_P","Defend_P","Defend_P","Eruption","Vigilance","CrushJoints","Meditate","WheelKick+1","Establishment","Consecrate","Wireheading","Consecrate","Protect","Protect","FlyingSleeves","Blasphemy","Wireheading"],"relics":["PureWater","NeowsBlessing","Mummified Hand","PreservedInsect","Pen Nib","Old Coin","Sundial","Girya","Yang","Philosopher\u0027s Stone","Toy Ornithopter","Bag of Preparation"],"acts_visited":["Exordium","TheCity"],"potions_floor_usage":[22],"damage_taken":[{"damage":0.0,"enemies":"Jaw Worm","floor":1.0,"turns":1.0},{"damage":0.0,"enemies":"Small Slimes","floor":2.0,"turns":1.0},{"damage":0.0,"enemies":"Lagavulin","floor":6.0,"turns":2.0},{"damage":5.0,"enemies":"Gremlin Nob","floor":8.0,"turns":2.0},{"damage":0.0,"enemies":"Cultist","floor":10.0,"turns":2.0},{"damage":15.0,"enemies":"3 Sentries","floor":11.0,"turns":3.0},{"damage":0.0,"enemies":"Blue Slaver","floor":14.0,"turns":2.0},{"damage":0.0,"enemies":"The Guardian","floor":16.0,"turns":9.0},{"damage":17.0,"enemies":"2 Thieves","floor":18.0,"turns":4.0},{"damage":0.0,"enemies":"Spheric Guardian","floor":19.0,"turns":3.0},{"damage":25,"enemies":"Cultist and Chosen","floor":22,"turns":5},{"damage":33,"enemies":"Snake Plant","floor":24,"turns":4},{"damage":22,"enemies":"Book of Stabbing","floor":28,"turns":3},{"damage":0,"enemies":"Sentry and Sphere","floor":29,"turns":3}],"seed_played":"-1732111636630681060","potions_obtained":[{"floor":1.0,"key":"BottledMiracle"},{"floor":10.0,"key":"Ambrosia"},{"floor":16.0,"key":"Weak Potion"},{"floor":19.0,"key":"Ancient Potion"},{"floor":22,"key":"Explosive Potion"}],"is_trial":false,"path_per_floor":["M","M","?","?","T","E","R","E","T","M","E","$","$","M","R","B",null,"M","M","?","?","M","R","M","R","T","R","E","M"],"character_chosen":"WATCHER","items_purchased":["Yang","Consecrate","Protect","Protect"],"campfire_rested":2,"item_purchase_floors":[12,12,12,13],"current_hp_per_floor":[61,61,54,54,54,54,54,49,49,49,34,34,34,34,34,34,60,43,43,43,43,18,38,5,25,25,25,3,3,3],"gold":268,"neow_bonus":"THREE_ENEMY_KILL","is_daily":false,"chose_seed":false,"campfire_upgraded":1,"win_rate":0.0,"timestamp":1613401372,"path_taken":["M","M","?","?","?","E","R","E","T","M","E","?","$","M","R","BOSS","M","M","?","?","M","R","M","R","T","R","E","?"],"items_purchased_type":["Relic","Card","Card","Card"],"build_version":"2020-12-13","purchased_purges":1,"victory":false,"max_hp_per_floor":[68,68,68,68,68,68,68,68,68,68,68,68,68,68,68,68,68,68,68,68,68,68,68,68,68,68,68,68,68,68],"relic_stats":{"counters":[14,44],"Mummified Hand":[17],"Sundial":[4],"Yang":[63],"PreservedInsect":98,"Pen Nib":[7],"Bag of Preparation":[2],"obtain_stats":[{"Girya":11,"NeowsBlessing":0,"Mummified Hand":4,"Sundial":9,"Yang":12,"Philosopher\u0027s Stone":17,"PreservedInsect":5,"Pen Nib":6,"Bag of Preparation":28,"PureWater":0,"Toy Ornithopter":26,"Old Coin":8},{"Girya":6,"NeowsBlessing":0,"Mummified Hand":2,"Sundial":4,"Yang":6,"Philosopher\u0027s Stone":8,"PreservedInsect":2,"Pen Nib":3,"Bag of Preparation":13,"PureWater":0,"Toy Ornithopter":12,"Old Coin":4},{"Girya":11,"NeowsBlessing":0,"Mummified Hand":2,"Sundial":6,"Yang":11,"Philosopher\u0027s Stone":22,"PreservedInsect":2,"Pen Nib":4,"Bag of Preparation":41,"PureWater":0,"Toy Ornithopter":38,"Old Coin":6}],"Toy Ornithopter":0},"card_choices":[{"not_picked":["Perseverance","JustLucky"],"picked":"CrushJoints","floor":1.0},{"not_picked":["Evaluate","Crescendo"],"picked":"Meditate","floor":2.0},{"not_picked":["EmptyFist","InnerPeace"],"picked":"WheelKick","floor":6.0},{"not_picked":["Halt","Evaluate"],"picked":"Establishment","floor":8.0},{"not_picked":["ClearTheMind","FlurryOfBlows"],"picked":"Consecrate","floor":10.0},{"not_picked":["SandsOfTime","ConjureBlade"],"picked":"Wireheading","floor":11.0},{"not_picked":["Study","CutThroughFate"],"picked":"FlyingSleeves","floor":14.0},{"not_picked":["Alpha","Establishment"],"picked":"Blasphemy","floor":16.0},{"not_picked":["Study","PathToVictory","Swivel"],"picked":"SKIP","floor":18.0},{"not_picked":["Prostrate","Evaluate"],"picked":"Wireheading","floor":19.0},{"not_picked":["EmptyBody","FollowUp","Prostrate"],"picked":"SKIP","floor":22},{"not_picked":["FlyingSleeves","CutThroughFate","Indignation"],"picked":"SKIP","floor":24},{"not_picked":["EmptyMind","WheelKick","SashWhip"],"picked":"SKIP","floor":28}],"player_experience":1612079,"relics_obtained":[{"floor":5.0,"key":"PreservedInsect"},{"floor":6.0,"key":"Pen Nib"},{"floor":8.0,"key":"Old Coin"},{"floor":9.0,"key":"Sundial"},{"floor":11.0,"key":"Girya"},{"floor":26,"key":"Toy Ornithopter"},{"floor":28,"key":"Bag of Preparation"}],"event_choices":[{"cards_removed":["Strike_P"],"damage_healed":0.0,"max_hp_gain":0.0,"max_hp_loss":0.0,"gold_gain":0.0,"event_name":"Golden Wing","player_choice":"Card Removal","floor":3.0,"gold_loss":0.0,"damage_taken":7.0},{"damage_healed":0.0,"max_hp_gain":0.0,"max_hp_loss":0.0,"gold_gain":0.0,"event_name":"Big Fish","player_choice":"Box","floor":4.0,"gold_loss":0.0,"damage_taken":0.0,"relics_obtained":["Mummified Hand"],"cards_obtained":["Regret"]},{"damage_healed":0.0,"max_hp_gain":0.0,"max_hp_loss":0.0,"gold_gain":0.0,"event_name":"Vampires","player_choice":"Ignored","floor":20.0,"gold_loss":0.0,"damage_taken":0.0},{"cards_removed":["Strike_P"],"damage_healed":0.0,"max_hp_gain":0.0,"max_hp_loss":0.0,"gold_gain":0.0,"event_name":"Purifier","player_choice":"Purged","floor":21.0,"gold_loss":0.0,"damage_taken":0.0}],"is_beta":false,"boss_relics":[{"not_picked":["Runic Dome","SlaversCollar"],"picked":"Philosopher\u0027s Stone"}],"items_purged_floors":[12],"is_endless":false,"potions_floor_spawned":[1,10,16,19,22],"killed_by":"Sentry and Sphere","ascension_level":20}}