{"host":"fxrgx7wt2cpkbhka","time":1613363366,"event":{"mods":["AchievementEnabler","BaseMod","Colored Powertips","Dark Map","Minty Spire (QoL Compilation)","Permanent Neow","Quick Restart","Slay-I","StSLib","Waifu the Spire"],"gold_per_floor":[119,119,119,133,143,177,177,203,227,227,239,239,272,286,286,286,286],"floor_reached":16,"language":"ENG","playtime":444,"items_purged":[],"score":298,"play_id":"09adaed5-ab53-442b-b6ec-b24ae90a59be","local_time":"20210214202926","is_ascension_mode":true,"campfire_choices":[{"data":"Inflame","floor":7,"key":"SMITH"},{"floor":10,"key":"REST"},{"floor":15,"key":"REST"}],"circlet_count":0,"master_deck":["AscendersBane","Strike_R","Strike_R","Strike_R","Strike_R","Strike_R","Defend_R","Defend_R","Defend_R","Defend_R","Bash+1","Clash+1","Inflame+1","Flex","Inflame","Limit Break"],"relics":["Burning Blood","NeowsBlessing","Dream Catcher","Blood Vial","Regal Pillow","CaptainsWheel"],"acts_visited":["Exordium"],"potions_floor_usage":[6,13,13],"damage_taken":[{"damage":0,"enemies":"Small Slimes","floor":1,"turns":1},{"damage":0,"enemies":"2 Louse","floor":4,"turns":1},{"damage":0,"enemies":"Cultist","floor":5,"turns":1},{"damage":55,"enemies":"3 Sentries","floor":6,"turns":12},{"damage":32,"enemies":"Gremlin Nob","floor":8,"turns":4},{"damage":30,"enemies":"Exordium Thugs","floor":11,"turns":4},{"damage":43,"enemies":"3 Sentries","floor":13,"turns":10},{"damage":5,"enemies":"2 Fungi Beasts","floor":14,"turns":3}],"seed_played":"-1163638838423112583","potions_obtained":[{"floor":1,"key":"BloodPotion"},{"floor":4,"key":"Regen Potion"},{"floor":8,"key":"Block Potion"},{"floor":13,"key":"Strength Potion"}],"is_trial":false,"path_per_floor":["M","?","?","M","M","E","R","E","T","R","M","$","E","M","R","B"],"character_chosen":"IRONCLAD","items_purchased":[],"campfire_rested":2,"item_purchase_floors":[],"current_hp_per_floor":[74,74,74,75,75,41,41,15,15,52,30,30,10,13,50,0,0],"gold":286,"neow_bonus":"THREE_ENEMY_KILL","is_daily":false,"chose_seed":false,"campfire_upgraded":1,"win_rate":0.0,"timestamp":1613363366,"path_taken":["M","?","?","M","?","E","R","E","T","R","M","$","E","M","R","BOSS"],"items_purchased_type":[],"build_version":"2020-12-22","purchased_purges":0,"victory":false,"max_hp_per_floor":[75,75,75,75,75,75,75,75,75,75,75,75,75,75,75,75,75],"card_choices":[{"not_picked":["Seeing Red","Anger"],"picked":"Clash","floor":1},{"not_picked":["Anger","Wild Strike","Twin Strike"],"picked":"SKIP","floor":4},{"not_picked":["Rage","Uppercut"],"picked":"Inflame","floor":5},{"not_picked":["Entrench","Clothesline"],"picked":"Flex","floor":6},{"not_picked":["Cleave","Entrench","Seeing Red"],"picked":"SKIP","floor":8},{"not_picked":["Headbutt","Anger"],"picked":"Inflame","floor":10},{"not_picked":["Perfected Strike","Ghostly Armor","Bloodletting"],"picked":"SKIP","floor":11},{"not_picked":["Sentinel","Rage"],"picked":"Limit Break","floor":13},{"not_picked":["Dual Wield","Perfected Strike","Disarm"],"picked":"SKIP","floor":14}],"player_experience":782788,"relics_obtained":[{"floor":6,"key":"Dream Catcher"},{"floor":8,"key":"Blood Vial"},{"floor":9,"key":"Regal Pillow"},{"floor":13,"key":"CaptainsWheel"}],"event_choices":[{"damage_healed":0,"gold_gain":0,"player_choice":"Grow","damage_taken":0,"max_hp_gain":0,"max_hp_loss":0,"event_name":"Living Wall","floor":2,"gold_loss":0,"cards_upgraded":["Clash"]},{"damage_healed":0,"gold_gain":0,"player_choice":"Upgraded","damage_taken":0,"max_hp_gain":0,"max_hp_loss":0,"event_name":"Upgrade Shrine","floor":3,"gold_loss":0,"cards_upgraded":["Bash"]}],"is_beta":false,"boss_relics":[],"items_purged_floors":[],"is_endless":false,"potions_floor_spawned":[1,4,8,11,13],"killed_by":"The Guardian","ascension_level":15}}