{"host":"51dweoxrcspgw6ri","time":1613421053,"event":{"mods":["BaseMod","Colored Map","Colored Powertips","Minty Spire (QoL Compilation)","Rare Cards Sparkle","Relic Stats","StSLib","SuperFastMode"],"gold_per_floor":[110,128,278,295,309,309,335,350,403,403,415,415,446,721,721,800,800,817,352,363,383,383],"floor_reached":21,"language":"ENG","playtime":821,"items_purged":["Parasite"],"score":353,"play_id":"6364c2f9-bafd-4cba-916f-fd64c8a85d07","local_time":"20210215213053","is_ascension_mode":true,"campfire_choices":[{"data":"White Noise","floor":6,"key":"SMITH"},{"data":"White Noise","floor":15,"key":"SMITH"}],"circlet_count":0,"master_deck":["AscendersBane","Strike_B","Strike_B","Strike_B","Strike_B","Defend_B","Defend_B","Defend_B","Defend_B","Zap","Dualcast","Good Instincts","White Noise+1","BootSequence","Sweeping Beam","Ball Lightning","Sweeping Beam","White Noise+1","Recycle","Echo Form","Echo Form","FTL","HandOfGreed"],"relics":["Cracked Core","Shuriken","PreservedInsect","The Courier","Cables","Empty Cage","Omamori","Blood Vial"],"acts_visited":["Exordium","TheCity"],"potions_floor_usage":[7,7,13,13,18,20],"damage_taken":[{"damage":0,"enemies":"Cultist","floor":1,"turns":3},{"damage":2,"enemies":"2 Louse","floor":2,"turns":2},{"damage":0,"enemies":"Small Slimes","floor":4,"turns":3},{"damage":8,"enemies":"Blue Slaver","floor":5,"turns":4},{"damage":26,"enemies":"Gremlin Nob","floor":7,"turns":4},{"damage":8,"enemies":"Large Slime","floor":8,"turns":4},{"damage":0,"enemies":"Lots of Slimes","floor":11,"turns":1},{"damage":10,"enemies":"3 Sentries","floor":13,"turns":4},{"damage":20,"enemies":"The Guardian","floor":16,"turns":8},{"damage":15,"enemies":"Spheric Guardian","floor":18,"turns":5},{"damage":27,"enemies":"3 Byrds","floor":20,"turns":4},{"damage":20,"enemies":"Cultist and Chosen","floor":21,"turns":3}],"seed_played":"8822788443590733169","potions_obtained":[{"floor":1,"key":"LiquidMemories"},{"floor":2,"key":"FocusPotion"},{"floor":7,"key":"AttackPotion"},{"floor":11,"key":"EssenceOfDarkness"},{"floor":16,"key":"SpeedPotion"},{"floor":18,"key":"BlessingOfTheForge"}],"is_trial":false,"path_per_floor":["M","M","?","M","M","R","E","M","T","?","M","T","E","?","R","B",null,"M","$","M","M"],"character_chosen":"DEFECT","items_purchased":["Omamori","Blood Vial","HandOfGreed"],"campfire_rested":0,"item_purchase_floors":[19,19,19],"current_hp_per_floor":[64,62,62,62,54,54,28,20,20,37,37,37,27,27,27,7,55,40,40,15,0,0],"gold":383,"neow_bonus":"RANDOM_COLORLESS","is_daily":false,"chose_seed":false,"campfire_upgraded":2,"win_rate":0.0,"timestamp":1613421053,"path_taken":["M","?","?","M","M","R","E","M","T","?","M","?","E","?","R","BOSS","M","$","?","M"],"items_purchased_type":["Relic","Relic","Card"],"build_version":"2020-12-22","purchased_purges":1,"victory":false,"max_hp_per_floor":[71,71,71,71,71,71,71,71,71,71,71,71,71,71,71,71,71,71,68,68,68,68],"relic_stats":{"Blood Vial":4,"counters":[12,45],"Shuriken":[4],"PreservedInsect":31,"obtain_stats":[{"Blood Vial":19,"Shuriken":7,"PreservedInsect":9,"The Courier":12,"Omamori":19,"Cracked Core":0,"Empty Cage":17,"Cables":13},{"Blood Vial":10,"Shuriken":5,"PreservedInsect":6,"The Courier":7,"Omamori":10,"Cracked Core":0,"Empty Cage":9,"Cables":8},{"Blood Vial":38,"Shuriken":16,"PreservedInsect":20,"The Courier":21,"Omamori":38,"Cracked Core":0,"Empty Cage":33,"Cables":25}],"Cables":[17,17,0,0,0]},"card_choices":[{"not_picked":["Impatience","Forethought"],"picked":"Good Instincts","floor":0},{"not_picked":["Steam","Stack"],"picked":"White Noise","floor":1},{"not_picked":["Recycle","Leap"],"picked":"BootSequence","floor":2},{"not_picked":["Consume","Doom and Gloom"],"picked":"Sweeping Beam","floor":4},{"not_picked":["Self Repair","Coolheaded"],"picked":"Ball Lightning","floor":5},{"not_picked":["Rebound","Chill"],"picked":"Sweeping Beam","floor":7},{"not_picked":["Streamline","Steam"],"picked":"White Noise","floor":8},{"not_picked":["Hyperbeam","Chill"],"picked":"Recycle","floor":11},{"not_picked":["Hologram","Genetic Algorithm"],"picked":"Echo Form","floor":13},{"not_picked":["Seek","Fission"],"picked":"Echo Form","floor":16},{"not_picked":["Cold Snap","Reprogram"],"picked":"FTL","floor":18},{"not_picked":["Beam Cell","Auto Shields","Go for the Eyes"],"picked":"SKIP","floor":20}],"player_experience":532018,"relics_obtained":[{"floor":7,"key":"Shuriken"},{"floor":9,"key":"PreservedInsect"},{"floor":12,"key":"The Courier"},{"floor":13,"key":"Cables"}],"event_choices":[{"damage_healed":0,"gold_gain":150,"player_choice":"AGREE","damage_taken":0,"max_hp_gain":0,"max_hp_loss":0,"event_name":"Liars Game","floor":3,"gold_loss":0,"cards_obtained":["Doubt"]},{"damage_healed":17,"gold_gain":0,"player_choice":"Healed and dodged fight","damage_taken":0,"max_hp_gain":0,"max_hp_loss":0,"event_name":"Mushrooms","floor":10,"gold_loss":0,"cards_obtained":["Parasite"]},{"damage_healed":0,"gold_gain":275,"player_choice":"Desecrate","damage_taken":0,"max_hp_gain":0,"max_hp_loss":0,"event_name":"Golden Shrine","floor":14,"gold_loss":0,"cards_obtained":["Regret"]}],"is_beta":false,"boss_relics":[{"not_picked":["Pandora\u0027s Box","Sozu"],"picked":"Empty Cage"}],"items_purged_floors":[19],"is_endless":false,"potions_floor_spawned":[1,2,4,7,11,16,18],"killed_by":"Cultist and Chosen","ascension_level":17}}