{"host":"znvnxllcillb3rtw","time":1613385294,"event":{"mods":["BaseMod","DeckTracker","Minty Spire (QoL Compilation)","Relic Stats","StSLib","SuperFastMode","everything is the same but u backflip on backflip"],"gold_per_floor":[117,117,132,132,132,161,161,177,201,217,234,266,266,278,278,352,352,366,384,384,409,409,428,428,343,343,376,392,392,422,440,440,440,440],"floor_reached":33,"language":"KOR","playtime":1811,"items_purged":[],"score":644,"play_id":"14e487bd-f7d4-4ee0-b9ac-92b1bd44af65","local_time":"20210215193454","is_ascension_mode":true,"campfire_choices":[{"data":"Hello World","floor":7,"key":"SMITH"},{"data":"Buffer","floor":13,"key":"SMITH"},{"data":"Double Energy","floor":15,"key":"SMITH"},{"data":"Hologram","floor":24,"key":"SMITH"},{"data":"Hello World","floor":29,"key":"SMITH"},{"floor":32,"key":"REST"}],"circlet_count":0,"master_deck":["AscendersBane","Strike_B","Strike_B","Strike_B","Defend_B","Defend_B","Defend_B","Defend_B","Zap","Dualcast","Sweeping Beam","Hello World+1","Double Energy+1","Buffer+1","Self Repair","Barrage","FTL","BootSequence","Glacier","All For One","Hologram+1","Barrage+1","Leap","Hello World+1","White Noise","Sunder"],"relics":["Cracked Core","NeowsBlessing","Pocketwatch","Toy Ornithopter","Lantern","Snecko Eye","Red Mask","Ancient Tea Set","Eternal Feather","Meat on the Bone","Omamori"],"acts_visited":["Exordium","TheCity"],"potions_floor_usage":[16,21,27,30],"damage_taken":[{"damage":0,"enemies":"2 Louse","floor":1,"turns":1},{"damage":0,"enemies":"Jaw Worm","floor":3,"turns":1},{"damage":0,"enemies":"Lagavulin","floor":6,"turns":1},{"damage":0,"enemies":"Small Slimes","floor":8,"turns":4},{"damage":1,"enemies":"Looter","floor":10,"turns":4},{"damage":16,"enemies":"Exordium Wildlife","floor":11,"turns":4},{"damage":30,"enemies":"3 Sentries","floor":12,"turns":6},{"damage":6,"enemies":"3 Louse","floor":14,"turns":4},{"damage":11,"enemies":"Slime Boss","floor":16,"turns":14},{"damage":6,"enemies":"2 Thieves","floor":18,"turns":5},{"damage":12,"enemies":"3 Byrds","floor":19,"turns":5},{"damage":0,"enemies":"Masked Bandits","floor":21,"turns":5},{"damage":5,"enemies":"Centurion and Healer","floor":23,"turns":7},{"damage":18,"enemies":"Book of Stabbing","floor":27,"turns":7},{"damage":0,"enemies":"Snecko","floor":28,"turns":7},{"damage":20,"enemies":"Slavers","floor":30,"turns":9},{"damage":49,"enemies":"3 Cultists","floor":31,"turns":8},{"damage":92,"enemies":"Collector","floor":33,"turns":9}],"seed_played":"9073193940742927466","potions_obtained":[{"floor":1,"key":"LiquidBronze"},{"floor":10,"key":"Swift Potion"},{"floor":11,"key":"Dexterity Potion"},{"floor":16,"key":"SmokeBomb"},{"floor":21,"key":"FearPotion"},{"floor":27,"key":"SneckoOil"},{"floor":30,"key":"FearPotion"}],"is_trial":false,"path_per_floor":["M","?","M","T","?","E","R","M","T","M","M","E","R","M","R","B",null,"M","M","?","?","?","M","R","?","T","E","M","R","E","M","R","B"],"character_chosen":"DEFECT","items_purchased":[],"campfire_rested":1,"item_purchase_floors":[],"current_hp_per_floor":[64,69,69,69,69,69,69,69,69,75,66,43,43,44,44,45,68,69,64,43,55,55,57,57,57,57,51,58,70,62,32,69,0,0],"gold":440,"neow_bonus":"THREE_ENEMY_KILL","is_daily":false,"chose_seed":false,"campfire_upgraded":5,"win_rate":0.0,"timestamp":1613385294,"path_taken":["M","?","M","?","?","E","R","M","T","M","M","E","R","M","R","BOSS","M","M","?","?","?","M","R","?","T","E","M","R","E","M","R","BOSS"],"items_purchased_type":[],"build_version":"2020-12-22","purchased_purges":0,"victory":false,"max_hp_per_floor":[71,76,76,76,76,76,76,76,76,76,76,76,76,76,76,76,76,76,76,76,76,76,76,76,76,76,76,76,76,76,76,76,76,76],"relic_stats":{"counters":[18,101],"Snecko Eye":[112,122,116,118],"Eternal Feather":27,"obtain_stats":[{"Lantern":12,"NeowsBlessing":0,"Snecko Eye":17,"Eternal Feather":26,"Red Mask":21,"Omamori":30,"Cracked Core":0,"Ancient Tea Set":25,"Toy Ornithopter":9,"Pocketwatch":6,"Meat on the Bone":27},{"Lantern":7,"NeowsBlessing":0,"Snecko Eye":9,"Eternal Feather":13,"Red Mask":12,"Omamori":16,"Cracked Core":0,"Ancient Tea Set":13,"Toy Ornithopter":4,"Pocketwatch":3,"Meat on the Bone":14},{"Lantern":21,"NeowsBlessing":0,"Snecko Eye":39,"Eternal Feather":61,"Red Mask":54,"Omamori":84,"Cracked Core":0,"Ancient Tea Set":61,"Toy Ornithopter":7,"Pocketwatch":3,"Meat on the Bone":68}],"Toy Ornithopter":20,"Pocketwatch":[86],"Meat on the Bone":12},"card_choices":[{"not_picked":["Force Field","Redo"],"picked":"Sweeping Beam","floor":1},{"not_picked":["Sweeping Beam","Rip and Tear"],"picked":"Hello World","floor":3},{"not_picked":["Streamline","Ball Lightning"],"picked":"Buffer","floor":6},{"not_picked":["Turbo","Scrape"],"picked":"Self Repair","floor":8},{"not_picked":["Compile Driver","Conserve Battery"],"picked":"Barrage","floor":10},{"not_picked":["Machine Learning","Conserve Battery"],"picked":"FTL","floor":11},{"not_picked":["Conserve Battery","Rip and Tear"],"picked":"BootSequence","floor":12},{"not_picked":["Go for the Eyes","Rip and Tear"],"picked":"Glacier","floor":14},{"not_picked":["Multi-Cast","Meteor Strike"],"picked":"All For One","floor":16},{"not_picked":["Undo","Rip and Tear","Redo"],"picked":"SKIP","floor":18},{"not_picked":["Ball Lightning+1","Go for the Eyes"],"picked":"Hologram","floor":19},{"not_picked":["Redo","Amplify"],"picked":"Barrage+1","floor":21},{"not_picked":["Scrape","Steam"],"picked":"Leap","floor":23},{"not_picked":["Redo","Reinforced Body","Recycle"],"picked":"SKIP","floor":27},{"not_picked":["Stack","Steam"],"picked":"Hello World","floor":28},{"not_picked":["BootSequence","Genetic Algorithm"],"picked":"White Noise","floor":30},{"not_picked":["Go for the Eyes","Ball Lightning"],"picked":"Sunder","floor":31}],"player_experience":2901803,"relics_obtained":[{"floor":6,"key":"Pocketwatch"},{"floor":9,"key":"Toy Ornithopter"},{"floor":12,"key":"Lantern"},{"floor":21,"key":"Red Mask"},{"floor":26,"key":"Eternal Feather"},{"floor":27,"key":"Meat on the Bone"},{"floor":30,"key":"Omamori"}],"event_choices":[{"damage_healed":0,"gold_gain":0,"player_choice":"Donut","damage_taken":0,"max_hp_gain":5,"max_hp_loss":0,"event_name":"Big Fish","floor":2,"gold_loss":0},{"damage_healed":0,"gold_gain":0,"cards_transformed":["Strike_B"],"player_choice":"Change","damage_taken":0,"max_hp_gain":0,"max_hp_loss":0,"event_name":"Living Wall","floor":5,"gold_loss":0,"cards_obtained":["Double Energy"]},{"damage_healed":0,"gold_gain":0,"player_choice":"Obtained Book","damage_taken":21,"max_hp_gain":0,"max_hp_loss":0,"event_name":"Cursed Tome","floor":20,"gold_loss":0},{"damage_healed":0,"gold_gain":0,"player_choice":"Fought Bandits","damage_taken":0,"max_hp_gain":0,"max_hp_loss":0,"event_name":"Masked Bandits","floor":21,"gold_loss":0},{"damage_healed":0,"gold_gain":0,"player_choice":"Ignored","damage_taken":0,"max_hp_gain":0,"max_hp_loss":0,"event_name":"The Mausoleum","floor":22,"gold_loss":0},{"damage_healed":0,"gold_gain":0,"player_choice":"Obtained Relic","damage_taken":0,"relics_obtained":["Ancient Tea Set"],"max_hp_gain":0,"max_hp_loss":0,"event_name":"Addict","floor":25,"gold_loss":85}],"is_beta":false,"boss_relics":[{"not_picked":["Pandora\u0027s Box","Velvet Choker"],"picked":"Snecko Eye"}],"items_purged_floors":[],"is_endless":false,"potions_floor_spawned":[1,10,11,12,16,21,27,30],"killed_by":"Collector","ascension_level":20}}