{"host":"udzsrhbqdxqtlypj","time":1613403777,"event":{"mods":["BaseMod","Minty Spire (QoL Compilation)","Relic Stats"],"gold_per_floor":[109,128,140,15,28,59,59,59,59,98,98,112,151,176,176,275,275,275],"floor_reached":17,"language":"ENG","playtime":768,"items_purged":["Strike_B"],"score":301,"play_id":"95576bb0-7d4e-47f3-bf8d-089bac4396eb","local_time":"20210215094257","is_ascension_mode":true,"campfire_choices":[{"floor":7,"key":"REST"},{"floor":11,"key":"REST"},{"floor":15,"key":"REST"}],"circlet_count":0,"master_deck":["AscendersBane","Strike_B","Strike_B","Strike_B","Defend_B","Defend_B","Defend_B","Defend_B","Zap","Dualcast","Hyperbeam","Chill","Cold Snap","Genetic Algorithm","Hologram","Sunder","Core Surge","Reinforced Body+1","Hologram+1","Aggregate+1","Multi-Cast+1","Rainbow+1"],"relics":["Cracked Core","White Beast Statue","Golden Idol","Ornamental Fan","Toxic Egg 2","Incense Burner","Coffee Dripper"],"acts_visited":["Exordium","TheCity"],"potions_floor_usage":[5,13,16],"damage_taken":[{"damage":1,"enemies":"Cultist","floor":1,"turns":3},{"damage":0,"enemies":"2 Louse","floor":2,"turns":2},{"damage":12,"enemies":"Jaw Worm","floor":3,"turns":3},{"damage":9,"enemies":"Large Slime","floor":5,"turns":5},{"damage":34,"enemies":"Gremlin Nob","floor":6,"turns":5},{"damage":10,"enemies":"3 Sentries","floor":10,"turns":4},{"damage":2,"enemies":"Blue Slaver","floor":12,"turns":3},{"damage":16,"enemies":"Lagavulin","floor":13,"turns":6},{"damage":0,"enemies":"2 Fungi Beasts","floor":14,"turns":1},{"damage":28,"enemies":"Slime Boss","floor":16,"turns":14}],"seed_played":"-4790705471207065334","potions_obtained":[{"floor":1,"key":"SkillPotion"},{"floor":3,"key":"LiquidBronze"},{"floor":10,"key":"PotionOfCapacity"},{"floor":13,"key":"EssenceOfSteel"},{"floor":16,"key":"Energy Potion"}],"is_trial":false,"path_per_floor":["M","M","M","$","M","E","R","?","T","E","R","M","E","M","R","B",null],"character_chosen":"DEFECT","items_purchased":["Hologram"],"campfire_rested":3,"item_purchase_floors":[4],"current_hp_per_floor":[63,63,51,51,42,8,27,27,27,17,34,32,16,16,33,5,46,46],"gold":275,"neow_bonus":"THREE_RARE_CARDS","is_daily":false,"chose_seed":false,"campfire_upgraded":0,"win_rate":0.0,"timestamp":1613403777,"path_taken":["M","M","M","$","?","E","R","?","T","E","R","M","E","M","R","BOSS"],"items_purchased_type":["Card"],"build_version":"2020-12-22","purchased_purges":1,"victory":false,"max_hp_per_floor":[64,64,64,64,64,64,64,59,59,59,59,59,59,59,59,59,59,59],"relic_stats":{"counters":[10,46],"Golden Idol":44,"Ornamental Fan":[4],"obtain_stats":[{"Golden Idol":8,"Ornamental Fan":9,"Incense Burner":13,"Coffee Dripper":17,"Toxic Egg 2":10,"Cracked Core":0,"White Beast Statue":6},{"Golden Idol":5,"Ornamental Fan":5,"Incense Burner":8,"Coffee Dripper":10,"Toxic Egg 2":6,"Cracked Core":0,"White Beast Statue":5},{"Golden Idol":18,"Ornamental Fan":18,"Incense Burner":31,"Coffee Dripper":46,"Toxic Egg 2":22,"Cracked Core":0,"White Beast Statue":18}]},"card_choices":[{"not_picked":["Amplify","Creative AI"],"picked":"Hyperbeam","floor":0},{"not_picked":["Blizzard","Darkness"],"picked":"Chill","floor":1},{"not_picked":["Blizzard","Coolheaded"],"picked":"Cold Snap","floor":2},{"not_picked":["Sweeping Beam","Hologram"],"picked":"Genetic Algorithm","floor":3},{"not_picked":["Turbo","Conserve Battery"],"picked":"Sunder","floor":5},{"not_picked":["FTL","Beam Cell"],"picked":"Core Surge","floor":6},{"not_picked":["Coolheaded+1","Conserve Battery+1"],"picked":"Reinforced Body+1","floor":10},{"not_picked":["Doom and Gloom","Consume+1"],"picked":"Hologram+1","floor":12},{"not_picked":["Coolheaded+1","Conserve Battery+1"],"picked":"Aggregate+1","floor":13},{"not_picked":["Compile Driver","Glacier+1"],"picked":"Multi-Cast+1","floor":14},{"not_picked":["Multi-Cast+1","Hyperbeam"],"picked":"Rainbow+1","floor":16}],"player_experience":2912724,"relics_obtained":[{"floor":6,"key":"White Beast Statue"},{"floor":9,"key":"Ornamental Fan"},{"floor":10,"key":"Toxic Egg 2"},{"floor":13,"key":"Incense Burner"}],"event_choices":[{"damage_healed":0,"gold_gain":0,"player_choice":"Lose Max HP","damage_taken":0,"relics_obtained":["Golden Idol"],"max_hp_gain":0,"max_hp_loss":5,"event_name":"Golden Idol","floor":8,"gold_loss":0}],"is_beta":false,"boss_relics":[{"not_picked":["Busted Crown","Ectoplasm"],"picked":"Coffee Dripper"}],"items_purged_floors":[4],"is_endless":false,"potions_floor_spawned":[1,3,10,12,13,14,16],"ascension_level":14}}