{"host":"y4fuci1jk2rsxnep","time":1613398175,"event":{"mods":["AchievementEnabler","BaseMod","Colored Powertips","Custom Start","Defuse TimeMaze Blight","Dio Mod","Downfall","Hermit","Hero for Fun","Hubris","Hunter ??","Infinite Spire","Minty Spire (QoL Compilation)","Quick Restart","Reliquary","Remove Card Discount Mod","Replay The Spire","StSLib","The Blackbeard","The Bug Knight","The Mystic","The Runesmith"],"gold_per_floor":[119,135,152,164,174,174,174,174,199,199,199,36,66,77,77,179,179,196,213,213,133,133,152,172,192,192,210,210,210,210,210,210,210,210],"floor_reached":33,"language":"ENG","playtime":4101,"items_purged":["hermit:Strike_Hermit"],"score":249,"play_id":"aad28f2d-bc2d-46d2-82f4-c94f61803051","local_time":"20210215150935","daily_mods":["Heirloom","Time Dilation","Flight"],"is_ascension_mode":false,"campfire_choices":[{"data":"hermit:WideOpen","floor":6,"key":"SMITH"},{"data":"hermit:Gestalt","floor":8,"key":"SMITH"},{"data":"hermit:GhostlyPresence","floor":10,"key":"SMITH"},{"data":"hermit:ShadowCloak","floor":15,"key":"SMITH"},{"data":"hermit:FlashPowder","floor":28,"key":"SMITH"},{"data":"hermit:WideOpen","floor":29,"key":"SMITH"},{"data":"hermit:FatalDesire","floor":30,"key":"SMITH"},{"floor":32,"key":"REST"}],"circlet_count":0,"master_deck":["hermit:Strike_Hermit","hermit:Strike_Hermit","hermit:Strike_Hermit","hermit:Defend_Hermit","hermit:Defend_Hermit","hermit:Defend_Hermit","hermit:Defend_Hermit","hermit:Snapshot","hermit:Covet","hermit:WideOpen+1","hermit:GhostlyPresence+1","hermit:Misfire","hermit:Gestalt+1","hermit:Determination","Parasite","infinitespire:Execution","hermit:ShadowCloak+1","hermit:Dissolve","hermit:Quickdraw","hermit:FatalDesire+1","hermit:Misfire","hermit:GoldenBullet","hermit:CursedWeapon+1","hermit:WideOpen+1","hermit:FlashPowder+1"],"relics":["hermit:Momento","replay:Trail_Library","mysticmod:CrystalBall","infinitespire:Lychee Nut","ReplayTheSpireMod:Lightbulb","Toy Ornithopter","hubris:ScarierMask","reliquary:Knoch"],"acts_visited":["Exordium","TheCity"],"potions_floor_usage":[12,23,33,33],"damage_taken":[{"damage":0,"enemies":"Cultist","floor":1,"turns":3},{"damage":3,"enemies":"Small Slimes","floor":2,"turns":3},{"damage":0,"enemies":"Jaw Worm","floor":3,"turns":2},{"damage":0,"enemies":"Large Slime","floor":4,"turns":4},{"damage":9,"enemies":"Looter","floor":5,"turns":3},{"damage":20,"enemies":"Lagavulin","floor":13,"turns":6},{"damage":9,"enemies":"Blue Slaver","floor":14,"turns":3},{"damage":1,"enemies":"The Guardian","floor":16,"turns":7},{"damage":5,"enemies":"2 Thieves","floor":18,"turns":3},{"damage":32,"enemies":"Shell Parasite","floor":19,"turns":5},{"damage":18,"enemies":"Snake Plant","floor":23,"turns":4},{"damage":11,"enemies":"Centurion and Healer","floor":24,"turns":3},{"damage":2,"enemies":"Sentry and Sphere","floor":25,"turns":2},{"damage":4,"enemies":"Snecko","floor":27,"turns":5},{"damage":167,"enemies":"Automaton","floor":33,"turns":6}],"seed_played":"6668459075457808204","potions_obtained":[{"floor":1,"key":"bronze:BurnAndBuffPotion"},{"floor":4,"key":"Strength Potion"},{"floor":5,"key":"ColorlessPotion"},{"floor":16,"key":"Fire Potion"},{"floor":19,"key":"PowerPotion"}],"is_trial":true,"path_per_floor":["M","M","M","M","M","R","?","R","T","R","?","$","E","M","R","B",null,"M","M","?","$","?","M","M","M","T","M","R","R","R","?","R","B"],"character_chosen":"HERMIT","items_purchased":["hermit:ShadowCloak","Fruit Juice","hermit:GoldenBullet"],"campfire_rested":1,"item_purchase_floors":[12,12,21],"current_hp_per_floor":[56,55,56,56,49,49,49,49,49,49,49,54,40,36,36,41,61,58,32,32,32,35,28,22,23,23,25,25,25,25,25,44,0,0],"gold":210,"neow_bonus":"","is_daily":false,"chose_seed":false,"campfire_upgraded":7,"win_rate":0.0,"timestamp":1613398175,"path_taken":["M","M","M","M","M","R","?","R","T","R","?","$","E","M","R","BOSS","M","M","?","$","?","M","M","M","T","M","R","R","R","?","R","BOSS"],"items_purchased_type":["Card","Potion","Card"],"build_version":"2020-12-22","purchased_purges":1,"victory":false,"max_hp_per_floor":[56,56,56,56,56,56,56,56,56,56,56,61,61,61,61,61,61,61,61,61,61,64,64,64,64,64,64,64,64,64,64,64,64,64],"card_choices":[{"not_picked":["hermit:HighCaliber","hermit:Enervate"],"picked":"hermit:WideOpen","floor":1},{"not_picked":["hermit:EyeOfTheStorm","hermit:LuckOfTheDraw"],"picked":"hermit:Manifest","floor":2},{"not_picked":["hermit:Grudge","hermit:Feint"],"picked":"hermit:GhostlyPresence","floor":3},{"not_picked":["hermit:HighCaliber","hermit:Desperado"],"picked":"hermit:Misfire","floor":4},{"not_picked":["hermit:Glare","hermit:Dive","hermit:Gambit"],"picked":"SKIP","floor":5},{"not_picked":["hermit:Glare","hermit:Dive","hermit:Gambit"],"picked":"SKIP","floor":5},{"not_picked":["infinitespire:Starlight","infinitespire:FinalStrike"],"picked":"infinitespire:Execution","floor":11},{"not_picked":["hermit:BodyArmor","hermit:Virtue"],"picked":"hermit:Dissolve","floor":13},{"not_picked":["hermit:Coalescence","hermit:Enervate"],"picked":"hermit:Quickdraw","floor":14},{"not_picked":["hermit:FromBeyond","hermit:BlackWind"],"picked":"hermit:FatalDesire","floor":16},{"not_picked":["hermit:Showdown","hermit:Enervate"],"picked":"hermit:Misfire","floor":18},{"not_picked":["hermit:BodyArmor+1","hermit:Snipe","hermit:TrackingShot"],"picked":"SKIP","floor":19},{"not_picked":["hermit:CalledShot","hermit:WideOpen"],"picked":"hermit:CursedWeapon+1","floor":23},{"not_picked":["hermit:LowProfile","hermit:Misfire"],"picked":"hermit:WideOpen","floor":24},{"not_picked":["hermit:Cheat","hermit:WideOpen","hermit:Ricochet"],"picked":"SKIP","floor":25},{"not_picked":["hermit:Shortfuse","hermit:BodyArmor","hermit:Desperado+1"],"picked":"SKIP","floor":27},{"not_picked":["hermit:Shortfuse","hermit:BodyArmor","hermit:Desperado+1"],"picked":"SKIP","floor":27}],"player_experience":567251,"relics_obtained":[{"floor":9,"key":"ReplayTheSpireMod:Lightbulb"},{"floor":13,"key":"Toy Ornithopter"},{"floor":26,"key":"reliquary:Knoch"}],"event_choices":[{"damage_healed":0,"gold_gain":0,"cards_transformed":["hermit:Manifest"],"player_choice":"Change","damage_taken":0,"max_hp_gain":0,"max_hp_loss":0,"event_name":"Living Wall","floor":7,"gold_loss":0,"cards_obtained":["hermit:Gestalt"]},{"damage_healed":0,"gold_gain":0,"player_choice":"Ignored","damage_taken":0,"max_hp_gain":0,"max_hp_loss":0,"event_name":"blackbeard:ShipwreckEvent","floor":20,"gold_loss":0},{"damage_healed":0,"gold_gain":0,"player_choice":"Ignored","damage_taken":0,"max_hp_gain":0,"max_hp_loss":0,"event_name":"Ghosts","floor":31,"gold_loss":0}],"is_beta":false,"boss_relics":[{"not_picked":["reliquary:WritOfMandamus","Velvet Choker"],"picked":"hubris:ScarierMask"}],"items_purged_floors":[21],"is_endless":false,"potions_floor_spawned":[1,4,5,16,19],"killed_by":"Automaton","ascension_level":0}}