{"host":"7sni158j623xchr2","time":1613372249,"event":{"mods":["BaseMod","Colored Map","Highlight Path","Minty Spire (QoL Compilation)","Permanent Neow","Potion Indicator Mod","Rare Cards Sparkle","Relic Sorter","Relic Stats","StSLib","everything is the same but u backflip on backflip"],"gold_per_floor":[115,115,127,52,227,227,262,262,262,262,282,316,266,16,16,121,121,134,34,34,45,45,45,45,78,78,78,96,111,111,140,140,242,242,262,1261,1261,763,774,807,807,821,821,173,204,218,218,237,237,237,237,237,62,89,89],"floor_reached":56,"language":"ENG","playtime":1786,"items_purged":["Decay","Strike_R","Normality","Normality","Clumsy"],"score":1319,"play_id":"96ed7d75-e4e8-4099-901e-9264112d0bb8","local_time":"20210215005729","is_ascension_mode":true,"campfire_choices":[{"data":"Fire Breathing","floor":6,"key":"SMITH"},{"data":"Cleave","floor":8,"key":"SMITH"},{"data":"Bash","floor":10,"key":"SMITH"},{"data":"Pommel Strike","floor":15,"key":"SMITH"},{"data":"Whirlwind","floor":23,"key":"SMITH"},{"data":"Demon Form","floor":27,"key":"SMITH"},{"data":"Dark Embrace","floor":32,"key":"SMITH"},{"floor":47,"key":"RECALL"},{"data":"Barricade","floor":49,"key":"SMITH"},{"data":"Shockwave","floor":52,"key":"SMITH"}],"circlet_count":0,"master_deck":["Strike_R+1","Strike_R+1","Strike_R+1","Defend_R+1","Defend_R+1","Defend_R+1","Defend_R+1","Bash+1","Fire Breathing+1","Cleave+1","Pommel Strike+1","Demon Form+1","Disarm+1","Shrug It Off","Whirlwind+1","Sword Boomerang","Dark Embrace+1","Shockwave+1","Impervious","Flame Barrier","Reaper","Barricade+1","Reaper","Shrug It Off","Double Tap","Shrug It Off+1"],"relics":["Burning Blood","Bird Faced Urn","Regal Pillow","Pear","Letter Opener","Odd Mushroom","Nunchaku","ClockworkSouvenir","Philosopher\u0027s Stone","Nilry\u0027s Codex","Blood Vial","Meat on the Bone","Pen Nib","Dream Catcher","Cursed Key","Ice Cream","Pocketwatch","Medical Kit","Bag of Marbles","Darkstone Periapt","Orichalcum"],"acts_visited":["Exordium","TheCity","TheBeyond","TheEnding"],"potions_floor_usage":[54,55,55],"damage_taken":[{"damage":6,"enemies":"Cultist","floor":1,"turns":3},{"damage":9,"enemies":"Jaw Worm","floor":3,"turns":5},{"damage":58,"enemies":"Lagavulin","floor":7,"turns":10},{"damage":19,"enemies":"The Mushroom Lair","floor":11,"turns":4},{"damage":38,"enemies":"Gremlin Nob","floor":12,"turns":5},{"damage":2,"enemies":"Slime Boss","floor":16,"turns":6},{"damage":24,"enemies":"Spheric Guardian","floor":18,"turns":5},{"damage":17,"enemies":"2 Thieves","floor":21,"turns":4},{"damage":23,"enemies":"Gremlin Leader","floor":25,"turns":6},{"damage":0,"enemies":"Snake Plant","floor":28,"turns":5},{"damage":5,"enemies":"Snecko","floor":29,"turns":5},{"damage":33,"enemies":"Book of Stabbing","floor":31,"turns":6},{"damage":43,"enemies":"Champ","floor":33,"turns":8},{"damage":14,"enemies":"Orb Walker","floor":35,"turns":4},{"damage":21,"enemies":"3 Darklings","floor":39,"turns":3},{"damage":38,"enemies":"Giant Head","floor":40,"turns":7},{"damage":12,"enemies":"Maw","floor":42,"turns":7},{"damage":21,"enemies":"Reptomancer","floor":45,"turns":7},{"damage":16,"enemies":"Transient","floor":46,"turns":5},{"damage":15,"enemies":"4 Shapes","floor":48,"turns":1},{"damage":131,"enemies":"Donu and Deca","floor":50,"turns":11},{"damage":92,"enemies":"Shield and Spear","floor":54,"turns":8},{"damage":42,"enemies":"The Heart","floor":55,"turns":6}],"seed_played":"4812144987059640972","potions_obtained":[{"floor":1,"key":"Weak Potion"},{"floor":3,"key":"FairyPotion"},{"floor":18,"key":"Weak Potion"},{"floor":25,"key":"FearPotion"},{"floor":54,"key":"GamblersBrew"}],"is_trial":false,"path_per_floor":["M","?","M","$","?","R","E","R","T","R","?","E","?","$","R","B",null,"M","$","?","M","?","R","?","E","T","R","M","M","T","E","R","B",null,"M","?","?","$","M","E","?","M","T","$","E","M","R","M","R","B",null,"R","$","E","B",null],"character_chosen":"IRONCLAD","items_purchased":["ClockworkSouvenir","Shrug It Off","BloodPotion","Ice Cream","Flame Barrier","Medical Kit","Shrug It Off","Bag of Marbles","LiquidMemories","DuplicationPotion"],"campfire_rested":0,"item_purchase_floors":[14,19,19,38,38,44,44,44,44,44],"current_hp_per_floor":[80,80,77,77,77,77,37,37,37,37,24,33,33,33,33,39,90,72,72,72,63,47,47,47,32,32,32,54,63,63,58,58,43,90,84,84,84,84,71,75,75,90,90,90,87,90,90,81,81,62,90,90,90,55,90],"gold":89,"neow_bonus":"ONE_RARE_RELIC","is_daily":false,"chose_seed":false,"campfire_upgraded":9,"win_rate":0.0,"timestamp":1613372249,"path_taken":["M","?","?","$","?","R","E","R","T","R","?","E","?","$","R","BOSS","M","$","?","M","?","R","?","E","T","R","?","M","?","E","R","BOSS","M","?","?","$","M","E","?","M","T","$","E","M","R","M","R","BOSS","R","$","E","BOSS"],"items_purchased_type":["Relic","Card","Potion","Relic","Card","Relic","Card","Relic","Potion","Potion"],"build_version":"2020-12-22","purchased_purges":5,"victory":true,"max_hp_per_floor":[80,80,80,80,80,80,90,90,90,90,90,90,90,90,90,90,90,90,90,90,90,90,90,90,90,90,90,90,90,90,90,90,90,90,90,90,90,90,90,90,90,90,90,90,90,90,90,90,90,90,90,90,90,90,90],"relic_stats":{"Darkstone Periapt":0,"Regal Pillow":0,"counters":[23,131],"Pen Nib":[11],"Letter Opener":[84],"Orichalcum":[12],"Cursed Key":1,"Medical Kit":[9],"Burning Blood":120,"Blood Vial":20,"Nunchaku":[17],"Dream Catcher":0,"Bird Faced Urn":[81],"obtain_stats":[{"Ice Cream":38,"Darkstone Periapt":45,"Regal Pillow":2,"Pear":7,"Nilry\u0027s Codex":22,"Pen Nib":30,"Letter Opener":9,"Odd Mushroom":11,"Orichalcum":54,"Cursed Key":34,"Medical Kit":44,"Burning Blood":0,"ClockworkSouvenir":14,"Blood Vial":25,"Nunchaku":12,"Dream Catcher":31,"Bird Faced Urn":0,"Philosopher\u0027s Stone":17,"Bag of Marbles":44,"Meat on the Bone":26,"Pocketwatch":40},{"Ice Cream":14,"Darkstone Periapt":18,"Regal Pillow":1,"Pear":3,"Nilry\u0027s Codex":8,"Pen Nib":11,"Letter Opener":3,"Odd Mushroom":4,"Orichalcum":22,"Cursed Key":13,"Medical Kit":17,"Burning Blood":0,"ClockworkSouvenir":5,"Blood Vial":9,"Nunchaku":5,"Dream Catcher":12,"Bird Faced Urn":0,"Philosopher\u0027s Stone":6,"Bag of Marbles":17,"Meat on the Bone":9,"Pocketwatch":16},{"Ice Cream":76,"Darkstone Periapt":100,"Regal Pillow":3,"Pear":18,"Nilry\u0027s Codex":42,"Pen Nib":58,"Letter Opener":18,"Odd Mushroom":22,"Orichalcum":125,"Cursed Key":72,"Medical Kit":93,"Burning Blood":0,"ClockworkSouvenir":27,"Blood Vial":48,"Nunchaku":27,"Dream Catcher":64,"Bird Faced Urn":0,"Philosopher\u0027s Stone":33,"Bag of Marbles":93,"Meat on the Bone":48,"Pocketwatch":86}],"Meat on the Bone":60,"Pocketwatch":[51]},"card_choices":[{"not_picked":["Havoc","True Grit"],"picked":"Fire Breathing","floor":1},{"not_picked":["Twin Strike","Sever Soul","Iron Wave"],"picked":"SKIP","floor":3},{"not_picked":["Perfected Strike","Warcry"],"picked":"Cleave","floor":7},{"not_picked":["Reckless Charge","Blood for Blood"],"picked":"Pommel Strike","floor":12},{"not_picked":["Berserk","Juggernaut"],"picked":"Demon Form","floor":16},{"not_picked":["Clothesline+1","Searing Blow"],"picked":"Disarm","floor":18},{"not_picked":["Rupture","Hemokinesis"],"picked":"Whirlwind","floor":21},{"not_picked":["Clash","Thunderclap","Cleave"],"picked":"SKIP","floor":25},{"not_picked":["Armaments+1","Pommel Strike"],"picked":"Sword Boomerang","floor":28},{"not_picked":["Sword Boomerang","Wild Strike"],"picked":"Dark Embrace","floor":29},{"not_picked":["Evolve","Twin Strike"],"picked":"Shockwave","floor":31},{"not_picked":["Berserk","Limit Break"],"picked":"Impervious","floor":33},{"not_picked":["Headbutt+1","Body Slam","Flex+1"],"picked":"SKIP","floor":35},{"not_picked":["Clash+1","Sever Soul+1"],"picked":"Reaper","floor":39},{"not_picked":["Double Tap","Pommel Strike+1"],"picked":"Barricade","floor":40},{"not_picked":["Iron Wave+1","Thunderclap+1","Searing Blow+1"],"picked":"SKIP","floor":42},{"not_picked":["Power Through","Sever Soul"],"picked":"Double Tap","floor":45},{"not_picked":["Rupture","Wild Strike+1","Clothesline"],"picked":"SKIP","floor":46},{"not_picked":["Inflame+1","Warcry"],"picked":"Shrug It Off+1","floor":48},{"not_picked":["Carnage","Intimidate","Feed"],"picked":"SKIP","floor":54}],"player_experience":1799468,"relics_obtained":[{"floor":7,"key":"Pear"},{"floor":9,"key":"Letter Opener"},{"floor":11,"key":"Odd Mushroom"},{"floor":12,"key":"Nunchaku"},{"floor":22,"key":"Nilry\u0027s Codex"},{"floor":25,"key":"Blood Vial"},{"floor":26,"key":"Meat on the Bone"},{"floor":30,"key":"Pen Nib"},{"floor":31,"key":"Dream Catcher"},{"floor":40,"key":"Pocketwatch"},{"floor":45,"key":"Darkstone Periapt"},{"floor":54,"key":"Orichalcum"}],"event_choices":[{"damage_healed":0,"gold_gain":0,"player_choice":"Gave Potion","damage_taken":0,"relics_obtained":["Regal Pillow"],"max_hp_gain":0,"max_hp_loss":0,"event_name":"WeMeetAgain","floor":2,"gold_loss":0},{"damage_healed":0,"gold_gain":175,"player_choice":"AGREE","damage_taken":0,"max_hp_gain":0,"max_hp_loss":0,"event_name":"Liars Game","floor":5,"gold_loss":0,"cards_obtained":["Doubt"]},{"damage_healed":0,"gold_gain":0,"player_choice":"Fought Mushrooms","damage_taken":0,"max_hp_gain":0,"max_hp_loss":0,"event_name":"Mushrooms","floor":11,"gold_loss":0},{"cards_removed":["Doubt"],"damage_healed":0,"gold_gain":0,"player_choice":"Card Removal","damage_taken":0,"max_hp_gain":0,"max_hp_loss":0,"event_name":"The Cleric","floor":13,"gold_loss":50},{"damage_healed":0,"gold_gain":0,"player_choice":"Simplicity","damage_taken":0,"max_hp_gain":0,"max_hp_loss":0,"event_name":"Back to Basics","floor":20,"gold_loss":0,"cards_upgraded":["Strike_R","Strike_R","Strike_R","Strike_R","Defend_R","Defend_R","Defend_R","Defend_R"]},{"damage_healed":0,"gold_gain":0,"player_choice":"Obtained Book","damage_taken":16,"max_hp_gain":0,"max_hp_loss":0,"event_name":"Cursed Tome","floor":22,"gold_loss":0},{"damage_healed":0,"gold_gain":0,"player_choice":"Forge","damage_taken":0,"max_hp_gain":0,"max_hp_loss":0,"event_name":"Accursed Blacksmith","floor":24,"gold_loss":0,"cards_upgraded":["Disarm"]},{"damage_healed":0,"gold_gain":999,"player_choice":"Gold","damage_taken":0,"max_hp_gain":0,"max_hp_loss":0,"event_name":"MindBloom","floor":36,"gold_loss":0,"cards_obtained":["Normality","Normality"]},{"damage_healed":0,"gold_gain":0,"player_choice":"Ignored","damage_taken":0,"max_hp_gain":0,"max_hp_loss":0,"event_name":"Tomb of Lord Red Mask","floor":37,"gold_loss":0},{"damage_healed":0,"gold_gain":0,"cards_transformed":["Strike_R"],"player_choice":"Transformed","damage_taken":0,"max_hp_gain":0,"max_hp_loss":0,"event_name":"Transmorgrifier","floor":41,"gold_loss":0,"cards_obtained":["Reaper"]}],"is_beta":false,"boss_relics":[{"not_picked":["Sozu","Runic Pyramid"],"picked":"Philosopher\u0027s Stone"},{"not_picked":["Black Star","Calling Bell"],"picked":"Cursed Key"}],"items_purged_floors":[4,14,38,44,53],"is_endless":false,"potions_floor_spawned":[1,3,18,25,29,31,35,39,42,48,54],"ascension_level":1}}