{"host":"q8mjpf3krl0t4p3x","time":1613375336,"event":{"mods":["BaseMod","Colored Map","Colored Powertips","Googly Eyes","Minty Spire (QoL Compilation)","Quick Restart","StSLib","everything is the same but u backflip on backflip","slay the spire mod where everything is the same but ironclad has a cowboy hat"],"gold_per_floor":[110,110,178,197,210,210,225,258,258,271,179,179,197,197,197,300,300,319,418,418,289,289,289,289,289,289,16,16,0,20,20,20,119,119,132,32,86,86,102,102,116,116,116,116,116,135,135,135,135,135,135],"floor_reached":50,"language":"ENG","playtime":1792,"items_purged":["Nirvana","MasterReality"],"score":582,"play_id":"a9bec819-fcbc-4750-81ef-fd6e0a521260","local_time":"20210214234856","is_ascension_mode":true,"campfire_choices":[{"data":"FollowUp","floor":6,"key":"SMITH"},{"data":"Eruption","floor":12,"key":"SMITH"},{"data":"MentalFortress","floor":15,"key":"SMITH"},{"data":"MentalFortress","floor":23,"key":"SMITH"},{"data":"Vigilance","floor":25,"key":"SMITH"},{"data":"Halt","floor":28,"key":"SMITH"},{"data":"PathToVictory","floor":32,"key":"SMITH"},{"floor":40,"key":"REST"},{"floor":42,"key":"REST"},{"data":"Alpha","floor":44,"key":"SMITH"},{"floor":47,"key":"REST"},{"floor":49,"key":"REST"}],"circlet_count":0,"master_deck":["Strike_P+1","Strike_P+1","Strike_P+1","Strike_P+1","Defend_P+1","Defend_P+1","Defend_P+1","Defend_P+1","Eruption+1","Vigilance+1","FollowUp+1","WindmillStrike+1","MentalFortress+1","MentalFortress+1","Consecrate+1","EmptyFist+1","PathToVictory+1","Eruption+1","SignatureMove+1","Halt+1","Alpha+1","BattleHymn+1"],"relics":["PureWater","FossilizedHelix","Molten Egg 2","Juzu Bracelet","Eternal Feather","VioletLotus","Vajra","Ancient Tea Set","MutagenicStrength","Busted Crown","Thread and Needle","Bottled Flame"],"acts_visited":["Exordium","TheCity","TheBeyond"],"potions_floor_usage":[16,24,33,35,50,50],"damage_taken":[{"damage":0,"enemies":"Jaw Worm","floor":1,"turns":4},{"damage":0,"enemies":"Cultist","floor":4,"turns":2},{"damage":0,"enemies":"2 Louse","floor":5,"turns":2},{"damage":11,"enemies":"Exordium Wildlife","floor":7,"turns":4},{"damage":0,"enemies":"3 Sentries","floor":8,"turns":5},{"damage":0,"enemies":"2 Fungi Beasts","floor":10,"turns":3},{"damage":0,"enemies":"Exordium Thugs","floor":13,"turns":3},{"damage":0,"enemies":"Slime Boss","floor":16,"turns":6},{"damage":22,"enemies":"2 Thieves","floor":18,"turns":3},{"damage":0,"enemies":"Gremlin Leader","floor":24,"turns":2},{"damage":0,"enemies":"Spheric Guardian","floor":30,"turns":1},{"damage":48,"enemies":"Champ","floor":33,"turns":10},{"damage":18,"enemies":"3 Darklings","floor":35,"turns":4},{"damage":75,"enemies":"2 Orb Walkers","floor":37,"turns":7},{"damage":0,"enemies":"Orb Walker","floor":39,"turns":2},{"damage":30,"enemies":"4 Shapes","floor":41,"turns":4},{"damage":14,"enemies":"Sphere and 2 Shapes","floor":46,"turns":5},{"damage":68,"enemies":"Awakened One","floor":50,"turns":6}],"seed_played":"-737228522396832886","potions_obtained":[{"floor":1,"key":"FairyPotion"},{"floor":7,"key":"Block Potion"},{"floor":13,"key":"SmokeBomb"},{"floor":16,"key":"Dexterity Potion"},{"floor":35,"key":"PowerPotion"},{"floor":37,"key":"EssenceOfSteel"}],"is_trial":false,"path_per_floor":["M","?","T","M","M","R","M","E","T","M","$","R","M","?","R","B",null,"M","?","?","$","?","R","E","R","T","$","R","?","M","?","R","B",null,"M","$","?","?","M","R","M","R","T","R","?","M","R","?","R","B"],"character_chosen":"WATCHER","items_purchased":["EmptyFist+1","PathToVictory","Halt","Ancient Tea Set","Wallop+1","Explosive Potion"],"campfire_rested":4,"item_purchase_floors":[11,11,21,27,27,27],"current_hp_per_floor":[65,70,70,70,70,70,59,59,59,59,59,68,68,68,70,70,70,48,48,70,70,70,70,70,70,70,70,70,70,70,70,70,22,70,52,52,3,3,3,36,6,39,39,51,51,37,66,66,66,0,0],"gold":135,"neow_bonus":"ONE_RARE_RELIC","is_daily":false,"chose_seed":false,"campfire_upgraded":8,"win_rate":0.0,"timestamp":1613375336,"path_taken":["M","?","?","?","M","R","M","E","T","M","$","R","M","?","R","BOSS","M","?","?","$","?","R","E","R","T","$","R","?","M","?","R","BOSS","M","$","?","?","M","R","M","R","T","R","?","M","R","?","R","BOSS"],"items_purchased_type":["Card","Card","Card","Relic","Card","Potion"],"build_version":"2020-12-22","purchased_purges":2,"victory":false,"max_hp_per_floor":[65,70,70,70,70,70,70,70,70,70,70,70,70,70,70,70,70,70,70,70,70,70,70,70,70,70,70,70,70,70,70,70,70,70,70,70,70,70,70,70,70,70,70,70,66,66,66,66,66,66,66],"card_choices":[{"not_picked":["Weave","JustLucky"],"picked":"FollowUp","floor":1},{"not_picked":["Halt","Nirvana"],"picked":"FlyingSleeves+1","floor":4},{"not_picked":["Nirvana","FlurryOfBlows+1"],"picked":"WindmillStrike+1","floor":5},{"not_picked":["FollowUp+1","Adaptation"],"picked":"MentalFortress","floor":7},{"not_picked":["Pray","Fasting2"],"picked":"MentalFortress","floor":8},{"not_picked":["ForeignInfluence","Brilliance+1"],"picked":"Consecrate+1","floor":10},{"not_picked":["Indignation","InnerPeace","EmptyFist+1"],"picked":"SKIP","floor":13},{"not_picked":["Omniscience","SpiritShield"],"picked":"MasterReality","floor":16},{"not_picked":["FollowUp+1","SashWhip+1"],"picked":"SignatureMove+1","floor":18},{"not_picked":["Swivel","EmptyBody","SashWhip+1"],"picked":"SKIP","floor":30},{"not_picked":["LessonLearned+1","Omniscience"],"picked":"Alpha","floor":33},{"not_picked":["ClearTheMind"],"picked":"SKIP","floor":35},{"not_picked":["BowlingBash+1"],"picked":"SKIP","floor":39},{"not_picked":[],"picked":"BattleHymn+1","floor":41},{"not_picked":["Evaluate"],"picked":"SKIP","floor":46}],"player_experience":178917,"relics_obtained":[{"floor":3,"key":"Molten Egg 2"},{"floor":8,"key":"Juzu Bracelet"},{"floor":9,"key":"Eternal Feather"},{"floor":26,"key":"Vajra"},{"floor":37,"key":"Thread and Needle"},{"floor":43,"key":"Bottled Flame"}],"event_choices":[{"damage_healed":0,"gold_gain":0,"player_choice":"Donut","damage_taken":0,"max_hp_gain":5,"max_hp_loss":0,"event_name":"Big Fish","floor":2,"gold_loss":0},{"damage_healed":0,"gold_gain":0,"player_choice":"2 cards matched","damage_taken":0,"max_hp_gain":0,"max_hp_loss":0,"event_name":"Match and Keep!","floor":14,"gold_loss":0,"cards_obtained":["Eruption","Nirvana"]},{"damage_healed":0,"gold_gain":99,"player_choice":"Stole From Cult","damage_taken":0,"max_hp_gain":0,"max_hp_loss":0,"event_name":"Nest","floor":19,"gold_loss":0},{"damage_healed":23,"gold_gain":0,"player_choice":"Heal","damage_taken":0,"max_hp_gain":0,"max_hp_loss":0,"event_name":"The Library","floor":20,"gold_loss":0},{"damage_healed":0,"gold_gain":0,"player_choice":"Simplicity","damage_taken":0,"max_hp_gain":0,"max_hp_loss":0,"event_name":"Back to Basics","floor":22,"gold_loss":0,"cards_upgraded":["Strike_P","Strike_P","Strike_P","Strike_P","Defend_P","Defend_P","Defend_P","Defend_P"]},{"damage_healed":0,"gold_gain":0,"player_choice":"Paid Fearfully","damage_taken":0,"max_hp_gain":0,"max_hp_loss":0,"event_name":"Masked Bandits","floor":29,"gold_loss":16},{"damage_healed":0,"gold_gain":0,"player_choice":"Inject Mutagens","damage_taken":0,"relics_obtained":["MutagenicStrength"],"max_hp_gain":0,"max_hp_loss":0,"event_name":"Drug Dealer","floor":31,"gold_loss":0},{"damage_healed":0,"gold_gain":0,"player_choice":"Fight","damage_taken":0,"max_hp_gain":0,"max_hp_loss":0,"event_name":"Mysterious Sphere","floor":37,"gold_loss":0},{"cards_removed":["Wallop"],"damage_healed":0,"gold_gain":0,"player_choice":"Purged","damage_taken":0,"max_hp_gain":0,"max_hp_loss":0,"event_name":"Purifier","floor":38,"gold_loss":0},{"damage_healed":0,"gold_gain":0,"player_choice":"Max HP","damage_taken":0,"max_hp_gain":0,"max_hp_loss":4,"event_name":"Winding Halls","floor":45,"gold_loss":0},{"cards_removed":["FlyingSleeves"],"damage_healed":5,"gold_gain":0,"player_choice":"Offered Common","damage_taken":0,"max_hp_gain":0,"max_hp_loss":0,"event_name":"Bonfire Elementals","floor":48,"gold_loss":0},{"cards_removed":["FlyingSleeves"],"damage_healed":5,"gold_gain":0,"player_choice":"Offered Special","damage_taken":0,"max_hp_gain":0,"max_hp_loss":0,"event_name":"Bonfire Elementals","floor":48,"gold_loss":0}],"is_beta":false,"boss_relics":[{"not_picked":["SacredBark","Runic Pyramid"],"picked":"VioletLotus"},{"not_picked":["Tiny House","Runic Dome"],"picked":"Busted Crown"}],"items_purged_floors":[21,36],"is_endless":false,"potions_floor_spawned":[1,7,13,16,18,24,35,37],"killed_by":"Awakened One","ascension_level":2}}