{"host":"oj2qbbf4aubznu46","time":1613420628,"event":{"mods":["AchievementEnabler","BaseMod","Colored Powertips","Downfall","Infinite Spire","Minty Spire (QoL Compilation)","Replay The Spire","StSLib","The Bug Knight","The Cursed","The Forsaken","The Marked","The Mystic","The Servant 0.9.4","slay the spire mod where everything is the same but ironclad has a cowboy hat"],"gold_per_floor":[99,113,125,137,147,147,147,170,195,207,233,255,267,24,37,135,135,135,145,165,165,190,206,230,251,269,287,287,301,336,68,86,181,181,81,101,113,131,131,165,192,208,232,250,250,272,292,83,102,210,210,10,27,55,55,73,73,98,135,33,45,45,45,45,57,68,175,175,175,201,201,201,201,201,201,201,241,259,38,38,38,56,56,81,100,207,207,207,224,236,251,251,40,65,65,81,92,119,119,44,74,88,191,191,191,191,191],"floor_reached":105,"language":"DEU","playtime":14190,"items_purged":["theForsaken:PlagueCurse","Overencumbered","downfall:Haunted","downfall:Haunted"],"score":2409,"play_id":"70288496-f1bc-4e3a-adde-7347776e9caa","local_time":"20210215212348","is_ascension_mode":false,"campfire_choices":[{"floor":13.0,"key":"REST"},{"floor":18.0,"key":"DIG"},{"floor":35.0,"key":"RECALL"},{"floor":45.0,"key":"REST"},{"data":"hexamod:Rewind","floor":64.0,"key":"SMITH"},{"floor":69.0,"key":"DIG"},{"data":"hexamod:HeatShield","floor":81.0,"key":"SMITH"},{"data":"hexamod:GhostLash","floor":83.0,"key":"SMITH"},{"data":"hexamod:ShieldOfDarkness","floor":95,"key":"SMITH"},{"floor":105,"key":"REST"}],"circlet_count":0,"master_deck":["hexamod:Strike","hexamod:Strike","hexamod:Strike","hexamod:Defend","hexamod:Defend","hexamod:Defend","hexamod:Sear","hexamod:Float","hexamod:SpectersWail+1","hexamod:Rewind+1","hexamod:Hexaguard","hexamod:ThermalTransfer","hexamod:ShieldOfDarkness+1","hexamod:EmpoweredFlame","hexamod:PhantomCloak+1","hexamod:NightmareGuise","hexamod:GhostLash+1","hexamod:RadiantFlame+1","hexamod:ShieldOfDarkness","hexamod:WildfireWeapon+1","hexamod:UnleashSpirits","hexamod:StepThrough","hexamod:SwordOfDarkness+1","Replay:Fractal Strike","hexamod:Firestarter+1","hexamod:SoulSteal+1","hexamod:Hexaguard","hexamod:Hexaguard","hexamod:ShieldOfDarkness+1","hexamod:CatchUp+1","hexamod:GhostShield","Pot Of Greed","Pot Of Greed","Pot Of Greed","Pot Of Greed","hexamod:StepThrough","hexamod:UnlimitedPower","hexamod:ShieldOfDarkness","hexamod:Incineration","hexamod:Hexaguard+1","hexamod:FastForward+1","hexamod:HeatShield+1","hexamod:RadiantFlame+1","hexamod:GhostShield+1","Pot Of Greed","hexamod:GhostLash+1","hexamod:AdvancingGuard+1","Specialist+1","hexamod:HexaLevel+1","hexamod:EmpoweredFlame+1","hexamod:BacktrackSmack+1","hexamod:Firestarter","hexamod:ParanormalForm+1","hexamod:VolcanoVisage+1","hexamod:StepThrough","Pot Of Greed","hexamod:NightmareGuise","hexamod:GhostShield","hexamod:HeatShield+1","hexamod:WildfireWeapon+1","hexamod:BurningTouch+1","RitualDagger+1","hexamod:BacktrackSmack+1","hexamod:FastForward+1","hexamod:GhostOfSpirePresent+1","hexamod:ShieldOfDarkness","Pot Of Greed","hexamod:DynamicBlow","infinitespire:NeuralNetwork+1","hexamod:NightmareGuise+1","hexamod:SwordOfDarkness+1"],"relics":["hexamod:SpiritBrand","infinitespire:CheckeredPen","Frozen Egg 2","Replay:Rubber Ducky","Cursed Key","Strawberry","Pet Ghost","theForsaken:PlagueMask","Bottled Lightning","Grinning Jar","hexamod:IceCube","downfall:HeartBlessingGreen","Matryoshka","Ornamental Fan","Membership Card","Unceasing Top","Replay:Mystery Machine","Ring of Chaos","downfall:HeartBlessingRed","downfall:HeartBlessingBlue","Odd Mushroom","Busted Crown","Bird Faced Urn","downfall:RedIOU","Lantern","infinitespire:Joker Card","hexamod:TheBrokenSeal","ChewingGum","Du-Vu Doll","Thread and Needle","Black Star"],"acts_visited":["Exordium","TheCity","TheBeyond","Exordium","TheCity","TheBeyond","Exordium"],"potions_floor_usage":[101],"damage_taken":[{"damage":0.0,"enemies":"Jaw Worm","floor":2.0,"turns":3.0},{"damage":1.0,"enemies":"2 Louse","floor":3.0,"turns":3.0},{"damage":0.0,"enemies":"Cultist","floor":4.0,"turns":3.0},{"damage":3.0,"enemies":"Red Slaver","floor":5.0,"turns":3.0},{"damage":0.0,"enemies":"Large Slime","floor":8.0,"turns":4.0},{"damage":0.0,"enemies":"2 Fungi Beasts","floor":9.0,"turns":2.0},{"damage":7.0,"enemies":"3 Louse","floor":11.0,"turns":3.0},{"damage":8.0,"enemies":"Large Slime","floor":12.0,"turns":6.0},{"damage":0.0,"enemies":"downfall:FleeingMerchant","floor":14.0,"turns":4.0},{"damage":0.0,"enemies":"Looter","floor":15.0,"turns":3.0},{"damage":19.0,"enemies":"WA_ARCHETYPE_RETAIN","floor":16.0,"turns":11.0},{"damage":0.0,"enemies":"Shell Parasite","floor":19.0,"turns":5.0},{"damage":0.0,"enemies":"Chosen","floor":20.0,"turns":6.0},{"damage":15.0,"enemies":"Sentry and Sphere","floor":22.0,"turns":9.0},{"damage":0.0,"enemies":"Cultist and Chosen","floor":23.0,"turns":7.0},{"damage":11.0,"enemies":"Snake Plant","floor":25.0,"turns":4.0},{"damage":12.0,"enemies":"Shelled Parasite and Fungi","floor":26.0,"turns":6.0},{"damage":8.0,"enemies":"Centurion and Healer","floor":27.0,"turns":5.0},{"damage":7.0,"enemies":"3 Cultists","floor":29.0,"turns":4.0},{"damage":9.0,"enemies":"Nightmare","floor":30.0,"turns":7.0},{"damage":2.0,"enemies":"downfall:FleeingMerchant","floor":31.0,"turns":4.0},{"damage":5.0,"enemies":"Snake Plant","floor":32.0,"turns":4.0},{"damage":7.0,"enemies":"IC_MUSHROOM_ARCHETYPE","floor":33.0,"turns":9.0},{"damage":4.0,"enemies":"Orb Walker","floor":36.0,"turns":4.0},{"damage":7.0,"enemies":"3 Darklings","floor":37.0,"turns":5.0},{"damage":27.0,"enemies":"4 Shapes","floor":38.0,"turns":5.0},{"damage":3.0,"enemies":"Nemesis","floor":40.0,"turns":9.0},{"damage":3.0,"enemies":"Spire Growth","floor":42.0,"turns":5.0},{"damage":3.0,"enemies":"3 Darklings","floor":43.0,"turns":6.0},{"damage":2.0,"enemies":"4 Shapes","floor":44.0,"turns":5.0},{"damage":3.0,"enemies":"Maw","floor":46.0,"turns":9.0},{"damage":3.0,"enemies":"Writhing Mass","floor":47.0,"turns":6.0},{"damage":0.0,"enemies":"downfall:FleeingMerchant","floor":48.0,"turns":4.0},{"damage":8.0,"enemies":"4 Shapes","floor":49.0,"turns":4.0},{"damage":5.0,"enemies":"DF_ARCHETYPE_ORBS","floor":50.0,"turns":11.0},{"damage":0.0,"enemies":"Jaw Worm","floor":53.0,"turns":2.0},{"damage":0.0,"enemies":"The Mushroom Lair","floor":54.0,"turns":3.0},{"damage":0.0,"enemies":"2 Louse","floor":56.0,"turns":2.0},{"damage":0.0,"enemies":"Replay:BlueRogue","floor":58.0,"turns":3.0},{"damage":0.0,"enemies":"HollowMod:MossKnight","floor":59.0,"turns":5.0},{"damage":8.0,"enemies":"Small Slimes","floor":61.0,"turns":2.0},{"damage":0.0,"enemies":"3 Louse","floor":65.0,"turns":2.0},{"damage":0.0,"enemies":"2 Fungi Beasts","floor":66.0,"turns":2.0},{"damage":0.0,"enemies":"Slime Boss","floor":67.0,"turns":7.0},{"damage":3.0,"enemies":"3 Byrds","floor":70.0,"turns":4.0},{"damage":0.0,"enemies":"HollowMod:Nosk","floor":77.0,"turns":4.0},{"damage":7.0,"enemies":"Snake Plant","floor":78.0,"turns":3.0},{"damage":0.0,"enemies":"Snecko","floor":82.0,"turns":3.0},{"damage":7.0,"enemies":"Book of Stabbing","floor":84.0,"turns":4.0},{"damage":0.0,"enemies":"Cultist and Chosen","floor":85.0,"turns":4.0},{"damage":0.0,"enemies":"Champ","floor":86.0,"turns":11.0},{"damage":0.0,"enemies":"3 Darklings","floor":89.0,"turns":5.0},{"damage":0.0,"enemies":"3 Shapes","floor":90.0,"turns":3.0},{"damage":6.0,"enemies":"Writhing Mass","floor":91.0,"turns":4.0},{"damage":4.0,"enemies":"Giant Head","floor":94.0,"turns":6.0},{"damage":0,"enemies":"Sphere and 2 Shapes","floor":96,"turns":3},{"damage":0,"enemies":"Jaw Worm Horde","floor":97,"turns":2},{"damage":0,"enemies":"HollowMod:StalkingDevout","floor":98,"turns":4},{"damage":6,"enemies":"Nightmare_Alpha","floor":101,"turns":8},{"damage":0,"enemies":"Transient","floor":102,"turns":5},{"damage":13,"enemies":"Donu and Deca","floor":103,"turns":7}],"seed_played":"7399540767189013745","potions_obtained":[{"floor":3.0,"key":"LifebloodPotion"},{"floor":4.0,"key":"SkillPotion"},{"floor":9.0,"key":"Weak Potion"},{"floor":16.0,"key":"AttackPotion"},{"floor":30.0,"key":"infinitespire:BlackPotion"},{"floor":33.0,"key":"DuplicationPotion"},{"floor":37.0,"key":"SteroidPotion"},{"floor":43.0,"key":"hexamod:SoulburnPotion"},{"floor":50.0,"key":"Ancient Potion"},{"floor":53.0,"key":"sneckomod:MuddlingPotion"},{"floor":70.0,"key":"FairyPotion"},{"floor":71.0,"key":"CultistPotion"},{"floor":82.0,"key":"Swift Potion"},{"floor":101,"key":"hexamod:SoulburnPotion"},{"floor":102,"key":"Guardian:BlockOnCardUsePotion"}],"is_trial":false,"path_per_floor":["R","M","M","M","M","?","T","M","M","T","M","M","R","$","M","B",null,"R","M","M","AVR","M","M","T","M","M","M","?","M","NM","$","M","B",null,"R","M","M","M","?","E","T","M","M","M","R","M","M","$","M","B",null,"R","M","?","?","M","?","E","E","$","M","?","?","R","M","M","B",null,"R","M","?","?","PTL","PTL","?","?","E","M","$","?","R","M","R","E","M","B",null,"R","M","M","M","?","$","E","R","M","M","E","?","$","NM","M","B",null,"R"],"character_chosen":"THE_SPIRIT","items_purchased":["Replay:Rubber Ducky","hexamod:RadiantFlame+1","hexamod:ShieldOfDarkness","Grinning Jar","hexamod:ThirdSeal","hexamod:StepThrough","Specialist+1","Membership Card","Unceasing Top","Replay:Mystery Machine","hexamod:StepThrough","hexamod:NightmareGuise","Lantern","infinitespire:Joker Card","Thread and Needle"],"campfire_rested":3,"item_purchase_floors":[14,14,14,31,31,31,48,48,48,48,60,60,79,79,93],"current_hp_per_floor":[77,77,76,76,73,55,55,55,55,55,48,40,63,63,63,44,77,84,84,84,84,69,69,69,58,46,38,38,31,22,20,15,8,84,84,80,73,46,46,43,43,40,37,35,60,57,54,54,53,48,84,94,94,94,94,94,94,94,94,94,86,86,86,86,86,86,86,94,94,94,94,94,94,94,94,94,94,89,89,89,89,94,94,91,94,104,104,104,104,104,100,100,100,104,104,104,104,104,104,104,102,104,104,104,104,104,104],"gold":191,"neow_bonus":"TEN_PERCENT_HP_BONUS","is_daily":false,"chose_seed":false,"campfire_upgraded":4,"win_rate":0.0,"timestamp":1613420628,"path_taken":["R","M","M","M","M","?","T","M","M","?","?","M","R","$","M","BOSS","R","M","M","AVR","M","M","T","M","M","M","?","M","NM","$","M","BOSS","R","M","M","M","?","E","T","?","M","M","R","M","M","$","M","BOSS","R","M","?","?","M","?","E","E","$","M","?","?","R","M","M","BOSS","R","M","?","?","PTL","PTL","?","?","E","M","$","?","R","M","R","E","M","BOSS","R","M","M","?","?","$","E","R","M","M","E","?","?","NM","M","BOSS","R"],"items_purchased_type":["Relic","Card","Card","Relic","Card","Card","Card","Relic","Relic","Relic","Card","Card","Relic","Relic","Relic"],"build_version":"2020-12-22","purchased_purges":4,"victory":false,"max_hp_per_floor":[77,77,77,77,77,77,77,77,77,77,77,77,77,77,77,77,77,84,84,84,84,84,84,84,84,84,84,84,84,84,84,84,84,84,84,84,84,84,84,84,84,84,84,84,84,84,84,84,84,84,84,94,94,94,94,94,94,94,94,94,94,94,94,94,94,94,94,94,94,94,94,94,94,94,94,94,94,94,94,94,94,94,94,94,94,104,104,104,104,104,104,104,104,104,104,104,104,104,104,104,104,104,104,104,104,104,104],"card_choices":[{"not_picked":["hexamod:HeatCrush","hexamod:NightmareStrike"],"picked":"hexamod:Rewind","floor":2.0},{"not_picked":["hexamod:DynamicBlow","hexamod:HeatCrush"],"picked":"hexamod:Hexaguard","floor":3.0},{"not_picked":["hexamod:GhostLash","hexamod:SwordOfDarkness"],"picked":"hexamod:ThermalTransfer","floor":4.0},{"not_picked":["hexamod:Hexaguard","hexamod:ThermalTransfer"],"picked":"hexamod:ShieldOfDarkness","floor":5.0},{"not_picked":["hexamod:RecurringNightmare","hexamod:GhostflameInferno"],"picked":"hexamod:EmpoweredFlame","floor":8.0},{"not_picked":["hexamod:SwordOfDarkness","hexamod:Rewind"],"picked":"hexamod:PhantomCloak","floor":9.0},{"not_picked":["hexamod:HeatMetal","hexamod:NightmareStrike"],"picked":"hexamod:NightmareGuise","floor":11.0},{"not_picked":["hexamod:SpectersWail","hexamod:EtherealExpedition"],"picked":"hexamod:SecondSeal","floor":12.0},{"not_picked":["hexamod:NightmareGuise","hexamod:NightmareStrike"],"picked":"hexamod:GhostLash","floor":14.0},{"not_picked":["hexamod:GhostShield","hexamod:HeatMetal"],"picked":"hexamod:WildfireWeapon+1","floor":15.0},{"not_picked":["hexamod:GhostflameInferno","hexamod:UnlimitedPower"],"picked":"hexamod:UnleashSpirits","floor":16.0},{"not_picked":["hexamod:RadiantFlame+1","hexamod:SpectersWail+1"],"picked":"hexamod:StepThrough","floor":19.0},{"not_picked":["hexamod:ShieldOfDarkness","hexamod:Firestarter"],"picked":"hexamod:SwordOfDarkness+1","floor":20.0},{"not_picked":["hexamod:ThermalTransfer","hexamod:Rewind+1"],"picked":"hexamod:Firestarter+1","floor":22.0},{"not_picked":["hexamod:GhostLash","hexamod:HeatCrush"],"picked":"hexamod:SoulSteal+1","floor":23.0},{"not_picked":["hexamod:NightmareGuise","hexamod:BacktrackSmack"],"picked":"hexamod:Hexaguard","floor":25.0},{"not_picked":["hexamod:InspiringFlames","hexamod:UnlimitedPower"],"picked":"hexamod:Hexaguard","floor":26.0},{"not_picked":["hexamod:CatchUp+1","hexamod:InspiringFlames"],"picked":"hexamod:ShieldOfDarkness+1","floor":27.0},{"not_picked":["hexamod:SpectersWail","hexamod:Haunt","hexamod:ThermalTransfer"],"picked":"SKIP","floor":29.0},{"not_picked":["hexamod:FastForward+1","hexamod:GhostLash+1"],"picked":"hexamod:CatchUp+1","floor":30.0},{"not_picked":["hexamod:NightmareStrike","hexamod:Haunt"],"picked":"hexamod:GhostShield","floor":31.0},{"not_picked":["hexamod:SixthSeal","hexamod:InspiringFlames"],"picked":"hexamod:FourthSeal","floor":32.0},{"not_picked":["hexamod:TimeOfNeed","hexamod:TimeWarp"],"picked":"hexamod:UnlimitedPower","floor":33.0},{"not_picked":["hexamod:SwordOfDarkness+1","hexamod:GhostShield+1"],"picked":"hexamod:ShieldOfDarkness","floor":36.0},{"not_picked":["hexamod:GhostOfSpirePresent+1","hexamod:NightmareStrike+1"],"picked":"hexamod:Incineration","floor":37.0},{"not_picked":["hexamod:GhostLash+1","hexamod:ThermalTransfer+1"],"picked":"hexamod:Hexaguard+1","floor":38.0},{"not_picked":["hexamod:BacktrackSmack+1","hexamod:HauntingEcho"],"picked":"hexamod:FastForward+1","floor":38.0},{"not_picked":["hexamod:HauntingEcho","hexamod:NecessarySacrifice"],"picked":"hexamod:HeatShield+1","floor":40.0},{"not_picked":["hexamod:InspiringFlames","hexamod:Firestarter"],"picked":"hexamod:FirstSeal","floor":42.0},{"not_picked":["hexamod:HeatShield","hexamod:ShieldOfDarkness"],"picked":"hexamod:RadiantFlame+1","floor":43.0},{"not_picked":["hexamod:GhostOfSpireFuture+1","hexamod:GhostLash"],"picked":"hexamod:GhostShield+1","floor":44.0},{"not_picked":["hexamod:RainOfEmbers+1","hexamod:FastForward+1","hexamod:BurningTouch"],"picked":"SKIP","floor":44.0},{"not_picked":["hexamod:ForkedFlame","hexamod:Firestarter+1"],"picked":"hexamod:GhostLash+1","floor":46.0},{"not_picked":["hexamod:HauntingEcho+1","hexamod:CatchUp","hexamod:FirstSeal"],"picked":"SKIP","floor":46.0},{"not_picked":["hexamod:GhostLash+1","hexamod:HeatMetal+1"],"picked":"hexamod:AdvancingGuard+1","floor":47.0},{"not_picked":["hexamod:InspiringFlames","hexamod:GhostOfSpirePresent+1","hexamod:TimeWarp"],"picked":"SKIP","floor":48.0},{"not_picked":["hexamod:PhantomFireball+1","hexamod:ShieldOfDarkness","hexamod:GhostOfSpirePast+1"],"picked":"SKIP","floor":49.0},{"not_picked":["hexamod:TimeWarp","hexamod:WildfireWeapon+1"],"picked":"hexamod:FifthSeal","floor":50.0},{"not_picked":["hexamod:ForkedFlame","hexamod:TimeWarp"],"picked":"hexamod:HexaLevel+1","floor":50.0},{"not_picked":["hexamod:SecondSeal","hexamod:FirstSeal"],"picked":"hexamod:SixthSeal","floor":53.0},{"not_picked":["hexamod:Hexaguard","hexamod:SwordOfDarkness"],"picked":"hexamod:EmpoweredFlame+1","floor":53.0},{"not_picked":["hexamod:InspiringFlames","hexamod:GhostShield"],"picked":"hexamod:BacktrackSmack","floor":54.0},{"not_picked":["hexamod:GhostOfSpireFuture+1","hexamod:RecurringNightmare"],"picked":"hexamod:Firestarter","floor":56.0},{"not_picked":["hexamod:NecessarySacrifice","hexamod:HeatMetal"],"picked":"hexamod:ParanormalForm+1","floor":58.0},{"not_picked":["hexamod:FirstSeal","hexamod:FastForward"],"picked":"hexamod:VolcanoVisage+1","floor":58.0},{"not_picked":["hexamod:SpectersWail","hexamod:ChargedBarrage","hexamod:SoulSteal"],"picked":"SKIP","floor":59.0},{"not_picked":["hexamod:ChargedBarrage","hexamod:RainOfEmbers"],"picked":"hexamod:GhostShield","floor":61.0},{"not_picked":["hexamod:Incineration","hexamod:RainOfEmbers","hexamod:ThermalTransfer"],"picked":"SKIP","floor":65.0},{"not_picked":["hexamod:SpectersWail","hexamod:EtherealExpedition"],"picked":"hexamod:HeatShield","floor":66.0},{"not_picked":["hexamod:VolcanoVisage+1","hexamod:TimeWarp"],"picked":"hexamod:WildfireWeapon+1","floor":67.0},{"not_picked":[],"picked":"hexamod:BurningTouch+1","floor":70.0},{"not_picked":["hexamod:GhostShield"],"picked":"SKIP","floor":70.0},{"not_picked":["hexamod:GhostShield"],"picked":"SKIP","floor":70.0},{"not_picked":["hexamod:FourthSeal"],"picked":"SKIP","floor":77.0},{"not_picked":[],"picked":"hexamod:BacktrackSmack+1","floor":78.0},{"not_picked":["hexamod:NightmareGuise+1"],"picked":"SKIP","floor":78.0},{"not_picked":["hexamod:Haunt"],"picked":"SKIP","floor":82.0},{"not_picked":["hexamod:HeatMetal"],"picked":"SKIP","floor":82.0},{"not_picked":["hexamod:InspiringFlames"],"picked":"SKIP","floor":84.0},{"not_picked":[],"picked":"hexamod:FastForward+1","floor":85.0},{"not_picked":[],"picked":"hexamod:GhostOfSpirePresent+1","floor":86.0},{"not_picked":[],"picked":"hexamod:ShieldOfDarkness","floor":89.0},{"not_picked":["hexamod:ShieldOfDarkness"],"picked":"SKIP","floor":90.0},{"not_picked":["hexamod:HeatShield"],"picked":"SKIP","floor":91.0},{"not_picked":[],"picked":"hexamod:DynamicBlow","floor":94.0},{"not_picked":["infinitespire:FutureSight","ReplayTheSpireMod:Book of Names"],"picked":"infinitespire:NeuralNetwork","floor":94.0},{"not_picked":["hexamod:GhostShield"],"picked":"SKIP","floor":96},{"not_picked":["hexamod:BurningTouch"],"picked":"SKIP","floor":97},{"not_picked":[],"picked":"hexamod:NightmareGuise+1","floor":98},{"not_picked":["hexamod:FirstSeal"],"picked":"SKIP","floor":101},{"not_picked":[],"picked":"hexamod:SwordOfDarkness+1","floor":102}],"player_experience":368991,"relics_obtained":[{"floor":7.0,"key":"MawBank"},{"floor":10.0,"key":"Frozen Egg 2"},{"floor":18.0,"key":"Strawberry"},{"floor":24.0,"key":"Pet Ghost"},{"floor":30.0,"key":"Bottled Lightning"},{"floor":40.0,"key":"Matryoshka"},{"floor":41.0,"key":"Ornamental Fan"},{"floor":54.0,"key":"Odd Mushroom"},{"floor":69.0,"key":"Bird Faced Urn"}],"event_choices":[{"damage_healed":0.0,"max_hp_gain":0.0,"max_hp_loss":0.0,"gold_gain":0.0,"event_name":"Scrap Ooze","player_choice":"Success","floor":6.0,"gold_loss":0.0,"damage_taken":18.0,"relics_obtained":["infinitespire:CheckeredPen"]},{"damage_healed":0.0,"max_hp_gain":0.0,"max_hp_loss":0.0,"gold_gain":0.0,"event_name":"Plague Doctor","player_choice":"Obtain Plague Curse","floor":28.0,"gold_loss":0.0,"damage_taken":0.0,"cards_obtained":["theForsaken:PlagueCurse"]},{"damage_healed":0.0,"max_hp_gain":0.0,"max_hp_loss":0.0,"gold_gain":0.0,"event_name":"NoteForYourself","player_choice":"Ignored","floor":39.0,"gold_loss":0.0,"damage_taken":0.0},{"damage_healed":0.0,"max_hp_gain":0.0,"max_hp_loss":0.0,"gold_gain":0.0,"event_name":"Mushrooms","player_choice":"Fought Mushrooms","floor":54.0,"gold_loss":0.0,"damage_taken":0.0},{"cards_removed":["Clumsy"],"damage_healed":0.0,"max_hp_gain":0.0,"max_hp_loss":0.0,"gold_gain":0.0,"event_name":"The Cleric","player_choice":"Card Removal","floor":62.0,"gold_loss":0.0,"damage_taken":0.0}],"is_beta":false,"boss_relics":[{"not_picked":["infinitespire:Cupcake","Fusion Hammer"],"picked":"Cursed Key"},{"not_picked":["SlaversCollar","Calling Bell"],"picked":"hexamod:IceCube"},{"not_picked":["Replay:Drink Me","Snecko Eye"],"picked":"Ring of Chaos"},{"not_picked":["theForsaken:PaleLantern","Painkiller Herb"],"picked":"Busted Crown"},{"not_picked":["Replay:Bronze Core","Replay:Ancient Bell"],"picked":"ChewingGum"},{"not_picked":["Tiny House","infinitespire:Cupcake"],"picked":"Black Star"}],"items_purged_floors":[48,60,93,100],"is_endless":true,"potions_floor_spawned":[3,4,9,16,20,26,27,30,37,43,44,46,50,53,56,59,61,70,82,85,90,91,96,101,102],"ascension_level":0}}