{"host":"d5i1qeb9dejicw1z","time":1613349651,"event":{"mods":["AchievementEnabler","BaseMod","Better Note","BetterRewards","Evolution","Gold Saver","Minty Spire (QoL Compilation)","Permanent Neow","Relic Filter Mod","Reliquary","StSLib"],"gold_per_floor":[332,159,234,234,234,234,269,288,288,315,333,333,359,359,359,436,436,414,433,52,52,62,62,62,62,62,62,62,62,81,101,101,176,176,191,191,207,225,64,64,90,90,116,116,132,132,163,176,176,176,176],"floor_reached":50,"language":"ENG","playtime":1737,"items_purged":["Strike_G","Strike_G"],"score":1084,"play_id":"799221b7-617e-4816-834c-c8c150cf6092","local_time":"20210214164051","is_ascension_mode":true,"campfire_choices":[{"floor":6,"key":"REST"},{"data":"Infinite Blades","floor":12,"key":"SMITH"},{"data":"Neutralize","floor":15,"key":"SMITH"},{"data":"Adrenaline","floor":23,"key":"SMITH"},{"data":"Blade Dance","floor":25,"key":"SMITH"},{"data":"Noxious Fumes","floor":28,"key":"SMITH"},{"floor":32,"key":"REST"},{"floor":40,"key":"REST"},{"floor":42,"key":"REST"},{"data":"Adrenaline","floor":44,"key":"SMITH"},{"floor":49,"key":"REST"}],"circlet_count":0,"master_deck":["AscendersBane","Dagger Spray","Dagger Spray","Defend_G","Defend_G","Defend_G","Defend_G","Neutralize+1","Slice","Flash of Steel","Slice","Infinite Blades+1","Escape Plan","Backflip","Poisoned Stab","Blur+1","Noxious Fumes+1","Blade Dance+1","Poisoned Stab","Slice","Adrenaline+1","Backflip+1","Noxious Fumes+1","Adrenaline+1","Blade Dance+1","Finisher","Finisher","Calculated Gamble+1","Backstab","Bane+1","Catalyst+1","Blur+1","Adrenaline+1","Accuracy"],"relics":["Ring of the Snake","EVO:Axolotl","NeowsBlessing","reliquary:RadioactivePellet","Odd Mushroom","reliquary:RosewoodLute","Empty Cage","Du-Vu Doll","reliquary:RedPaperclip","Orrery","Mercury Hourglass","Nunchaku","reliquary:PrincelyHelmet"],"acts_visited":["Exordium","TheCity","TheBeyond"],"potions_floor_usage":[10,13,16,16,18,22,33,33,41,41,47],"damage_taken":[{"damage":0,"enemies":"Small Slimes","floor":1,"turns":1},{"damage":0,"enemies":"Lagavulin","floor":7,"turns":1},{"damage":0,"enemies":"Jaw Worm","floor":8,"turns":1},{"damage":0,"enemies":"The Mushroom Lair","floor":10,"turns":2},{"damage":0,"enemies":"Cultist","floor":11,"turns":3},{"damage":3,"enemies":"3 Sentries","floor":13,"turns":5},{"damage":23,"enemies":"Hexaghost","floor":16,"turns":12},{"damage":16,"enemies":"2 Thieves","floor":18,"turns":4},{"damage":0,"enemies":"3 Byrds","floor":19,"turns":4},{"damage":2,"enemies":"Snecko","floor":22,"turns":5},{"damage":22,"enemies":"Snake Plant","floor":30,"turns":5},{"damage":0,"enemies":"3 Cultists","floor":31,"turns":3},{"damage":34,"enemies":"Champ","floor":33,"turns":11},{"damage":0,"enemies":"3 Shapes","floor":35,"turns":6},{"damage":4,"enemies":"Orb Walker","floor":37,"turns":3},{"damage":27,"enemies":"Writhing Mass","floor":38,"turns":6},{"damage":14,"enemies":"Giant Head","floor":41,"turns":5},{"damage":17,"enemies":"3 Darklings","floor":45,"turns":2},{"damage":20,"enemies":"Nemesis","floor":47,"turns":4},{"damage":0,"enemies":"Maw","floor":48,"turns":4},{"damage":43,"enemies":"Awakened One","floor":50,"turns":3}],"seed_played":"2888273838214263683","potions_obtained":[{"floor":8,"key":"Explosive Potion"},{"floor":10,"key":"SkillPotion"},{"floor":14,"key":"EssenceOfSteel"},{"floor":14,"key":"Poison Potion"},{"floor":16,"key":"Weak Potion"},{"floor":19,"key":"EssenceOfSteel"},{"floor":30,"key":"SpeedPotion"},{"floor":31,"key":"LiquidBronze"},{"floor":37,"key":"Poison Potion"},{"floor":38,"key":"Swift Potion"},{"floor":45,"key":"Fire Potion"}],"is_trial":false,"path_per_floor":["M","$","?","?","?","R","E","M","T","?","M","R","E","?","R","B",null,"M","M","$","$","M","R","?","R","T","?","R","?","M","M","R","B",null,"M","?","M","M","$","R","E","R","T","R","M","?","E","M","R","B"],"character_chosen":"THE_SILENT","items_purchased":["Flash of Steel","Blur","Noxious Fumes","Blade Dance","Poisoned Stab","Slice","Orrery"],"campfire_rested":5,"item_purchase_floors":[2,20,20,20,20,20,39],"current_hp_per_floor":[59,59,48,37,30,49,49,49,49,54,54,54,56,56,56,43,60,49,49,49,49,52,52,52,52,52,52,52,52,30,30,49,25,56,56,56,52,25,25,44,30,49,49,49,32,32,12,12,31,0,0],"gold":176,"neow_bonus":"THREE_ENEMY_KILL","is_daily":false,"chose_seed":false,"campfire_upgraded":6,"win_rate":0.0,"timestamp":1613349651,"path_taken":["M","$","?","?","?","R","E","M","T","?","?","R","E","?","R","BOSS","M","M","?","$","?","R","?","R","T","?","R","?","M","M","R","BOSS","M","?","?","M","$","R","E","R","T","R","M","?","E","M","R","BOSS"],"items_purchased_type":["Card","Card","Card","Card","Card","Card","Relic"],"build_version":"2020-12-22","purchased_purges":2,"victory":false,"max_hp_per_floor":[66,66,66,66,66,66,66,66,66,66,66,66,66,66,66,66,66,66,66,66,66,66,66,66,66,66,66,66,66,66,66,66,66,66,66,66,66,66,66,66,66,66,66,66,66,66,66,66,66,66,66],"card_choices":[{"not_picked":["Masterful Stab","PiercingWail"],"picked":"Slice","floor":1},{"not_picked":["Dagger Spray","Dodge and Roll","Prepared"],"picked":"SKIP","floor":7},{"not_picked":["Catalyst","Masterful Stab"],"picked":"Slice","floor":8},{"not_picked":["PiercingWail","Catalyst"],"picked":"Infinite Blades","floor":10},{"not_picked":["Reflex","Sucker Punch"],"picked":"Escape Plan","floor":11},{"not_picked":["Calculated Gamble","Dash","Skewer"],"picked":"SKIP","floor":13},{"not_picked":["Night Terror","Bullet Time"],"picked":"Storm of Steel","floor":16},{"not_picked":["Eviscerate","Crippling Poison"],"picked":"Backflip","floor":18},{"not_picked":["Outmaneuver","Bouncing Flask"],"picked":"Poisoned Stab","floor":19},{"not_picked":["Sucker Punch","Deflect"],"picked":"Adrenaline","floor":22},{"not_picked":["Dash","All Out Attack"],"picked":"Backflip+1","floor":30},{"not_picked":["Prepared","Well Laid Plans"],"picked":"Noxious Fumes+1","floor":31},{"not_picked":["Glass Knife","Envenom"],"picked":"Adrenaline","floor":33},{"not_picked":["Slice+1","Cloak And Dagger"],"picked":"Blade Dance+1","floor":35},{"not_picked":["Sucker Punch","Dagger Throw","Dagger Spray"],"picked":"SKIP","floor":37},{"not_picked":["Prepared","Distraction+1"],"picked":"Finisher","floor":38},{"not_picked":["Poisoned Stab","Flying Knee"],"picked":"Finisher","floor":39},{"not_picked":["Eviscerate","Tactician+1"],"picked":"Calculated Gamble+1","floor":39},{"not_picked":["Deadly Poison","Doppelganger"],"picked":"Backstab","floor":39},{"not_picked":["Predator+1","Choke"],"picked":"Bane+1","floor":39},{"not_picked":["Malaise","Deadly Poison"],"picked":"Catalyst+1","floor":39},{"not_picked":["Poisoned Stab","Concentrate","All Out Attack+1"],"picked":"SKIP","floor":41},{"not_picked":["Cloak And Dagger+1","Prepared"],"picked":"Blur+1","floor":45},{"not_picked":["Acrobatics","Infinite Blades"],"picked":"Accuracy","floor":47},{"not_picked":["Quick Slash","Prepared","Deadly Poison"],"picked":"SKIP","floor":48}],"player_experience":1259268,"relics_obtained":[{"floor":7,"key":"reliquary:RadioactivePellet"},{"floor":9,"key":"Toy Ornithopter"},{"floor":10,"key":"Odd Mushroom"},{"floor":13,"key":"reliquary:RosewoodLute"},{"floor":26,"key":"Du-Vu Doll"},{"floor":41,"key":"Mercury Hourglass"},{"floor":43,"key":"Nunchaku"},{"floor":47,"key":"reliquary:PrincelyHelmet"}],"event_choices":[{"damage_healed":0,"gold_gain":75,"player_choice":"Gather Gold","damage_taken":11,"max_hp_gain":0,"max_hp_loss":0,"event_name":"World of Goop","floor":3,"gold_loss":0},{"damage_healed":0,"gold_gain":0,"player_choice":"Success","damage_taken":11,"relics_obtained":["Kunai"],"max_hp_gain":0,"max_hp_loss":0,"event_name":"Scrap Ooze","floor":4,"gold_loss":0},{"cards_removed":["Defend_G"],"damage_healed":0,"gold_gain":0,"player_choice":"Card Removal","damage_taken":7,"max_hp_gain":0,"max_hp_loss":0,"event_name":"Golden Wing","floor":5,"gold_loss":0},{"damage_healed":0,"gold_gain":0,"player_choice":"Fought Mushrooms","damage_taken":0,"max_hp_gain":0,"max_hp_loss":0,"event_name":"Mushrooms","floor":10,"gold_loss":0},{"damage_healed":0,"gold_gain":0,"player_choice":"Got Potions","damage_taken":0,"max_hp_gain":0,"max_hp_loss":0,"event_name":"Lab","floor":14,"gold_loss":0},{"cards_removed":["Storm of Steel"],"damage_healed":0,"gold_gain":0,"player_choice":"Purged","damage_taken":0,"max_hp_gain":0,"max_hp_loss":0,"event_name":"Purifier","floor":24,"gold_loss":0},{"damage_healed":0,"gold_gain":0,"player_choice":"Ignored","damage_taken":0,"max_hp_gain":0,"max_hp_loss":0,"event_name":"betterNote:BetterNote","floor":27,"gold_loss":0,"cards_obtained":["Echo Form"]},{"damage_healed":0,"gold_gain":0,"player_choice":"Ignored","damage_taken":0,"max_hp_gain":0,"max_hp_loss":0,"event_name":"The Mausoleum","floor":29,"gold_loss":0},{"damage_healed":0,"gold_gain":0,"player_choice":"Upgraded","damage_taken":0,"max_hp_gain":0,"max_hp_loss":0,"event_name":"Upgrade Shrine","floor":36,"gold_loss":0,"cards_upgraded":["Blur"]},{"damage_healed":0,"gold_gain":0,"player_choice":"Copied","damage_taken":0,"max_hp_gain":0,"max_hp_loss":0,"event_name":"Duplicator","floor":46,"gold_loss":0,"cards_obtained":["Adrenaline"]}],"is_beta":false,"boss_relics":[{"not_picked":["Philosopher\u0027s Stone","Ring of the Serpent"],"picked":"Empty Cage"},{"not_picked":["Black Star","SacredBark"],"picked":"reliquary:RedPaperclip"}],"items_purged_floors":[2,20],"is_endless":false,"potions_floor_spawned":[8,10,11,16,19,30,31,37,38,45],"killed_by":"Awakened One","ascension_level":19}}