{"host":"1eshbq9n813iloto","time":1613426452,"event":{"mods":["Astrologer","Bard","BaseMod","Better Third Choice","Duelist Mod","Hubris","Infinite Spire","Minty Spire (QoL Compilation)","StSLib"],"gold_per_floor":[110,110,71,84,84,110,110,130,130,144,94,15,29,60,60,160,160,173,98,98,98,114,143,159,159,159,159,74,92,92,92,92,92,92],"floor_reached":33,"language":"ENG","playtime":3322,"items_purged":["Regret"],"score":298,"play_id":"c5e5e9d9-f048-460a-80dd-3e1d3dbd5cb0","local_time":"20210215170052","is_ascension_mode":false,"campfire_choices":[{"data":"astrologer:Confirmation","floor":7,"key":"SMITH"},{"floor":15,"key":"REST"},{"floor":27,"key":"REST"},{"data":"astrologer:CosmicExpanse","floor":30,"key":"SMITH"},{"data":"astrologer:Prismatic","floor":32,"key":"SMITH"}],"circlet_count":0,"master_deck":["astrologer:Strike","astrologer:Strike","astrologer:Defend","astrologer:Defend","astrologer:Defend","astrologer:Defend","astrologer:NorthStar","astrologer:TheFool","astrologer:Opposition","astrologer:Confirmation+1","astrologer:Radiance","astrologer:Moonlight","astrologer:Still","astrologer:Alignment","astrologer:CosmicExpanse+1","astrologer:Retelling","astrologer:Eclipse","astrologer:Trine","astrologer:SolarFlare+1","Necronomicurse","astrologer:FrozenStar+1","astrologer:FadingStar+1","astrologer:SolarFlare+1","astrologer:Prismatic+1"],"relics":["astrologer:SkyMirror","NeowsBlessing","hubris:Towel","hubris:BottledRain","hubris:Metronome","infinitespire:FocusingShard","hubris:Zylophone","hubris:HollowSoul","Necronomicon","Toxic Egg 2","Ancient Tea Set","Gremlin Horn","Orichalcum","hubris:BottledHeart"],"acts_visited":["Exordium","TheCity"],"potions_floor_usage":[16,22,24,33,33],"damage_taken":[{"damage":0,"enemies":"2 Louse","floor":1,"turns":1},{"damage":0,"enemies":"Small Slimes","floor":4,"turns":1},{"damage":0,"enemies":"Lagavulin","floor":6,"turns":1},{"damage":6,"enemies":"Jaw Worm","floor":8,"turns":4},{"damage":2,"enemies":"Blue Slaver","floor":10,"turns":3},{"damage":13,"enemies":"Exordium Thugs","floor":13,"turns":4},{"damage":30,"enemies":"3 Sentries","floor":14,"turns":8},{"damage":32,"enemies":"Hexaghost","floor":16,"turns":8},{"damage":20,"enemies":"2 Thieves","floor":18,"turns":3},{"damage":10,"enemies":"3 Byrds","floor":22,"turns":4},{"damage":18,"enemies":"Book of Stabbing","floor":23,"turns":4},{"damage":6,"enemies":"Cultist and Chosen","floor":24,"turns":6},{"damage":12,"enemies":"3 Cultists","floor":29,"turns":4},{"damage":16,"enemies":"Automaton","floor":33,"turns":6}],"seed_played":"-5579806533593227851","potions_obtained":[{"floor":4,"key":"Regen Potion"},{"floor":13,"key":"FearPotion"},{"floor":16,"key":"Weak Potion"},{"floor":22,"key":"BlessingOfTheForge"},{"floor":24,"key":"Fire Potion"}],"is_trial":false,"path_per_floor":["M","?","$","M","?","E","R","M","T","M","?","$","M","E","R","B",null,"M","?","?","T","M","E","M","AVR","T","R","?","M","R","?","R","B"],"character_chosen":"ASTROLOGER","items_purchased":["astrologer:Confirmation","astrologer:CosmicExpanse"],"campfire_rested":2,"item_purchase_floors":[3,12],"current_hp_per_floor":[70,70,70,70,70,70,70,64,64,62,62,62,49,19,40,23,70,50,50,34,34,24,6,35,35,35,56,56,44,44,1,1,0,0],"gold":92,"neow_bonus":"THREE_ENEMY_KILL","is_daily":false,"chose_seed":false,"campfire_upgraded":3,"win_rate":0.0,"timestamp":1613426452,"path_taken":["M","?","$","M","?","E","R","M","T","M","?","?","?","E","R","BOSS","M","?","?","?","M","E","M","AVR","T","R","?","M","R","?","R","BOSS"],"items_purchased_type":["Card","Card"],"build_version":"2020-12-13","purchased_purges":1,"victory":false,"max_hp_per_floor":[70,70,70,70,70,70,70,70,70,70,70,70,70,70,70,70,70,70,70,70,70,70,70,70,70,70,70,70,70,70,1,1,1,1],"card_choices":[{"not_picked":["astrologer:Stardust","astrologer:GlassStar"],"picked":"astrologer:Opposition","floor":1},{"not_picked":["astrologer:Prismatic","astrologer:Divination"],"picked":"astrologer:Radiance","floor":4},{"not_picked":["astrologer:ReadTheStars","astrologer:MeteorShower"],"picked":"astrologer:Moonlight","floor":6},{"not_picked":["astrologer:ReadTheStars","astrologer:FrozenStar"],"picked":"astrologer:Still","floor":8},{"not_picked":["astrologer:Temperance","astrologer:SpaceDust"],"picked":"astrologer:Alignment","floor":10},{"not_picked":["astrologer:SolarFlare","astrologer:LonelyStar"],"picked":"astrologer:Retelling","floor":13},{"not_picked":["astrologer:CometStrike","astrologer:Radiance"],"picked":"astrologer:Eclipse","floor":14},{"not_picked":["astrologer:HeatDeath","astrologer:Death"],"picked":"astrologer:Trine","floor":16},{"not_picked":["astrologer:Quincunx","astrologer:Justice"],"picked":"astrologer:SolarFlare+1","floor":18},{"not_picked":["astrologer:Eclipse","astrologer:TheEmpress+1"],"picked":"astrologer:FrozenStar+1","floor":22},{"not_picked":["astrologer:Retelling+1","astrologer:TheTower"],"picked":"astrologer:FadingStar+1","floor":23},{"not_picked":["astrologer:Moonlight+1","astrologer:Radiance"],"picked":"astrologer:SolarFlare+1","floor":24},{"not_picked":["astrologer:SpaceDust+1","astrologer:SolarFlare+1"],"picked":"astrologer:Prismatic","floor":29}],"player_experience":0,"relics_obtained":[{"floor":6,"key":"hubris:Metronome"},{"floor":9,"key":"infinitespire:FocusingShard"},{"floor":14,"key":"hubris:Zylophone"},{"floor":20,"key":"Necronomicon"},{"floor":21,"key":"Toxic Egg 2"},{"floor":23,"key":"Ancient Tea Set"},{"floor":26,"key":"Gremlin Horn"}],"event_choices":[{"damage_healed":0,"gold_gain":0,"player_choice":"Box","damage_taken":0,"relics_obtained":["hubris:BottledRain"],"max_hp_gain":0,"max_hp_loss":0,"event_name":"Big Fish","floor":5,"gold_loss":0,"cards_obtained":["Regret"]},{"cards_removed":["astrologer:Strike"],"damage_healed":0,"gold_gain":0,"player_choice":"Card Removal","damage_taken":0,"max_hp_gain":0,"max_hp_loss":0,"event_name":"The Cleric","floor":11,"gold_loss":50},{"cards_removed":["astrologer:Strike"],"damage_healed":0,"gold_gain":0,"player_choice":"Gave Gold","damage_taken":0,"max_hp_gain":0,"max_hp_loss":0,"event_name":"Beggar","floor":19,"gold_loss":75},{"damage_healed":0,"gold_gain":0,"player_choice":"Obtained Book","damage_taken":16,"max_hp_gain":0,"max_hp_loss":0,"event_name":"Cursed Tome","floor":20,"gold_loss":0},{"damage_healed":0,"gold_gain":0,"player_choice":"Obtained Relic","damage_taken":0,"relics_obtained":["Orichalcum"],"max_hp_gain":0,"max_hp_loss":0,"event_name":"Addict","floor":28,"gold_loss":85}],"is_beta":false,"boss_relics":[{"not_picked":["hubris:Backtick","SacredBark"],"picked":"hubris:HollowSoul"}],"items_purged_floors":[25],"is_endless":false,"potions_floor_spawned":[4,13,16,22,24],"killed_by":"Automaton","ascension_level":0}}