{"host":"u1dfzl6o6mfmauc3","time":1613377839,"event":{"mods":["2.2 Compatiblity","AchievementEnabler","BaseMod","Bestiary","Block Reminder","Challenge The Spire","Colored Map","Dark Map","Hermit","Highlight Path","Marisa????????","Minty Spire (QoL Compilation)","Random Character Button","Rare Cards Sparkle","Relic Stats","Robot Space Explorer","StSLib","The Disciple"],"gold_per_floor":[216,2,22,97,110,110,141,141,141,141,141,152,179,179,4,4,103,103,114,114,131,146,166,166,116,116,116,116,131,148,21,21,21,123,123,137,137,153,153,5,34,49,67,113,1,1,12,25,38,38,38,38,38],"floor_reached":52,"language":"ENG","playtime":2376,"items_purged":["Strike_G+1","Strike_G+1"],"score":618,"play_id":"718230d5-4a04-48e9-b953-b9e8b3187e8c","local_time":"20210215033039","is_ascension_mode":true,"campfire_choices":[{"data":"Neutralize","floor":6,"key":"SMITH"},{"floor":11,"key":"REST"},{"data":"Noxious Fumes","floor":14,"key":"SMITH"},{"floor":16,"key":"REST"},{"data":"Wraith Form v2","floor":24,"key":"SMITH"},{"data":"Malaise","floor":26,"key":"SMITH"},{"data":"Poisoned Stab","floor":28,"key":"SMITH"},{"floor":33,"key":"REST"},{"data":"Footwork","floor":46,"key":"SMITH"},{"data":"After Image","floor":50,"key":"SMITH"},{"data":"Well Laid Plans","floor":51,"key":"SMITH"}],"circlet_count":0,"master_deck":["Strike_G+1","Strike_G+1","Strike_G+1","Defend_G+1","Defend_G+1","Defend_G+1","Defend_G+1","Defend_G+1","Survivor","Neutralize+1","Leg Sweep+1","Deadly Poison","Predator","Poisoned Stab+1","Noxious Fumes+1","Deadly Poison","Malaise+1","Wraith Form v2+1","PiercingWail+1","Riddle With Holes","Well Laid Plans+1","After Image+1","Blur","Crippling Poison","Footwork+1"],"relics":["Ring of the Snake","Meat on the Bone","Mercury Hourglass","Question Card","Bottled Lightning","Oddly Smooth Stone","Philosopher\u0027s Stone","War Paint","Gremlin Horn","Coffee Dripper","Blue Candle"],"acts_visited":["Exordium","TheCity","TheBeyond"],"potions_floor_usage":[5,7,12,13,21,23,34,34,34,36,41,48,52,52],"damage_taken":[{"damage":8,"enemies":"Jaw Worm","floor":1,"turns":6},{"damage":0,"enemies":"2 Louse","floor":3,"turns":3},{"damage":0,"enemies":"Cultist","floor":5,"turns":5},{"damage":50,"enemies":"Gremlin Nob","floor":7,"turns":7},{"damage":0,"enemies":"Lots of Slimes","floor":12,"turns":3},{"damage":19,"enemies":"3 Sentries","floor":13,"turns":6},{"damage":10,"enemies":"The Guardian","floor":17,"turns":8},{"damage":11,"enemies":"Spheric Guardian","floor":19,"turns":5},{"damage":0,"enemies":"3 Byrds","floor":21,"turns":4},{"damage":15,"enemies":"Snecko","floor":22,"turns":5},{"damage":16,"enemies":"Centurion and Healer","floor":23,"turns":6},{"damage":17,"enemies":"Cultist and Chosen","floor":29,"turns":5},{"damage":15,"enemies":"Snake Plant","floor":30,"turns":4},{"damage":39,"enemies":"Collector","floor":34,"turns":7},{"damage":1,"enemies":"3 Darklings","floor":36,"turns":7},{"damage":0,"enemies":"Orb Walker","floor":38,"turns":4},{"damage":20,"enemies":"Nemesis","floor":41,"turns":13},{"damage":37,"enemies":"Spire Growth","floor":42,"turns":6},{"damage":6,"enemies":"Maw","floor":43,"turns":10},{"damage":5,"enemies":"Transient","floor":47,"turns":5},{"damage":5,"enemies":"Sphere and 2 Shapes","floor":48,"turns":7},{"damage":16,"enemies":"Writhing Mass","floor":49,"turns":7},{"damage":41,"enemies":"Time Eater","floor":52,"turns":15}],"seed_played":"6030542268860742886","potions_obtained":[{"floor":7,"key":"SkillPotion"},{"floor":12,"key":"Poison Potion"},{"floor":17,"key":"LiquidMemories"},{"floor":19,"key":"ColorlessPotion"},{"floor":22,"key":"DuplicationPotion"},{"floor":29,"key":"SkillPotion"},{"floor":34,"key":"DistilledChaos"},{"floor":43,"key":"DistilledChaos"},{"floor":47,"key":"PowerPotion"},{"floor":48,"key":"Strength Potion"}],"is_trial":false,"path_per_floor":["M","$","M","?","M","R","E","?","T","T","R","M","E","R","$","R","B",null,"M","?","M","M","M","R","?","R","T","R","M","M","$","T","R","B",null,"M","?","M","?","$","E","M","M","T","$","R","M","M","M","R","R","B"],"character_chosen":"THE_SILENT","items_purchased":["Leg Sweep","Deadly Poison","CunningPotion","SkillPotion","Oddly Smooth Stone","Deadly Poison","SpeedPotion","Dexterity Potion","Footwork","DuplicationPotion"],"campfire_rested":3,"item_purchase_floors":[2,2,2,2,15,15,31,40,45,45],"current_hp_per_floor":[62,62,62,51,51,51,1,1,1,1,22,34,27,27,27,48,38,62,51,51,51,36,32,32,32,32,32,32,27,24,24,24,45,18,57,56,70,70,70,70,50,25,31,31,31,31,38,45,41,41,41,0,0],"gold":38,"neow_bonus":"HUNDRED_GOLD","is_daily":false,"chose_seed":false,"campfire_upgraded":8,"win_rate":0.0,"timestamp":1613377839,"path_taken":["M","$","M","?","M","R","E","?","T","T","R","M","E","R","$","R","BOSS","M","?","M","M","M","R","?","R","T","R","M","?","?","?","R","BOSS","M","?","M","?","$","E","M","M","T","$","R","M","?","M","R","R","BOSS"],"items_purchased_type":["Card","Card","Potion","Potion","Relic","Card","Potion","Potion","Card","Potion"],"build_version":"2020-12-22","purchased_purges":2,"victory":false,"max_hp_per_floor":[70,70,70,70,70,70,70,70,70,70,70,70,70,70,70,70,70,70,70,70,70,70,70,70,70,70,70,70,70,70,70,70,70,70,70,70,70,70,70,70,70,70,70,70,70,70,70,70,70,70,70,70,70],"relic_stats":{"Gremlin Horn":[8,8],"counters":[23,147],"Blue Candle":[0],"War Paint":["PiercingWail","Leg Sweep"],"Question Card":18,"obtain_stats":[{"Gremlin Horn":32,"Blue Candle":41,"Oddly Smooth Stone":15,"Philosopher\u0027s Stone":18,"Coffee Dripper":35,"Bottled Lightning":13,"War Paint":27,"Question Card":10,"Ring of the Snake":0,"Meat on the Bone":7,"Mercury Hourglass":9},{"Gremlin Horn":13,"Blue Candle":17,"Oddly Smooth Stone":6,"Philosopher\u0027s Stone":7,"Coffee Dripper":14,"Bottled Lightning":6,"War Paint":11,"Question Card":4,"Ring of the Snake":0,"Meat on the Bone":4,"Mercury Hourglass":4},{"Gremlin Horn":67,"Blue Candle":98,"Oddly Smooth Stone":30,"Philosopher\u0027s Stone":38,"Coffee Dripper":74,"Bottled Lightning":30,"War Paint":58,"Question Card":21,"Ring of the Snake":0,"Meat on the Bone":21,"Mercury Hourglass":21}],"Ring of the Snake":[46],"Meat on the Bone":132,"Mercury Hourglass":[458]},"card_choices":[{"not_picked":["Outmaneuver","Sucker Punch","Quick Slash"],"picked":"SKIP","floor":1},{"not_picked":["Dodge and Roll","Prepared","Outmaneuver"],"picked":"SKIP","floor":3},{"not_picked":["Acrobatics","Dodge and Roll","Outmaneuver"],"picked":"SKIP","floor":5},{"not_picked":["Expertise","Venomology"],"picked":"Predator","floor":7},{"not_picked":["Outmaneuver","Prepared","Acrobatics"],"picked":"Poisoned Stab","floor":12},{"not_picked":["Sucker Punch","Masterful Stab","PiercingWail"],"picked":"Noxious Fumes","floor":13},{"not_picked":["Venomology","Doppelganger","After Image"],"picked":"Malaise","floor":17},{"not_picked":["Cloak And Dagger+1","Quick Slash","Underhanded Strike","Slice"],"picked":"SKIP","floor":19},{"not_picked":["Slice","Flying Knee","Poisoned Stab"],"picked":"Wraith Form v2","floor":21},{"not_picked":["Calculated Gamble","Expertise","Distraction"],"picked":"PiercingWail","floor":22},{"not_picked":["Quick Slash","Blade Dance","Dodge and Roll","Flying Knee"],"picked":"SKIP","floor":23},{"not_picked":["Concentrate+1","Prepared+1","Storm of Steel"],"picked":"Riddle With Holes","floor":29},{"not_picked":["Dagger Throw","Slice","Caltrops"],"picked":"Well Laid Plans","floor":30},{"not_picked":["Bullet Time","Venomology","Night Terror"],"picked":"After Image","floor":34},{"not_picked":["Distraction+1","Sucker Punch+1","Slice+1"],"picked":"Blur","floor":36},{"not_picked":["Acrobatics","Dagger Spray+1","Well Laid Plans+1"],"picked":"Crippling Poison","floor":38},{"not_picked":["Caltrops+1","Venomology","Infinite Blades","Concentrate"],"picked":"SKIP","floor":41},{"not_picked":["Skewer+1","Quick Slash+1","Acrobatics","Dagger Throw"],"picked":"SKIP","floor":42},{"not_picked":["Deflect+1","Cloak And Dagger","Poisoned Stab","Distraction"],"picked":"SKIP","floor":43},{"not_picked":["Backflip","Outmaneuver+1","Well Laid Plans","Quick Slash"],"picked":"SKIP","floor":47},{"not_picked":["Dagger Throw+1","Underhanded Strike+1","Setup","Skewer"],"picked":"SKIP","floor":48},{"not_picked":["Night Terror","Choke+1","All Out Attack","Deflect+1"],"picked":"SKIP","floor":49}],"player_experience":253108,"relics_obtained":[{"floor":7,"key":"Meat on the Bone"},{"floor":9,"key":"Mercury Hourglass"},{"floor":10,"key":"Question Card"},{"floor":13,"key":"Bottled Lightning"},{"floor":27,"key":"War Paint"},{"floor":32,"key":"Gremlin Horn"},{"floor":41,"key":"Blue Candle"}],"event_choices":[{"damage_healed":0,"gold_gain":75,"player_choice":"Gather Gold","damage_taken":11,"max_hp_gain":0,"max_hp_loss":0,"event_name":"World of Goop","floor":4,"gold_loss":0},{"damage_healed":0,"gold_gain":0,"player_choice":"Ignored","damage_taken":0,"max_hp_gain":0,"max_hp_loss":0,"event_name":"Golden Idol","floor":8,"gold_loss":0},{"damage_healed":0,"gold_gain":0,"player_choice":"Simplicity","damage_taken":0,"max_hp_gain":0,"max_hp_loss":0,"event_name":"Back to Basics","floor":20,"gold_loss":0,"cards_upgraded":["Strike_G","Strike_G","Strike_G","Strike_G","Strike_G","Defend_G","Defend_G","Defend_G","Defend_G","Defend_G"]},{"damage_healed":0,"gold_gain":0,"player_choice":"Bet on Murderer","damage_taken":0,"max_hp_gain":0,"max_hp_loss":0,"event_name":"The Joust","floor":25,"gold_loss":50},{"damage_healed":18,"gold_gain":0,"player_choice":"Writhe","damage_taken":0,"max_hp_gain":0,"max_hp_loss":0,"event_name":"Winding Halls","floor":37,"gold_loss":0,"cards_obtained":["Writhe"]},{"cards_removed":["Writhe"],"damage_healed":0,"gold_gain":0,"player_choice":"Removed Curses","damage_taken":0,"max_hp_gain":0,"max_hp_loss":0,"event_name":"Fountain of Cleansing","floor":39,"gold_loss":0}],"is_beta":false,"boss_relics":[{"not_picked":["SacredBark","Snecko Eye"],"picked":"Philosopher\u0027s Stone"},{"not_picked":["Sozu","Runic Pyramid"],"picked":"Coffee Dripper"}],"items_purged_floors":[31,40],"is_endless":false,"potions_floor_spawned":[7,12,17,19,22,29,34,43,47,48,49],"killed_by":"Time Eater","ascension_level":5}}