{"host":"kh6fvhxn285ncg0o","time":1613353637,"event":{"mods":["Act Like it!","BaseMod","Colored Map","Friendly Minions","Keyboard Shortcuts","Minty Spire (QoL Compilation)","Quick Restart","Relic Stats","StSLib","SuperFastMode","UnlockEverythingMod"],"gold_per_floor":[117,117,128,53,53,53,83,8,8,43,57,77,77,95,95,95,95],"floor_reached":16,"language":"KOR","playtime":231,"items_purged":["Strike_G"],"score":270,"play_id":"824fca54-e808-4836-be44-02a3a44feb27","local_time":"20210215104717","is_ascension_mode":true,"campfire_choices":[{"data":"Skewer","floor":6,"key":"SMITH"},{"data":"Neutralize","floor":15,"key":"SMITH"}],"circlet_count":0,"master_deck":["AscendersBane","Strike_G","Strike_G","Strike_G","Defend_G","Defend_G","Defend_G","Defend_G","Defend_G","Survivor","Neutralize+1","Backstab","Skewer+1","Blade Dance","Noxious Fumes+1","Accuracy"],"relics":["Ring of the Snake","NeowsBlessing","Darkstone Periapt","Bird Faced Urn"],"acts_visited":["Exordium"],"potions_floor_usage":[14,16],"damage_taken":[{"damage":0,"enemies":"2 Louse","floor":1,"turns":1},{"damage":0,"enemies":"Small Slimes","floor":3,"turns":1},{"damage":0,"enemies":"3 Sentries","floor":7,"turns":2},{"damage":56,"enemies":"Lagavulin","floor":10,"turns":8},{"damage":4,"enemies":"Jaw Worm","floor":11,"turns":2},{"damage":3,"enemies":"3 Louse","floor":12,"turns":4},{"damage":7,"enemies":"Exordium Wildlife","floor":14,"turns":4},{"damage":19,"enemies":"Hexaghost","floor":16,"turns":9}],"seed_played":"2005531855354568138","potions_obtained":[{"floor":1,"key":"Regen Potion"},{"floor":14,"key":"Dexterity Potion"}],"is_trial":false,"path_per_floor":["M","?","M","?","?","R","E","$","T","E","M","M","?","M","R","B"],"character_chosen":"THE_SILENT","items_purchased":[],"campfire_rested":0,"item_purchase_floors":[],"current_hp_per_floor":[59,64,64,64,64,64,64,64,64,8,4,3,3,12,12,0,0],"gold":95,"neow_bonus":"THREE_ENEMY_KILL","is_daily":false,"chose_seed":false,"campfire_upgraded":2,"win_rate":0.0,"timestamp":1613353637,"path_taken":["M","?","M","?","?","R","E","?","T","E","M","M","?","M","R","BOSS"],"items_purchased_type":[],"build_version":"2020-12-22","purchased_purges":1,"victory":false,"max_hp_per_floor":[66,71,71,71,71,71,71,71,71,71,71,71,71,71,71,71,71],"relic_stats":{"Darkstone Periapt":0,"counters":[8,31],"Bird Faced Urn":[8],"obtain_stats":[{"Darkstone Periapt":7,"NeowsBlessing":0,"Bird Faced Urn":10,"Ring of the Snake":0},{"Darkstone Periapt":3,"NeowsBlessing":0,"Bird Faced Urn":4,"Ring of the Snake":0},{"Darkstone Periapt":4,"NeowsBlessing":0,"Bird Faced Urn":12,"Ring of the Snake":0}],"Ring of the Snake":[16]},"card_choices":[{"not_picked":["Flying Knee","Dagger Throw"],"picked":"Backstab","floor":1},{"not_picked":["Underhanded Strike","Dagger Throw"],"picked":"Skewer","floor":3},{"not_picked":["Deflect","Prepared"],"picked":"Blade Dance","floor":7},{"not_picked":["Blade Dance","After Image"],"picked":"Noxious Fumes","floor":10},{"not_picked":["Bane","Outmaneuver"],"picked":"Accuracy","floor":14}],"player_experience":1419880,"relics_obtained":[{"floor":7,"key":"Darkstone Periapt"},{"floor":10,"key":"Bird Faced Urn"}],"event_choices":[{"damage_healed":0,"gold_gain":0,"player_choice":"Donut","damage_taken":0,"max_hp_gain":5,"max_hp_loss":0,"event_name":"Big Fish","floor":2,"gold_loss":0},{"cards_removed":["Strike_G"],"damage_healed":0,"gold_gain":0,"player_choice":"Card Removal","damage_taken":0,"max_hp_gain":0,"max_hp_loss":0,"event_name":"The Cleric","floor":4,"gold_loss":75},{"damage_healed":0,"gold_gain":0,"player_choice":"Ignored","damage_taken":0,"max_hp_gain":0,"max_hp_loss":0,"event_name":"Liars Game","floor":5,"gold_loss":0},{"damage_healed":0,"gold_gain":0,"player_choice":"Grow","damage_taken":0,"max_hp_gain":0,"max_hp_loss":0,"event_name":"Living Wall","floor":13,"gold_loss":0,"cards_upgraded":["Noxious Fumes"]}],"is_beta":false,"boss_relics":[],"items_purged_floors":[8],"is_endless":false,"potions_floor_spawned":[1,14],"killed_by":"Hexaghost","ascension_level":20}}