{"host":"rsal8t78l1a5jz1a","time":1613368806,"event":{"mods":["Act Like it!","BaseMod","Infinite Spire","Marked Mod","Minty Spire (QoL Compilation)","StSLib"],"gold_per_floor":[111111,110223,110223,110233,109475,109475,109517,109517,109517,109018,108318,108330,108346,108384,108384,108493,108493,108493,107747,107747,107747,107747,107747,107747,107747,107747,107747,107747,107747,107747,107142,107142,107142,107142,107142,107142,106084,106084,106084,106084,106084,106084,106084,106084,106084,106084,106084,106084,106084],"floor_reached":48,"language":"ZHS","playtime":5583,"items_purged":["Defend_P","Strike_P","Defend_P","MarkedMod:FirstStrike","Strike_P"],"score":728,"play_id":"a83aae9c-b4f9-4161-b18e-84f8290d3de4","local_time":"20210215140006","is_ascension_mode":true,"campfire_choices":[{"data":"PathToVictory","floor":6,"key":"SMITH"},{"data":"MarkedMod:PinPointDefense","floor":8,"key":"SMITH"},{"floor":15,"key":"REST"},{"floor":24,"key":"REST"},{"data":"MarkedMod:ChiBlock","floor":29,"key":"SMITH"},{"floor":32,"key":"REST"},{"floor":44,"key":"REST"}],"circlet_count":0,"master_deck":["Strike_P","Strike_P+1","Defend_P","Defend_P","Eruption","Vigilance","Consecrate+1","PathToVictory+1","InnerPeace","MarkedMod:PinPointDefense+1","Ragnarok","infinitespire:Starlight","MarkedMod:ChiBlock+1","Establishment","MarkedMod:GracefulMovements","MarkedMod:GracefulMovements+1","J.A.X.","MarkedMod:GentlePulse+1","MarkedMod:FirstStrike+1","DeusExMachina","CurseOfTheBell","Apotheosis","Blasphemy","infinitespire:Collect","infinitespire:Oblivion","Bandage Up"],"relics":["infinitespire:DarkRift","NeowsBlessing","Regal Pillow","Whetstone","TheAbacus","infinitespire:Cubic Diamond","Yang","Matryoshka","HandDrill","CeramicFish","Toy Ornithopter","MealTicket","infinitespire:ShieldingShard","Pantograph","Cauldron","Odd Mushroom","Ectoplasm","Boot","Mercury Hourglass","Sling","Letter Opener","Blood Vial","Bottled Flame","infinitespire:PuzzleCube","Centennial Puzzle","ClockworkSouvenir","Calling Bell","Bag of Marbles","Mummified Hand","infinitespire:Magic Flask","CloakClasp","infinitespire:Bottled Soul","Chemical X","Nunchaku","infinitespire:Lucky Rock","Calipers"],"acts_visited":["Exordium","TheCity","TheBeyond"],"potions_floor_usage":[12,23,28,33,33,45,45],"damage_taken":[{"damage":0,"enemies":"Jaw Worm","floor":1,"turns":1},{"damage":0,"enemies":"2 Louse","floor":4,"turns":1},{"damage":0,"enemies":"Lagavulin","floor":7,"turns":1},{"damage":15,"enemies":"Small Slimes","floor":12,"turns":3},{"damage":1,"enemies":"Exordium Wildlife","floor":13,"turns":3},{"damage":27,"enemies":"The Mushroom Lair","floor":14,"turns":3},{"damage":67,"enemies":"Hexaghost","floor":16,"turns":14},{"damage":7,"enemies":"Spheric Guardian","floor":18,"turns":4},{"damage":9,"enemies":"Shell Parasite","floor":20,"turns":4},{"damage":67,"enemies":"Slavers","floor":23,"turns":6},{"damage":14,"enemies":"Snecko","floor":25,"turns":5},{"damage":20,"enemies":"Shelled Parasite and Fungi","floor":27,"turns":6},{"damage":1,"enemies":"3 Cultists","floor":28,"turns":4},{"damage":10,"enemies":"Centurion and Healer","floor":30,"turns":4},{"damage":31,"enemies":"Collector","floor":33,"turns":5},{"damage":39,"enemies":"3 Darklings","floor":35,"turns":4},{"damage":38,"enemies":"3 Shapes","floor":36,"turns":2},{"damage":16,"enemies":"Maw","floor":38,"turns":6},{"damage":44,"enemies":"Transient","floor":40,"turns":5},{"damage":7,"enemies":"3 Darklings","floor":42,"turns":3},{"damage":33,"enemies":"infinitespire:Three Voidlings","floor":45,"turns":2},{"damage":52,"enemies":"Nightmare_Alpha","floor":45,"turns":9},{"damage":21,"enemies":"Spire Growth","floor":46,"turns":5},{"damage":100000,"enemies":"Nemesis","floor":48,"turns":3}],"seed_played":"-6020834876204846263","potions_obtained":[{"floor":16,"key":"Fire Potion"},{"floor":20,"key":"FairyPotion"},{"floor":25,"key":"DistilledChaos"},{"floor":30,"key":"Explosive Potion"},{"floor":38,"key":"Dexterity Potion"},{"floor":40,"key":"Dexterity Potion"}],"is_trial":false,"path_per_floor":["M","$","?","M","$","R","E","R","T","?","$","M","M","?","R","B",null,"M","$","M","?","?","E","R","M","T","M","M","R","M","$","R","B",null,"M","M","$","M","AVR","M","?","M","T","R","?","M","?","E"],"character_chosen":"WATCHER","items_purchased":["Regal Pillow","Whetstone","TheAbacus","PathToVictory","InnerPeace","MarkedMod:PinPointDefense","ColorlessPotion","BlessingOfTheForge","Ancient Potion","Yang","Matryoshka","HandDrill","infinitespire:ShieldingShard","Pantograph","MarkedMod:FirstStrike","Cauldron","Boot","Mercury Hourglass","Sling","MarkedMod:GracefulMovements","infinitespire:PuzzleCube","Centennial Puzzle","ClockworkSouvenir","Apotheosis","CloakClasp","infinitespire:Bottled Soul","Chemical X"],"campfire_rested":4,"item_purchase_floors":[2,2,2,2,2,2,2,2,2,5,5,5,11,11,11,11,19,19,19,19,31,31,31,37,37,37,37],"current_hp_per_floor":[65,65,65,65,65,65,65,65,65,65,72,64,63,36,72,15,58,61,72,63,63,63,11,47,43,43,35,41,41,33,48,72,56,68,43,7,22,23,23,11,11,16,16,51,10,1,1,0,0],"gold":106084,"neow_bonus":"THREE_ENEMY_KILL","is_daily":false,"chose_seed":false,"campfire_upgraded":3,"win_rate":0.0,"timestamp":1613368806,"path_taken":["M","$","?","M","$","R","E","R","T","?","$","M","M","?","R","BOSS","M","$","M","?","?","E","R","M","T","?","M","R","M","$","R","BOSS","M","M","$","M","AVR","M","?","M","T","R","?","M","?","E"],"items_purchased_type":["Relic","Relic","Relic","Card","Card","Card","Potion","Potion","Potion","Relic","Relic","Relic","Relic","Relic","Card","Relic","Relic","Relic","Relic","Card","Relic","Relic","Relic","Card","Relic","Relic","Relic"],"build_version":"2020-12-22","purchased_purges":5,"victory":false,"max_hp_per_floor":[72,72,72,72,72,72,72,72,72,72,72,72,72,72,72,72,72,72,72,72,72,72,72,72,72,72,72,72,72,72,72,72,72,72,72,72,72,72,72,72,68,68,68,68,68,68,68,68,68],"card_choices":[{"not_picked":["Nirvana","ThirdEye"],"picked":"Consecrate","floor":1},{"not_picked":["Evaluate","Study","Nirvana"],"picked":"SKIP","floor":4},{"not_picked":["CrushJoints","Conclude"],"picked":"Ragnarok","floor":7},{"not_picked":["infinitespire:NeuralNetwork","infinitespire:Execution"],"picked":"infinitespire:Starlight","floor":10},{"not_picked":["CutThroughFate","Prostrate","ClearTheMind"],"picked":"SKIP","floor":12},{"not_picked":["Vengeance","FlyingSleeves","FollowUp"],"picked":"SKIP","floor":13},{"not_picked":["Meditate","Prostrate"],"picked":"MarkedMod:ChiBlock","floor":14},{"not_picked":["Scrawl","Brilliance"],"picked":"Establishment","floor":16},{"not_picked":["Consecrate","WheelKick","SignatureMove"],"picked":"SKIP","floor":18},{"not_picked":["JustLucky","Conclude+1"],"picked":"MarkedMod:GracefulMovements+1","floor":20},{"not_picked":["BowlingBash","EmptyFist","FollowUp"],"picked":"SKIP","floor":23},{"not_picked":["LikeWater+1","WaveOfTheHand","Alpha"],"picked":"SKIP","floor":25},{"not_picked":["FlurryOfBlows","Wireheading"],"picked":"MarkedMod:GentlePulse+1","floor":27},{"not_picked":["EmptyBody","MarkedMod:GracefulMovements","Protect"],"picked":"SKIP","floor":28},{"not_picked":["FlyingSleeves","WheelKick+1"],"picked":"MarkedMod:FirstStrike+1","floor":30},{"not_picked":["LessonLearned","Devotion"],"picked":"DeusExMachina","floor":33},{"not_picked":["Evaluate+1","CutThroughFate","EmptyBody+1"],"picked":"SKIP","floor":35},{"not_picked":["ClearTheMind+1","Pray+1","EmptyBody+1"],"picked":"SKIP","floor":36},{"not_picked":["JustLucky","DeceiveReality"],"picked":"Blasphemy","floor":38},{"not_picked":["DeceiveReality","Wallop","Halt+1"],"picked":"SKIP","floor":40},{"not_picked":["Vengeance+1","JustLucky","Prostrate+1"],"picked":"SKIP","floor":42},{"not_picked":["infinitespire:FinalStrike","infinitespire:NeuralNetwork"],"picked":"infinitespire:Oblivion","floor":45},{"not_picked":["CutThroughFate+1","Perseverance","FlyingSleeves+1"],"picked":"SKIP","floor":46},{"not_picked":["Forethought","Dramatic Entrance"],"picked":"Bandage Up","floor":47}],"player_experience":73492,"relics_obtained":[{"floor":7,"key":"CeramicFish"},{"floor":9,"key":"Toy Ornithopter"},{"floor":9,"key":"MealTicket"},{"floor":14,"key":"Odd Mushroom"},{"floor":23,"key":"Letter Opener"},{"floor":26,"key":"Blood Vial"},{"floor":26,"key":"Bottled Flame"},{"floor":34,"key":"Bag of Marbles"},{"floor":34,"key":"Mummified Hand"},{"floor":34,"key":"infinitespire:Magic Flask"},{"floor":43,"key":"infinitespire:Lucky Rock"},{"floor":45,"key":"Calipers"}],"event_choices":[{"damage_healed":0,"gold_gain":0,"player_choice":"Fought Mushrooms","damage_taken":0,"max_hp_gain":0,"max_hp_loss":0,"event_name":"Mushrooms","floor":14,"gold_loss":0},{"damage_healed":0,"gold_gain":0,"player_choice":"Obtain J.A.X.","damage_taken":0,"max_hp_gain":0,"max_hp_loss":0,"event_name":"Drug Dealer","floor":21,"gold_loss":0,"cards_obtained":["J.A.X."]},{"damage_healed":0,"gold_gain":0,"player_choice":"Got Potions","damage_taken":0,"max_hp_gain":0,"max_hp_loss":0,"event_name":"Lab","floor":22,"gold_loss":0},{"damage_healed":0,"gold_gain":0,"player_choice":"Max HP","damage_taken":0,"max_hp_gain":0,"max_hp_loss":4,"event_name":"Winding Halls","floor":41,"gold_loss":0},{"damage_healed":0,"gold_gain":0,"player_choice":"Memory 1","damage_taken":0,"max_hp_gain":0,"max_hp_loss":0,"event_name":"SensoryStone","floor":47,"gold_loss":0}],"is_beta":false,"boss_relics":[{"not_picked":["Astrolabe","Philosopher\u0027s Stone"],"picked":"Ectoplasm"},{"not_picked":["Tiny House","SlaversCollar"],"picked":"Calling Bell"}],"items_purged_floors":[2,5,19,31,37],"is_endless":false,"potions_floor_spawned":[7,16,18,20,25,30,38,40],"killed_by":"Nemesis","ascension_level":7}}