{"host":"9hmnsypyq1c5u7i3","time":1613421527,"event":{"mods":["BaseMod","Bestiary","Hermit","Marisa????????","Minty Spire (QoL Compilation)","Permanent Neow","Quick Restart","Relic Stats","StSLib","The Cursed","The Hierophant","The Runesmith"],"gold_per_floor":[117,192,162,175,189,189,219,219,243,259,276,296,54,67,67,138,138,153,153,167,180,194,225,225,257,309,309,322,342,17,49,49,125,125,142,162,214,231,231,258,272,302,347,347,357,357,384,115,115,115,115,115,115,36,62,62,62],"floor_reached":56,"language":"ENG","playtime":8960,"items_purged":["Strike_G","Strike_G"],"score":2077,"play_id":"22f89f7a-92b7-4b1c-8b9b-44a39f40004c","local_time":"20210215153847","is_ascension_mode":true,"campfire_choices":[{"data":"Neutralize","floor":6.0,"key":"SMITH"},{"data":"Cloak And Dagger","floor":8.0,"key":"SMITH"},{"floor":15.0,"key":"REST"},{"data":"Flechettes","floor":24.0,"key":"SMITH"},{"floor":27.0,"key":"REST"},{"data":"Leg Sweep","floor":32.0,"key":"SMITH"},{"floor":44.0,"key":"REST"},{"floor":49.0,"key":"RECALL"},{"data":"Burst","floor":53.0,"key":"SMITH"}],"circlet_count":0,"master_deck":["AscendersBane","Strike_G+1","Defend_G","Defend_G","Defend_G","Defend_G","Defend_G","Survivor","Neutralize+1","Cloak And Dagger+1","Flechettes+1","Dagger Spray+1","Predator","Deadly Poison","Noxious Fumes","Blur","PiercingWail","Adrenaline","RitualDagger","Leg Sweep+1","Blade Dance","Slice+1","Bane+1","Footwork","Deflect+1","Deflect","Burst+1","Deflect+1","Caltrops+1","Escape Plan","Decay","Flechettes","Flechettes","Finesse","Secret Technique","Cloak And Dagger+1","Footwork+1","Catalyst+1"],"relics":["Ring of the Snake","Centennial Puzzle","PreservedInsect","Snake Skull","Runic Pyramid","Turnip","Du-Vu Doll","Whetstone","Kunai","Bag of Marbles","Philosopher\u0027s Stone","The Specimen","Bag of Preparation","Frozen Egg 2","Bottled Flame","Nunchaku","Shuriken"],"acts_visited":["Exordium","TheCity","TheBeyond","TheEnding"],"potions_floor_usage":[],"damage_taken":[{"damage":3.0,"enemies":"Jaw Worm","floor":1.0,"turns":6.0},{"damage":0.0,"enemies":"Small Slimes","floor":4.0,"turns":4.0},{"damage":0.0,"enemies":"Cultist","floor":5.0,"turns":3.0},{"damage":13.0,"enemies":"3 Sentries","floor":7.0,"turns":11.0},{"damage":6.0,"enemies":"Looter","floor":10.0,"turns":3.0},{"damage":2.0,"enemies":"3 Louse","floor":11.0,"turns":3.0},{"damage":5.0,"enemies":"Lots of Slimes","floor":12.0,"turns":3.0},{"damage":2.0,"enemies":"Exordium Wildlife","floor":14.0,"turns":6.0},{"damage":8.0,"enemies":"The Guardian","floor":16.0,"turns":10.0},{"damage":0.0,"enemies":"3 Byrds","floor":18.0,"turns":4.0},{"damage":1.0,"enemies":"Chosen","floor":20.0,"turns":5.0},{"damage":0.0,"enemies":"Snake Plant","floor":21.0,"turns":5.0},{"damage":8.0,"enemies":"Snecko","floor":22.0,"turns":7.0},{"damage":10.0,"enemies":"Gremlin Leader","floor":23.0,"turns":6.0},{"damage":4.0,"enemies":"Slavers","floor":25.0,"turns":3.0},{"damage":1.0,"enemies":"Sentry and Sphere","floor":28.0,"turns":3.0},{"damage":6.0,"enemies":"Shelled Parasite and Fungi","floor":29.0,"turns":5.0},{"damage":8.0,"enemies":"Book of Stabbing","floor":31.0,"turns":4.0},{"damage":10.0,"enemies":"Champ","floor":33.0,"turns":14.0},{"damage":0.0,"enemies":"3 Shapes","floor":35.0,"turns":4.0},{"damage":0.0,"enemies":"Orb Walker","floor":36.0,"turns":2.0},{"damage":3.0,"enemies":"2 Orb Walkers","floor":37.0,"turns":5.0},{"damage":0.0,"enemies":"Transient","floor":38.0,"turns":6.0},{"damage":22.0,"enemies":"Nemesis","floor":40.0,"turns":5.0},{"damage":2.0,"enemies":"3 Darklings","floor":41.0,"turns":2.0},{"damage":0.0,"enemies":"Reptomancer","floor":42.0,"turns":4.0},{"damage":4.0,"enemies":"Spire Growth","floor":45.0,"turns":5.0},{"damage":0.0,"enemies":"Nemesis","floor":47.0,"turns":5.0},{"damage":1.0,"enemies":"Awakened One","floor":50.0,"turns":18.0},{"damage":6.0,"enemies":"Time Eater","floor":51.0,"turns":9.0},{"damage":19.0,"enemies":"Shield and Spear","floor":55.0,"turns":6.0},{"damage":34,"enemies":"The Heart","floor":56,"turns":6}],"seed_played":"-916473532331348457","potions_obtained":[{"floor":3.0,"key":"PowerPotion"},{"floor":3.0,"key":"Dexterity Potion"},{"floor":10.0,"key":"PowerPotion"},{"floor":12.0,"key":"BlessingOfTheForge"},{"floor":16.0,"key":"EssenceOfSteel"},{"floor":21.0,"key":"Energy Potion"},{"floor":23.0,"key":"Block Potion"},{"floor":28.0,"key":"BlessingOfTheForge"},{"floor":29.0,"key":"GamblersBrew"},{"floor":31.0,"key":"Weak Potion"},{"floor":33.0,"key":"Block Potion"},{"floor":35.0,"key":"DistilledChaos"},{"floor":42.0,"key":"FearPotion"},{"floor":45.0,"key":"LiquidBronze"}],"is_trial":false,"path_per_floor":["M","?","?","M","M","R","E","R","T","M","M","M","$","M","R","B",null,"M","?","M","M","M","E","R","E","T","R","M","M","$","E","R","B",null,"M","M","?","M","?","E","M","E","T","R","M","?","E","$","R","B","B",null,"R","$","E","B"],"character_chosen":"THE_SILENT","items_purchased":["Snake Skull","Kunai","Deflect","Nunchaku","Footwork+1"],"campfire_rested":3,"item_purchase_floors":[13,30,30,48,54],"current_hp_per_floor":[56,45,45,45,45,45,32,32,32,26,24,19,19,17,35,27,52,52,46,45,45,37,27,27,23,23,41,40,34,34,26,26,16,49,49,49,46,46,46,24,22,22,22,40,36,31,31,31,31,30,24,51,51,51,32,0,0],"gold":62,"neow_bonus":"TRANSFORM_TWO_CARDS","is_daily":false,"chose_seed":false,"campfire_upgraded":5,"win_rate":0.0,"timestamp":1613421527,"path_taken":["M","?","?","M","M","R","E","R","T","M","M","M","$","M","R","BOSS","M","?","M","M","M","E","R","E","T","R","M","M","$","E","R","BOSS","M","M","?","M","?","E","M","E","T","R","?","?","E","$","R","BOSS","BOSS","R","$","E","BOSS"],"items_purchased_type":["Relic","Relic","Card","Relic","Card"],"build_version":"2020-12-22","purchased_purges":2,"victory":false,"max_hp_per_floor":[60,60,60,60,60,60,60,60,60,60,60,60,60,60,60,60,60,60,60,60,60,60,60,60,60,60,60,60,60,60,60,60,60,60,60,60,60,60,60,60,60,60,60,60,60,60,60,60,60,60,60,60,60,60,60,60,60],"relic_stats":{"Centennial Puzzle":[62],"Nunchaku":[10],"counters":[32,182],"Shuriken":[4],"PreservedInsect":380,"Snake Skull":[90],"Turnip":[20],"Bag of Preparation":[16],"Whetstone":["Dagger Spray","Strike_G"],"Kunai":[52],"obtain_stats":[{"The Specimen":37,"PreservedInsect":9,"Snake Skull":13,"Bag of Preparation":40,"Whetstone":26,"Frozen Egg 2":42,"Du-Vu Doll":25,"Centennial Puzzle":7,"Bottled Flame":47,"Nunchaku":48,"Shuriken":55,"Philosopher\u0027s Stone":34,"Turnip":23,"Bag of Marbles":31,"Kunai":30,"Ring of the Snake":0,"Runic Pyramid":17},{"The Specimen":22,"PreservedInsect":4,"Snake Skull":7,"Bag of Preparation":24,"Whetstone":15,"Frozen Egg 2":26,"Du-Vu Doll":15,"Centennial Puzzle":4,"Bottled Flame":28,"Nunchaku":28,"Shuriken":31,"Philosopher\u0027s Stone":19,"Turnip":14,"Bag of Marbles":18,"Kunai":17,"Ring of the Snake":0,"Runic Pyramid":9},{"The Specimen":116,"PreservedInsect":24,"Snake Skull":33,"Bag of Preparation":127,"Whetstone":79,"Frozen Egg 2":133,"Du-Vu Doll":79,"Centennial Puzzle":24,"Bottled Flame":143,"Nunchaku":143,"Shuriken":176,"Philosopher\u0027s Stone":105,"Turnip":76,"Bag of Marbles":91,"Kunai":87,"Ring of the Snake":0,"Runic Pyramid":49}],"Ring of the Snake":[64]},"card_choices":[{"not_picked":["Sucker Punch","Eviscerate"],"picked":"Dagger Spray","floor":1.0},{"not_picked":["Dagger Spray","Sucker Punch"],"picked":"Predator","floor":4.0},{"not_picked":["Eviscerate","Quick Slash","Prepared"],"picked":"SKIP","floor":5.0},{"not_picked":["Underhanded Strike","Accuracy"],"picked":"Deadly Poison","floor":7.0},{"not_picked":["Underhanded Strike","Backflip"],"picked":"Noxious Fumes","floor":10.0},{"not_picked":["PiercingWail","Acrobatics"],"picked":"Blur","floor":11.0},{"not_picked":["Flying Knee","Backflip","Deflect"],"picked":"SKIP","floor":12.0},{"not_picked":["Heel Hook","Underhanded Strike"],"picked":"PiercingWail","floor":14.0},{"not_picked":["After Image","Burst"],"picked":"Adrenaline","floor":16.0},{"not_picked":["Quick Slash+1","Flying Knee","Slice"],"picked":"SKIP","floor":18.0},{"not_picked":["Dagger Spray+1","Poisoned Stab"],"picked":"Leg Sweep","floor":20.0},{"not_picked":["All Out Attack","Underhanded Strike"],"picked":"Blade Dance","floor":21.0},{"not_picked":["Tactician","Dagger Spray"],"picked":"Slice+1","floor":22.0},{"not_picked":["Reflex","Flying Knee+1","Finisher"],"picked":"SKIP","floor":23.0},{"not_picked":["Dodge and Roll","Underhanded Strike"],"picked":"Bane+1","floor":25.0},{"not_picked":["Bouncing Flask","Glass Knife"],"picked":"Footwork","floor":28.0},{"not_picked":["PiercingWail","Poisoned Stab"],"picked":"Deflect+1","floor":29.0},{"not_picked":["Expertise","Backflip","Poisoned Stab+1"],"picked":"SKIP","floor":31.0},{"not_picked":["A Thousand Cuts","Adrenaline"],"picked":"Burst","floor":33.0},{"not_picked":["Slice","Finisher","Prepared"],"picked":"SKIP","floor":35.0},{"not_picked":["Dash+1","Underhanded Strike"],"picked":"Deflect+1","floor":36.0},{"not_picked":["Underhanded Strike","PiercingWail"],"picked":"Caltrops+1","floor":37.0},{"not_picked":["Poisoned Stab","Acrobatics"],"picked":"Escape Plan","floor":38.0},{"not_picked":["Sucker Punch","Deadly Poison"],"picked":"Flechettes","floor":40.0},{"not_picked":["Accuracy","Quick Slash","Dagger Throw"],"picked":"SKIP","floor":41.0},{"not_picked":["Grand Finale","Riddle With Holes","Noxious Fumes+1"],"picked":"SKIP","floor":42.0},{"not_picked":["Dagger Throw+1","Backflip+1"],"picked":"Flechettes","floor":45.0},{"not_picked":["Enlightenment","PanicButton"],"picked":"Finesse","floor":46.0},{"not_picked":["Transmutation","Metamorphosis"],"picked":"Secret Technique","floor":46.0},{"not_picked":["Leg Sweep","Masterful Stab"],"picked":"Cloak And Dagger+1","floor":47.0},{"not_picked":["Slice","Dodge and Roll"],"picked":"Catalyst+1","floor":55.0}],"player_experience":965008,"relics_obtained":[{"floor":7.0,"key":"Centennial Puzzle"},{"floor":9.0,"key":"PreservedInsect"},{"floor":23.0,"key":"Turnip"},{"floor":25.0,"key":"Du-Vu Doll"},{"floor":26.0,"key":"Whetstone"},{"floor":31.0,"key":"Bag of Marbles"},{"floor":37.0,"key":"The Specimen"},{"floor":40.0,"key":"Bag of Preparation"},{"floor":42.0,"key":"Frozen Egg 2"},{"floor":47.0,"key":"Bottled Flame"},{"floor":55.0,"key":"Shuriken"}],"event_choices":[{"damage_healed":0.0,"max_hp_gain":0.0,"max_hp_loss":0.0,"gold_gain":75.0,"event_name":"World of Goop","player_choice":"Gather Gold","floor":2.0,"gold_loss":0.0,"damage_taken":11.0},{"damage_healed":0.0,"max_hp_gain":0.0,"max_hp_loss":0.0,"gold_gain":0.0,"event_name":"The Woman in Blue","player_choice":"Bought 2 Potions","floor":3.0,"gold_loss":0.0,"damage_taken":0.0},{"damage_healed":0.0,"max_hp_gain":0.0,"max_hp_loss":0.0,"gold_gain":0.0,"event_name":"Nest","player_choice":"Joined the Cult","floor":19.0,"gold_loss":0.0,"damage_taken":6.0,"cards_obtained":["RitualDagger"]},{"damage_healed":0.0,"max_hp_gain":0.0,"max_hp_loss":0.0,"gold_gain":0.0,"event_name":"Mysterious Sphere","player_choice":"Fight","floor":37.0,"gold_loss":0.0,"damage_taken":0.0},{"damage_healed":0.0,"max_hp_gain":0.0,"max_hp_loss":0.0,"gold_gain":0.0,"event_name":"Wheel of Change","player_choice":"Cursed","floor":39.0,"gold_loss":0.0,"damage_taken":0.0,"cards_obtained":["Decay"]},{"damage_healed":0.0,"max_hp_gain":0.0,"max_hp_loss":0.0,"gold_gain":0.0,"event_name":"SensoryStone","player_choice":"Memory 2","floor":46.0,"gold_loss":0.0,"damage_taken":5.0}],"is_beta":false,"boss_relics":[{"not_picked":["SacredBark","Coffee Dripper"],"picked":"Runic Pyramid"},{"not_picked":["Calling Bell","Tiny House"],"picked":"Philosopher\u0027s Stone"}],"items_purged_floors":[13,48],"is_endless":false,"potions_floor_spawned":[4,10,12,16,21,23,28,29,31,33,35,36,42,45],"killed_by":"The Heart","ascension_level":20}}