{"host":"Tom","time":1613364864,"event":{"mods":["BaseMod","Downfall","Hermit","Jorbs\u0027s Wanderer Trilogy","Minty Spire (QoL Compilation)","Replay The Spire","Shop Mod","StSLib","The Animator","The Cursed","The Hierophant"],"gold_per_floor":[115,115,128,303,6,39,39,39,39,56,100,134,147,204,204,306,306,325,364,32,32,73,73,83,83],"floor_reached":24,"language":"ENG","playtime":1772,"items_purged":[],"score":225,"play_id":"8c184de0-7bc9-41d5-9266-926d05340189","local_time":"20210215135424","is_ascension_mode":false,"campfire_choices":[{"floor":8,"key":"REST"},{"floor":15,"key":"REST"},{"floor":23,"key":"REST"}],"circlet_count":0,"master_deck":["hermit:Strike_Hermit","hermit:Strike_Hermit","hermit:Strike_Hermit","hermit:Strike_Hermit","hermit:Defend_Hermit","hermit:Defend_Hermit","hermit:Defend_Hermit","hermit:Defend_Hermit","hermit:Snapshot","hermit:Covet","hermit:Magnum","hermit:Vantage+1","hermit:Enervate","Doubt","HandOfGreed","hermit:ShadowCloak","hermit:GoldenBullet","hermit:Scavenge","hermit:RoundhouseKick+1","hermit:Shortfuse","hermit:Showdown","hermit:FullyLoaded","hermit:HeroicBravado","stsjorbsmod:Procrastination","Injury","Clumsy","hermit:Glare+1","hermit:LoneWolf+1","Apotheosis+1","hermit:Maintenance"],"relics":["hermit:Momento","Unceasing Top","Prayer Wheel","Replay:Ancient Bell","Art of War","Darkstone Periapt","Durian","Guide Book","Replay:Bandana"],"acts_visited":["Exordium","TheCity"],"potions_floor_usage":[6,11,12,16,16,16,19,19],"damage_taken":[{"damage":8,"enemies":"Small Slimes","floor":1,"turns":3},{"damage":0,"enemies":"Cultist","floor":3,"turns":3},{"damage":13,"enemies":"3 Sentries","floor":6,"turns":7},{"damage":0,"enemies":"2 Louse","floor":7,"turns":3},{"damage":4,"enemies":"2 Fungi Beasts","floor":10,"turns":2},{"damage":3,"enemies":"3 Louse","floor":11,"turns":3},{"damage":13,"enemies":"Red Slaver","floor":12,"turns":2},{"damage":0,"enemies":"Large Slime","floor":13,"turns":5},{"damage":20,"enemies":"Fading Forest","floor":16,"turns":11},{"damage":16,"enemies":"2 Thieves","floor":18,"turns":6},{"damage":13,"enemies":"Spheric Guardian","floor":19,"turns":4},{"damage":55,"enemies":"3 Cultists","floor":22,"turns":7},{"damage":48,"enemies":"Replay:Snechameleon","floor":24,"turns":6}],"seed_played":"2129210159781869948","potions_obtained":[{"floor":1,"key":"Strength Potion"},{"floor":6,"key":"sneckomod:MuddlingPotion"},{"floor":10,"key":"Flashbang"},{"floor":12,"key":"Milkshake"},{"floor":13,"key":"AttackPotion"},{"floor":16,"key":"Reflective Coating"},{"floor":18,"key":"LiquidMemories"}],"is_trial":false,"path_per_floor":["M","?","M","?","$","E","M","R","T","M","M","M","M","?","R","B",null,"M","M","$","?","M","R","E"],"character_chosen":"HERMIT","items_purchased":["HandOfGreed","hermit:ShadowCloak","Energy Potion","Apotheosis","Guide Book"],"campfire_rested":3,"item_purchase_floors":[5,5,5,20,20],"current_hp_per_floor":[67,67,67,67,67,54,54,75,75,71,68,55,55,55,75,56,98,82,69,69,69,14,43,0,0],"gold":83,"neow_bonus":"ONE_RANDOM_RARE_CARD","is_daily":false,"chose_seed":false,"campfire_upgraded":0,"win_rate":0.0,"timestamp":1613364864,"path_taken":["M","?","?","?","$","E","M","R","T","M","M","M","M","?","R","BOSS","M","M","$","?","M","R","E"],"items_purchased_type":["Card","Card","Potion","Card","Relic"],"build_version":"2020-12-18","purchased_purges":0,"victory":false,"max_hp_per_floor":[75,75,75,75,75,75,75,75,75,75,75,75,75,75,75,75,98,98,98,98,98,98,98,98,98],"card_choices":[{"not_picked":["hermit:CalledShot","hermit:HoleUp"],"picked":"hermit:Vantage","floor":1},{"not_picked":["hermit:Desperado","hermit:HighCaliber"],"picked":"hermit:Enervate","floor":3},{"not_picked":["hermit:Virtue","hermit:Quickdraw"],"picked":"hermit:GoldenBullet","floor":6},{"not_picked":["hermit:LowProfile","hermit:BodyArmor","hermit:Dive"],"picked":"SKIP","floor":7},{"not_picked":["hermit:SprayPray","hermit:DeadMansHand"],"picked":"hermit:Scavenge","floor":10},{"not_picked":["hermit:Midnight","hermit:Misfire","hermit:Ricochet"],"picked":"SKIP","floor":10},{"not_picked":["hermit:ShadowCloak","hermit:Determination"],"picked":"hermit:RoundhouseKick","floor":11},{"not_picked":["hermit:BodyArmor","hermit:Dive","hermit:Spite"],"picked":"SKIP","floor":11},{"not_picked":["hermit:Maintenance","hermit:LowProfile"],"picked":"hermit:Shortfuse","floor":12},{"not_picked":["hermit:Desperado","hermit:Feint","hermit:Enervate"],"picked":"SKIP","floor":12},{"not_picked":["hermit:Dive","hermit:HoleUp"],"picked":"hermit:Showdown","floor":13},{"not_picked":["hermit:Coalescence","hermit:Glare"],"picked":"hermit:FullyLoaded","floor":13},{"not_picked":["hermit:Purgatory","hermit:Dissolve"],"picked":"hermit:HeroicBravado","floor":16},{"not_picked":["downfall:Bewildered","downfall:Icky"],"picked":"stsjorbsmod:Procrastination","floor":17},{"not_picked":["animator:Curse_Nutcracker","ReplayTheSpireMod:Doomed"],"picked":"Injury","floor":17},{"not_picked":["downfall:Icky","Replay:Hysterical Blindness"],"picked":"Clumsy","floor":17},{"not_picked":["hermit:Dissolve","hermit:LowProfile"],"picked":"hermit:Glare+1","floor":18},{"not_picked":["hermit:ItchyTrigger","hermit:Midnight","hermit:Roulette"],"picked":"SKIP","floor":18},{"not_picked":["hermit:Grudge","hermit:Glare"],"picked":"hermit:LoneWolf+1","floor":19},{"not_picked":["hermit:Desperado","hermit:Coalescence","hermit:Manifest"],"picked":"SKIP","floor":19},{"not_picked":["hermit:LowProfile","hermit:Determination"],"picked":"hermit:Maintenance","floor":22},{"not_picked":["hermit:Roulette","hermit:TakeCover","hermit:FullyLoaded+1"],"picked":"SKIP","floor":22}],"player_experience":264742,"relics_obtained":[{"floor":6,"key":"Unceasing Top"},{"floor":9,"key":"Prayer Wheel"}],"event_choices":[{"damage_healed":0,"gold_gain":0,"player_choice":"Upgraded","damage_taken":0,"max_hp_gain":0,"max_hp_loss":0,"event_name":"Upgrade Shrine","floor":2,"gold_loss":0,"cards_upgraded":["hermit:Vantage"]},{"damage_healed":0,"gold_gain":175,"player_choice":"AGREE","damage_taken":0,"max_hp_gain":0,"max_hp_loss":0,"event_name":"Liars Game","floor":4,"gold_loss":0,"cards_obtained":["Doubt"]},{"damage_healed":0,"gold_gain":57,"player_choice":"Gained Gold","damage_taken":0,"max_hp_gain":0,"max_hp_loss":0,"event_name":"Golden Wing","floor":14,"gold_loss":0}],"is_beta":true,"boss_relics":[{"not_picked":["Runic Pyramid","Runic Dome"],"picked":"Replay:Ancient Bell"},{"not_picked":["Grinning Jar","Replay:Wax Seal"],"picked":"Art of War"},{"not_picked":["Replay:Bottled Snecko","Molten Egg 2"],"picked":"Darkstone Periapt"},{"not_picked":["Replay:Multitool","Replay:PocketPolymizer"],"picked":"Durian"}],"items_purged_floors":[],"is_endless":false,"potions_floor_spawned":[1,6,10,12,13,16,18],"killed_by":"Replay:Snechameleon","ascension_level":0}}