{"host":"3hht5vm6iswgqu4y","time":1613418141,"event":{"mods":["BaseMod","Curses Come First","Hermit","Minty Spire (QoL Compilation)","Relic Stats","StSLib"],"gold_per_floor":[114,114,10,0,0,30,45,60,85,97,109,151,178,205,217,329,341,368,0,0,0,0,0,0,0,75,105,105,105,120,150,150,250,250,265,265,280,280,10,40,40,40,65,65,95,95,95,95,95,95,95],"floor_reached":50,"language":"ENG","playtime":2381,"items_purged":[],"score":563,"play_id":"949d1b27-b81f-4192-b2c5-376ba83d8f8d","local_time":"20210215144221","daily_mods":["Heirloom","Flight","Night Terrors"],"is_ascension_mode":false,"campfire_choices":[{"data":"Whirlwind","floor":15,"key":"SMITH"},{"data":"Feed","floor":23,"key":"SMITH"},{"data":"Anger","floor":24,"key":"SMITH"},{"data":"Sever Soul","floor":29,"key":"SMITH"},{"data":"Reaper","floor":32,"key":"SMITH"},{"data":"Hemokinesis","floor":47,"key":"SMITH"},{"data":"Second Wind","floor":49,"key":"SMITH"}],"circlet_count":0,"master_deck":["Strike_R","Strike_R","Strike_R+1","Strike_R","Strike_R","Defend_R+1","Defend_R+1","Defend_R","Bash","Shrug It Off","Uppercut","Rupture","Twin Strike+1","Anger","Whirlwind+1","Hemokinesis+1","Iron Wave+1","Cleave","Feed+1","Seeing Red+1","Metamorphosis+1","Anger+1","Sever Soul+1","Thunderclap+1","Reaper+1","Clash+1","Panacea","Fire Breathing+1","Rupture","Second Wind+1","Master of Strategy","Flex"],"relics":["Black Blood","Torii","Anchor","Orichalcum","MawBank","Lantern","Letter Opener","Coffee Dripper","Bronze Scales","Smiling Mask","MutagenicStrength","Self Forming Clay","War Paint","The Courier","Toy Ornithopter","Blood Vial","Juzu Bracelet","Omamori","Whetstone","White Beast Statue"],"acts_visited":["Exordium","TheCity","TheBeyond"],"potions_floor_usage":[12,16,16,16,31,33,33,40,50],"damage_taken":[{"damage":7,"enemies":"2 Louse","floor":1,"turns":3},{"damage":25,"enemies":"Lagavulin","floor":6,"turns":7},{"damage":0,"enemies":"Jaw Worm","floor":7,"turns":2},{"damage":0,"enemies":"Cultist","floor":8,"turns":3},{"damage":3,"enemies":"3 Sentries","floor":12,"turns":6},{"damage":6,"enemies":"Gremlin Gang","floor":13,"turns":6},{"damage":1,"enemies":"3 Louse","floor":14,"turns":4},{"damage":34,"enemies":"Hexaghost","floor":16,"turns":9},{"damage":2,"enemies":"2 Thieves","floor":18,"turns":3},{"damage":13,"enemies":"Book of Stabbing","floor":27,"turns":4},{"damage":1,"enemies":"Spheric Guardian","floor":30,"turns":3},{"damage":9,"enemies":"Slavers","floor":31,"turns":4},{"damage":91,"enemies":"Champ","floor":33,"turns":12},{"damage":10,"enemies":"Orb Walker","floor":35,"turns":4},{"damage":9,"enemies":"3 Shapes","floor":37,"turns":4},{"damage":79,"enemies":"Nemesis","floor":40,"turns":7},{"damage":59,"enemies":"Reptomancer","floor":45,"turns":7},{"damage":100,"enemies":"Time Eater","floor":50,"turns":9}],"seed_played":"5535013652570512859","potions_obtained":[{"floor":1,"key":"SpeedPotion"},{"floor":7,"key":"Regen Potion"},{"floor":12,"key":"HeartOfIron"},{"floor":14,"key":"EntropicBrew"},{"floor":18,"key":"Energy Potion"},{"floor":33,"key":"ColorlessPotion"},{"floor":37,"key":"BlessingOfTheForge"}],"is_trial":false,"path_per_floor":["M","?","$","?","T","E","M","M","T","?","?","E","M","M","R","B",null,"M","$","?","?","?","R","R","?","T","E","?","R","M","E","R","B",null,"M","?","M","?","$","E","T","?","T","?","E","?","R","?","R","B"],"character_chosen":"IRONCLAD","items_purchased":["Uppercut","Rupture","Bronze Scales","Metamorphosis","Anger","Toy Ornithopter","Blood Vial","Rupture"],"campfire_rested":0,"item_purchase_floors":[3,3,19,19,19,39,39,39],"current_hp_per_floor":[79,63,63,63,63,44,50,56,56,61,58,75,75,80,80,52,85,85,85,85,69,69,69,69,90,90,83,83,83,88,89,89,10,94,94,94,94,94,94,27,27,27,27,94,47,47,47,82,82,0,0],"gold":95,"neow_bonus":"","is_daily":true,"chose_seed":false,"campfire_upgraded":7,"win_rate":0.0,"timestamp":1613418141,"path_taken":["M","?","?","?","?","E","?","?","T","?","?","E","M","M","R","BOSS","M","$","?","?","?","R","R","?","T","E","?","R","?","E","R","BOSS","M","?","?","?","$","E","?","?","T","?","E","?","R","?","R","BOSS"],"items_purchased_type":["Card","Card","Relic","Card","Card","Relic","Relic","Card"],"build_version":"2020-12-22","purchased_purges":0,"victory":false,"max_hp_per_floor":[80,80,80,80,80,80,80,80,80,85,85,85,85,85,85,85,85,85,85,85,90,90,90,90,90,90,90,90,90,90,94,94,94,94,94,94,94,94,94,94,94,94,94,94,94,94,94,82,82,82,82],"relic_stats":{"Torii":35,"counters":[18,97],"Self Forming Clay":[141],"Black Blood":111,"Juzu Bracelet":1,"Letter Opener":[5],"Whetstone":["Twin Strike","Iron Wave"],"Orichalcum":[96],"War Paint":["Metamorphosis","Defend_R"],"MawBank":120,"Smiling Mask":0,"Blood Vial":0,"Bronze Scales":[139],"obtain_stats":[{"Lantern":11,"Torii":0,"Self Forming Clay":26,"Black Blood":34,"The Courier":31,"Juzu Bracelet":40,"Omamori":41,"Letter Opener":12,"Whetstone":43,"Orichalcum":6,"War Paint":27,"MawBank":9,"Smiling Mask":20,"Burning Blood":0,"White Beast Statue":45,"Blood Vial":39,"Anchor":5,"Bronze Scales":19,"MutagenicStrength":22,"Coffee Dripper":17,"Toy Ornithopter":39},{"Lantern":4,"Torii":0,"Self Forming Clay":9,"Black Blood":13,"The Courier":12,"Juzu Bracelet":16,"Omamori":16,"Letter Opener":5,"Whetstone":16,"Orichalcum":2,"War Paint":10,"MawBank":4,"Smiling Mask":9,"Burning Blood":0,"White Beast Statue":17,"Blood Vial":15,"Anchor":1,"Bronze Scales":9,"MutagenicStrength":9,"Coffee Dripper":8,"Toy Ornithopter":15},{"Lantern":15,"Torii":0,"Self Forming Clay":43,"Black Blood":66,"The Courier":54,"Juzu Bracelet":81,"Omamori":81,"Letter Opener":21,"Whetstone":81,"Orichalcum":10,"War Paint":47,"MawBank":15,"Smiling Mask":43,"Burning Blood":0,"White Beast Statue":88,"Blood Vial":74,"Anchor":3,"Bronze Scales":43,"MutagenicStrength":43,"Coffee Dripper":40,"Toy Ornithopter":74}],"Toy Ornithopter":5},"card_choices":[{"not_picked":["Hemokinesis","Reckless Charge"],"picked":"Shrug It Off","floor":1},{"not_picked":["Havoc","Heavy Blade"],"picked":"Twin Strike","floor":6},{"not_picked":["Pommel Strike","Flex"],"picked":"Anger","floor":7},{"not_picked":["Headbutt","Perfected Strike"],"picked":"Whirlwind","floor":8},{"not_picked":["True Grit","Armaments"],"picked":"Hemokinesis","floor":12},{"not_picked":["Brutality","Wild Strike"],"picked":"Iron Wave","floor":13},{"not_picked":["Havoc","Warcry"],"picked":"Cleave","floor":14},{"not_picked":["Barricade","Reaper"],"picked":"Feed","floor":16},{"not_picked":["Heavy Blade","Warcry"],"picked":"Seeing Red+1","floor":18},{"not_picked":["Burning Pact","Shrug It Off"],"picked":"Sever Soul","floor":27},{"not_picked":["Hemokinesis","Iron Wave"],"picked":"Thunderclap+1","floor":30},{"not_picked":["Shrug It Off","Thunderclap"],"picked":"Reaper","floor":31},{"not_picked":["Double Tap","Berserk"],"picked":"Feed","floor":33},{"not_picked":["Bloodletting+1","Twin Strike+1"],"picked":"Clash+1","floor":35},{"not_picked":["Thunderclap","Pommel Strike+1"],"picked":"Fire Breathing+1","floor":37},{"not_picked":["Thunderclap+1","Disarm+1"],"picked":"Second Wind","floor":40},{"not_picked":["Secret Technique","Impatience"],"picked":"Master of Strategy","floor":42},{"not_picked":["Warcry","Evolve"],"picked":"Flex","floor":45}],"player_experience":880046,"relics_obtained":[{"floor":5,"key":"Anchor"},{"floor":6,"key":"Orichalcum"},{"floor":9,"key":"MawBank"},{"floor":12,"key":"Letter Opener"},{"floor":26,"key":"Self Forming Clay"},{"floor":27,"key":"War Paint"},{"floor":31,"key":"The Courier"},{"floor":40,"key":"Juzu Bracelet"},{"floor":41,"key":"Omamori"},{"floor":43,"key":"Whetstone"},{"floor":45,"key":"White Beast Statue"}],"event_choices":[{"damage_healed":0,"gold_gain":0,"player_choice":"Entered Light","damage_taken":16,"max_hp_gain":0,"max_hp_loss":0,"event_name":"Shining Light","floor":2,"gold_loss":0,"cards_upgraded":["Strike_R","Defend_R"]},{"damage_healed":0,"gold_gain":0,"player_choice":"Left Gold","damage_taken":0,"max_hp_gain":0,"max_hp_loss":0,"event_name":"World of Goop","floor":4,"gold_loss":10},{"damage_healed":0,"gold_gain":0,"player_choice":"Donut","damage_taken":0,"max_hp_gain":5,"max_hp_loss":0,"event_name":"Big Fish","floor":10,"gold_loss":0},{"damage_healed":0,"gold_gain":0,"player_choice":"Success","damage_taken":3,"relics_obtained":["Lantern"],"max_hp_gain":0,"max_hp_loss":0,"event_name":"Scrap Ooze","floor":11,"gold_loss":0},{"damage_healed":0,"gold_gain":0,"player_choice":"Opened","damage_taken":0,"relics_obtained":["Smiling Mask"],"max_hp_gain":0,"max_hp_loss":0,"event_name":"The Mausoleum","floor":20,"gold_loss":0},{"damage_healed":0,"gold_gain":0,"player_choice":"Shed Blood","damage_taken":21,"max_hp_gain":5,"max_hp_loss":0,"event_name":"Forgotten Altar","floor":21,"gold_loss":0},{"damage_healed":0,"gold_gain":0,"player_choice":"Inject Mutagens","damage_taken":0,"relics_obtained":["MutagenicStrength"],"max_hp_gain":0,"max_hp_loss":0,"event_name":"Drug Dealer","floor":22,"gold_loss":0},{"damage_healed":30,"gold_gain":0,"player_choice":"Heal","damage_taken":0,"max_hp_gain":0,"max_hp_loss":0,"event_name":"The Library","floor":25,"gold_loss":0},{"cards_removed":["Defend_R"],"damage_healed":0,"gold_gain":0,"player_choice":"Offered Basic","damage_taken":0,"max_hp_gain":0,"max_hp_loss":0,"event_name":"Bonfire Elementals","floor":28,"gold_loss":0},{"damage_healed":0,"gold_gain":0,"player_choice":"1 cards matched","damage_taken":0,"max_hp_gain":0,"max_hp_loss":0,"event_name":"Match and Keep!","floor":36,"gold_loss":0,"cards_obtained":["Panacea"]},{"cards_removed":["Feed"],"damage_healed":0,"gold_gain":0,"player_choice":"Removed Attack","damage_taken":0,"max_hp_gain":0,"max_hp_loss":0,"event_name":"Falling","floor":38,"gold_loss":0},{"damage_healed":0,"gold_gain":0,"player_choice":"Memory 1","damage_taken":0,"max_hp_gain":0,"max_hp_loss":0,"event_name":"SensoryStone","floor":42,"gold_loss":0},{"damage_healed":67,"gold_gain":0,"player_choice":"Heal","damage_taken":0,"max_hp_gain":0,"max_hp_loss":0,"event_name":"MindBloom","floor":44,"gold_loss":0,"cards_obtained":["Doubt"]},{"damage_healed":0,"gold_gain":0,"player_choice":"Ignored","damage_taken":0,"max_hp_gain":0,"max_hp_loss":0,"event_name":"Mysterious Sphere","floor":46,"gold_loss":0},{"damage_healed":82,"gold_gain":0,"player_choice":"Heal","damage_taken":0,"max_hp_gain":0,"max_hp_loss":12,"event_name":"The Moai Head","floor":48,"gold_loss":0}],"is_beta":false,"boss_relics":[{"not_picked":["Snecko Eye","Empty Cage"],"picked":"Coffee Dripper"},{"not_picked":["Runic Cube","Velvet Choker"],"picked":"Black Blood"}],"items_purged_floors":[],"is_endless":false,"potions_floor_spawned":[1,7,12,14,16,18,33,37],"killed_by":"Time Eater","ascension_level":0}}