{"host":"am0cr9xwekqmrere","time":1613423984,"event":{"mods":["AchievementEnabler","Act Like it!","BaseMod","Better Altar","Better Match","Better Note","Better Sensory Stone","Better Skull","Better Third Choice","BetterRewards","Conspire","Downfall","Hubris","Infinite Spire","Minty Spire (QoL Compilation)","Rare Cards Sparkle","Spicy Shops","StSLib","Unceasing Turn Reminder"],"gold_per_floor":[99,111,111,130,48,48,48,48,82,96,114,142,42,27,43,144,144,144,163,163,163,155,68,68,91,109,135,164,0,28,86,105,217,217,217,231,249,249,266,266,266,266],"floor_reached":40,"language":"ENG","playtime":2031,"items_purged":[],"score":475,"play_id":"56cf7cfa-ee9c-402b-92e7-d7c725b065fb","local_time":"20210215151944","is_ascension_mode":false,"campfire_choices":[{"data":"hexamod:Float","floor":1,"key":"SMITH"},{"data":"hexamod:WildfireWeapon","floor":8,"key":"SMITH"},{"floor":13,"key":"REST"},{"data":"hexamod:TimeOfNeed","floor":18,"key":"SMITH"},{"floor":35,"key":"RECALL"}],"circlet_count":0,"master_deck":["hexamod:Strike","hexamod:Strike","hexamod:Strike","hexamod:Strike","hexamod:Defend","hexamod:Defend","hexamod:Defend","hexamod:Defend","hexamod:Sear","hexamod:Float+1","Bandage Up","hexamod:HauntingEcho","Bandage Up","hexamod:GhostflameBarrier","hexamod:BurningTouch","hexamod:Hexaguard","hexamod:WildfireWeapon+1","hexamod:SoulSteal","hexamod:FastForward","hexamod:Firestarter+1","hexamod:ExtraCrispy","hexamod:TimeOfNeed+1","hexamod:ExtraCrispy+1","hexamod:FirstSeal","hexamod:SecondSeal","hexamod:ThirdSeal","hexamod:FourthSeal","hexamod:FirstSeal","hexamod:FlamesFromBeyond+1","hexamod:Firestarter+1","hexamod:RadiantFlame","hexamod:ThermalTransfer","hexamod:PhantomCloak","hexamod:BacktrackSmack+1","hexamod:SecondSeal","hexamod:ThirdSeal","hexamod:ParanormalForm","hexamod:NightmareGuise","hexamod:ThermalTransfer","hexamod:GhostOfSpirePresent","hexamod:ThermalTransfer","hexamod:Firestarter","hexamod:GhostOfSpirePresent","hexamod:ThirdSeal","hexamod:AdvancingGuard","hexamod:GhostOfSpirePast","hexamod:BurningTouch","hexamod:GiftsFromTheDead","hexamod:SearingWound","hexamod:Toasty","hexamod:GiftsFromTheDead","hexamod:SpectralSpark+1","hexamod:Haunt+1","hexamod:FirstSeal","hexamod:ChargedBarrage","hexamod:RainOfEmbers+1","hexamod:EmpoweredFlame"],"relics":["hexamod:SpiritBrand","Guardian:PocketSentry","Pantograph","Slimebound:PreparedRelic","Lizard Tail","downfall:HeartBlessingGreen","hubris:Backtick","Mummified Hand","hexamod:UnbrokenSoul","Akabeko","hexamod:CandleOfCauterizing","Medical Kit","champ:Barbells","bronze:DonusWashers","SacredBark"],"acts_visited":["Exordium","TheCity","TheBeyond"],"potions_floor_usage":[16,16,26,26,27,29,31,33,33,33,33,33,36,36,37,39],"damage_taken":[{"damage":0,"enemies":"Small Slimes","floor":2,"turns":3},{"damage":0,"enemies":"Cultist","floor":4,"turns":3},{"damage":0,"enemies":"downfall:FleeingMerchant","floor":5,"turns":4},{"damage":36,"enemies":"Gremlin Nob","floor":9,"turns":6},{"damage":1,"enemies":"conspire:RoseBush","floor":10,"turns":3},{"damage":1,"enemies":"2 Fungi Beasts","floor":11,"turns":4},{"damage":12,"enemies":"3 Sentries","floor":12,"turns":5},{"damage":7,"enemies":"downfall:FleeingMerchant","floor":14,"turns":4},{"damage":18,"enemies":"Lots of Slimes","floor":15,"turns":4},{"damage":10,"enemies":"WA_ARCHETYPE_RETAIN","floor":16,"turns":6},{"damage":0,"enemies":"Chosen","floor":19,"turns":3},{"damage":0,"enemies":"downfall:FleeingMerchant","floor":23,"turns":4},{"damage":13,"enemies":"3 Byrds","floor":25,"turns":5},{"damage":30,"enemies":"3 Cultists","floor":26,"turns":6},{"damage":20,"enemies":"Sentry and Sphere","floor":27,"turns":6},{"damage":19,"enemies":"Centurion and Healer","floor":28,"turns":6},{"damage":12,"enemies":"downfall:FleeingMerchant","floor":29,"turns":4},{"damage":10,"enemies":"Cultist and Chosen","floor":30,"turns":5},{"damage":15,"enemies":"downfall:FleeingMerchant","floor":31,"turns":3},{"damage":37,"enemies":"3 Cultists","floor":32,"turns":7},{"damage":92,"enemies":"DF_ARCHETYPE_CLAW","floor":33,"turns":8},{"damage":5,"enemies":"3 Shapes","floor":36,"turns":5},{"damage":6,"enemies":"Orb Walker","floor":37,"turns":3},{"damage":60,"enemies":"Writhing Mass","floor":39,"turns":5},{"damage":22,"enemies":"Nightmare","floor":40,"turns":3}],"seed_played":"7329373565061740568","potions_obtained":[{"floor":9,"key":"SteroidPotion"},{"floor":11,"key":"GamblersBrew"},{"floor":12,"key":"SpeedPotion"},{"floor":23,"key":"EssenceOfSteel"},{"floor":25,"key":"Strength Potion"},{"floor":25,"key":"AttackPotion"},{"floor":26,"key":"DuplicationPotion"},{"floor":27,"key":"Energy Potion"},{"floor":28,"key":"sneckomod:MuddlingPotion"},{"floor":28,"key":"AttackPotion"},{"floor":29,"key":"SneckoOil"},{"floor":30,"key":"Regen Potion"},{"floor":31,"key":"EntropicBrew"},{"floor":32,"key":"hexamod:InfernoChargePotion"},{"floor":33,"key":"SkillPotion"},{"floor":33,"key":"LiquidMemories"},{"floor":36,"key":"champ:CounterPotion"},{"floor":37,"key":"LiquidBronze"}],"is_trial":false,"path_per_floor":["R","M","?","M","$","?","T","R","E","M","M","E","R","$","M","B",null,"R","M","?","AVR","?","$","T","M","M","M","M","$","M","$","M","B",null,"R","M","M","?","M","NM"],"character_chosen":"THE_SPIRIT","items_purchased":["hexamod:Hexaguard","hexamod:WildfireWeapon","hexamod:RadiantFlame","Medical Kit","champ:Barbells","bronze:DonusWashers"],"campfire_rested":1,"item_purchase_floors":[5,5,23,29,31,31],"current_hp_per_floor":[70,70,70,70,70,70,70,70,42,45,52,48,69,63,53,60,70,70,70,70,70,63,70,70,70,58,60,63,65,55,59,40,49,70,70,70,64,64,15,0,0,0],"gold":266,"neow_bonus":"RANDOM_COLORLESS","is_daily":false,"chose_seed":false,"campfire_upgraded":3,"win_rate":0.0,"timestamp":1613423984,"path_taken":["R","M","?","?","$","?","T","R","E","M","M","E","R","$","M","BOSS","R","M","?","AVR","?","$","T","M","M","M","M","$","M","?","M","BOSS","R","M","M","?","M","NM"],"items_purchased_type":["Card","Card","Card","Relic","Relic","Relic"],"build_version":"2020-12-22","purchased_purges":0,"victory":false,"max_hp_per_floor":[70,70,70,70,70,70,70,70,70,70,70,70,70,70,70,70,70,70,70,70,70,70,70,70,70,70,70,70,70,70,70,70,70,70,70,70,70,70,70,70,70,70],"card_choices":[{"not_picked":["hubris:Insight","Jack Of All Trades"],"picked":"Bandage Up","floor":0},{"not_picked":["hexamod:PowerFromBeyond","hexamod:GhostShield"],"picked":"hexamod:HauntingEcho","floor":2},{"not_picked":["hexamod:ThermalTransfer","hexamod:GhostOfSpireFuture"],"picked":"hexamod:GhostflameBarrier","floor":4},{"not_picked":["hexamod:SpectersWail","hexamod:SwordOfDarkness"],"picked":"hexamod:BurningTouch","floor":5},{"not_picked":["hexamod:GhostOfSpirePast","hexamod:UnleashSpirits"],"picked":"hexamod:SoulSteal","floor":9},{"not_picked":["hexamod:PhantomFireball","hexamod:ShieldOfDarkness"],"picked":"hexamod:FastForward","floor":10},{"not_picked":["hexamod:BurningTouch","hexamod:PowerFromBeyond"],"picked":"hexamod:Firestarter","floor":11},{"not_picked":["hexamod:AdvancingGuard","hexamod:PowerFromBeyond"],"picked":"hexamod:ExtraCrispy","floor":12},{"not_picked":["hexamod:StepThrough","hexamod:HauntingEcho"],"picked":"hexamod:GhostLash","floor":14},{"not_picked":["hexamod:NightmareStrike","hexamod:Again","hexamod:Haunt"],"picked":"SKIP","floor":15},{"not_picked":["hexamod:GiftsFromTheDead","hexamod:Toasty"],"picked":"hexamod:TimeOfNeed","floor":16},{"not_picked":["hexamod:HauntingEcho","hexamod:GhostShield"],"picked":"hexamod:ExtraCrispy+1","floor":19},{"not_picked":["hexamod:TurnItUp","hexamod:GhostflameBarrier"],"picked":"hexamod:FlamesFromBeyond+1","floor":23},{"not_picked":["hexamod:HauntingEcho","hexamod:FlamesFromBeyond"],"picked":"hexamod:Firestarter+1","floor":23},{"not_picked":["hexamod:GhostShield","hexamod:AdvancingGuard"],"picked":"hexamod:ThermalTransfer","floor":25},{"not_picked":["hexamod:StepThrough","hexamod:RecurringNightmare"],"picked":"hexamod:PhantomCloak","floor":26},{"not_picked":["hexamod:FastForward","hexamod:InspiringFlames"],"picked":"hexamod:BacktrackSmack+1","floor":26},{"not_picked":["hexamod:PhantomFireball+1","hexamod:Firestarter"],"picked":"hexamod:SecondSeal","floor":27},{"not_picked":["hexamod:SpectralAdrenaline","hexamod:NecessarySacrifice"],"picked":"hexamod:ThirdSeal","floor":27},{"not_picked":["hexamod:FlamesFromBeyond","hexamod:ExtraCrispy"],"picked":"hexamod:ParanormalForm","floor":28},{"not_picked":["hexamod:BacktrackSmack","hexamod:GhostLash"],"picked":"hexamod:NightmareGuise","floor":28},{"not_picked":["hexamod:FastForward","hexamod:DynamicBlow"],"picked":"hexamod:ThermalTransfer","floor":28},{"not_picked":["hexamod:HeatMetal","hexamod:BacktrackSmack"],"picked":"hexamod:GhostOfSpirePresent","floor":29},{"not_picked":["hexamod:SuperheatedStrike","hexamod:PhantomCloak"],"picked":"hexamod:ThermalTransfer","floor":29},{"not_picked":["hexamod:Hexaguard","hexamod:FlamesFromBeyond+1"],"picked":"hexamod:Firestarter","floor":30},{"not_picked":["hexamod:BacktrackSmack","hexamod:SwordOfDarkness"],"picked":"hexamod:GhostOfSpirePresent","floor":31},{"not_picked":["hexamod:SpectersWail","hexamod:SwordOfDarkness"],"picked":"hexamod:ThirdSeal","floor":31},{"not_picked":["hexamod:FastForward","hexamod:InspiringFlames"],"picked":"hexamod:AdvancingGuard","floor":31},{"not_picked":["hexamod:InspiringFlames","hexamod:Rewind"],"picked":"hexamod:GhostOfSpirePast","floor":32},{"not_picked":["hexamod:PhantomCloak","hexamod:NecessarySacrifice"],"picked":"hexamod:BurningTouch","floor":32},{"not_picked":["hexamod:StepThrough","hexamod:BurningTouch","hexamod:SwordOfDarkness+1"],"picked":"SKIP","floor":32},{"not_picked":["hexamod:PhantomCloak","hexamod:SpectersWail+1","hexamod:HeatMetal"],"picked":"SKIP","floor":32},{"not_picked":["hexamod:TurnItUp","hexamod:ParanormalForm"],"picked":"hexamod:GiftsFromTheDead","floor":33},{"not_picked":["hexamod:ApocalypticArmor","hexamod:FlameSwitch"],"picked":"hexamod:SearingWound","floor":33},{"not_picked":["hexamod:ApocalypseNow","hexamod:GiftsFromTheDead"],"picked":"hexamod:Toasty","floor":33},{"not_picked":["hexamod:FlameSwitch","hexamod:Toasty"],"picked":"hexamod:GiftsFromTheDead","floor":33},{"not_picked":["hexamod:ShieldOfDarkness","hexamod:SuperheatedStrike+1"],"picked":"hexamod:SpectralSpark+1","floor":36},{"not_picked":["hexamod:GhostShield+1","hexamod:BacktrackSmack"],"picked":"hexamod:Haunt+1","floor":36},{"not_picked":["hexamod:FastForward+1","hexamod:GhostLash+1"],"picked":"hexamod:FirstSeal","floor":36},{"not_picked":["hexamod:FirstSeal","hexamod:ShieldOfDarkness+1"],"picked":"hexamod:ChargedBarrage","floor":36},{"not_picked":["hexamod:SpectersWail","hexamod:FlamesFromBeyond"],"picked":"hexamod:RainOfEmbers+1","floor":37},{"not_picked":["hexamod:SwordOfDarkness","hexamod:GhostShield+1"],"picked":"hexamod:EmpoweredFlame","floor":37},{"not_picked":["hexamod:GhostflameInferno","hexamod:NightmareStrike+1","hexamod:ShieldOfDarkness"],"picked":"SKIP","floor":37},{"not_picked":["hexamod:BurningTouch","hexamod:HauntingEcho+1","hexamod:InspiringFlames"],"picked":"SKIP","floor":39},{"not_picked":["hexamod:AdvancingGuard+1","hexamod:PhantomCloak","hexamod:PowerFromBeyond+1"],"picked":"SKIP","floor":39},{"not_picked":["hexamod:Rewind","hexamod:SpectralSpark","hexamod:SpectersWail"],"picked":"SKIP","floor":39}],"player_experience":2797497,"relics_obtained":[{"floor":6,"key":"Guardian:PocketSentry"},{"floor":7,"key":"Pantograph"},{"floor":9,"key":"Slimebound:PreparedRelic"},{"floor":12,"key":"Lizard Tail"},{"floor":24,"key":"hexamod:CandleOfCauterizing"}],"event_choices":[{"cards_removed":["hexamod:TimeOfNeed"],"damage_healed":0,"gold_gain":0,"player_choice":"Take \u0026 Give","damage_taken":0,"max_hp_gain":0,"max_hp_loss":0,"event_name":"betterNote:BetterNote","floor":20,"gold_loss":0,"cards_obtained":["hexamod:FirstSeal"]}],"is_beta":false,"boss_relics":[{"not_picked":["Empty Cage","Philosopher\u0027s Stone"],"picked":"hubris:Backtick"},{"not_picked":["Coffee Dripper","hubris:RunicObelisk"],"picked":"SacredBark"}],"items_purged_floors":[],"is_endless":false,"potions_floor_spawned":[9,11,12,25,27,28,32,33,36],"killed_by":"Nightmare","ascension_level":0}}