{"host":"uhhucka17mqeuzwb","time":1613365049,"event":{"mods":["2.2 Compatiblity","AchievementEnabler","Act Like it!","Astrologer","BaseMod","Better Altar","Better Skull","Colored Powertips","Defuse TimeMaze Blight","Downfall","Energized Spire","Faster Ascension Climbing","Friendly Minions","Gensokyo","GifTheSpireLib","Gremlin Mod","Gremlin Skip","Hallownest","Hermit","HololiveMod","KinomotoSakuraMod(????)","Lobotomy","Marisa????????","Minty Spire (QoL Compilation)","Quick Restart","Red Circlet Mod","Replay The Spire","Reworked Bosses","Shade Mod","Shop Mod","StSLib","The Animator","The Blue Laboratory","The Bug Knight","The Cursed","Waifu the Spire"],"gold_per_floor":[115,227,247,264,39,39,53,53,127,145,161,161,186,35,35,138,138,450,469,469,469],"floor_reached":20,"language":"ENG","playtime":4225,"items_purged":["Bloodbath"],"score":176,"play_id":"b4cd24ef-75eb-413e-a043-97bc2982406b","local_time":"20210214235729","is_ascension_mode":false,"campfire_choices":[{"data":"TheCursedMod:StingEye","floor":6,"key":"SMITH"},{"data":"TheCursedMod:Stigma","floor":8,"key":"SMITH"},{"data":"TheCursedMod:Defend_TheCursed","floor":12,"key":"SMITH"},{"data":"TheCursedMod:CircleOfCorruption","floor":15,"key":"SMITH"}],"circlet_count":0,"master_deck":["TheCursedMod:Strike_TheCursed","TheCursedMod:Strike_TheCursed","TheCursedMod:Strike_TheCursed","TheCursedMod:Defend_TheCursed+1","TheCursedMod:Defend_TheCursed","TheCursedMod:Defend_TheCursed","TheCursedMod:Defend_TheCursed","TheCursedMod:CursedWand","TheCursedMod:CleanUpWorkshop","TheCursedMod:Dregs","TheCursedMod:StingEye+1","FairyFestival","TheCursedMod:Stigma+1","TheCursedMod:Mangle","TheCursedMod:CircleOfCorruption+1","Gensokyo:BlemishedSteel","TheCursedMod:OutForBlood","TheCursedMod:SaltUponWound+1","OSAHOGD"],"relics":["TheCursedMod:BlackMagic101","CogitoBucket","Juzu Bracelet","ReplayTheSpireMod:Lightbulb","MerchantsRug","Singing Bowl","Pen Nib","energizedSpire:MagnifyingGlass","Sundial"],"acts_visited":["Gensokyo:Gensokyo","Gensokyo:Gensokyoer"],"potions_floor_usage":[16],"damage_taken":[{"damage":0,"enemies":"Gensokyo:3_Fairies","floor":1,"turns":5},{"damage":3,"enemies":"Gensokyo:Gryphon","floor":3,"turns":3},{"damage":7,"enemies":"Gensokyo:2_Kodama","floor":4,"turns":4},{"damage":3,"enemies":"Gensokyo:VengefulSpirit","floor":7,"turns":5},{"damage":6,"enemies":"Gensokyo:5_Fairies","floor":10,"turns":6},{"damage":20,"enemies":"Gensokyo:3_Kodama","floor":11,"turns":5},{"damage":3,"enemies":"Gensokyo:Mamizou","floor":13,"turns":10},{"damage":5,"enemies":"Gensokyo:Reimu","floor":16,"turns":13},{"damage":8,"enemies":"Gensokyo:Chomper","floor":18,"turns":5},{"damage":13,"enemies":"Gensokyo:CosmicMonolith","floor":19,"turns":3},{"damage":67,"enemies":"Gensokyo:Slime_Group","floor":20,"turns":15}],"seed_played":"-1096082786153669781","potions_obtained":[{"floor":10,"key":"DuplicationPotion"},{"floor":11,"key":"Guardian:BlockOnCardUsePotion"},{"floor":13,"key":"Dexterity Potion"},{"floor":18,"key":"blueLaboratory:SavagePotion"}],"is_trial":false,"path_per_floor":["M","?","M","M","$","R","M","R","T","M","M","R","E","COS","R","B",null,"M","M","M"],"character_chosen":"THE_CURSED","items_purchased":["MerchantsRug"],"campfire_rested":0,"item_purchase_floors":[5],"current_hp_per_floor":[75,50,49,47,47,47,49,49,49,51,39,39,48,48,48,57,79,74,66,0,0],"gold":469,"neow_bonus":"","is_daily":false,"chose_seed":false,"campfire_upgraded":4,"win_rate":0.0,"timestamp":1613365049,"path_taken":["M","?","M","M","?","R","M","R","T","M","M","R","E","COS","R","BOSS","M","M","M"],"items_purchased_type":["Relic"],"build_version":"2020-12-22","purchased_purges":1,"victory":false,"max_hp_per_floor":[75,75,75,75,75,75,75,75,75,77,79,79,79,79,79,79,79,79,81,81,81],"card_choices":[{"not_picked":["MHz","CherryBlossoms"],"picked":"Bloodbath","floor":1},{"not_picked":["TheCursedMod:SmokeScreen","TheCursedMod:Torture"],"picked":"TheCursedMod:StingEye","floor":1},{"not_picked":["MeatLantern","ShyLook"],"picked":"FairyFestival","floor":3},{"not_picked":["TheCursedMod:CursedAmulet","TheCursedMod:WearCloak"],"picked":"TheCursedMod:Stigma","floor":3},{"not_picked":["DespairKnight","PunishingBird","LittlePrince"],"picked":"Singing Bowl","floor":4},{"not_picked":["TheCursedMod:TroublousMinions","TheCursedMod:CircleOfFlame"],"picked":"TheCursedMod:Mangle","floor":4},{"not_picked":["ShyLook","Wellcheers"],"picked":"OSAHOGD","floor":7},{"not_picked":["TheCursedMod:CircleOfAmplification","TheCursedMod:DoubleShield","TheCursedMod:RavingStaff"],"picked":"SKIP","floor":7},{"not_picked":["BeautyBeast","Murderer","CherryBlossoms"],"picked":"Singing Bowl","floor":10},{"not_picked":["TheCursedMod:Wield","TheCursedMod:CursedMace","TheCursedMod:WearCloak"],"picked":"Singing Bowl","floor":10},{"not_picked":["Yin","QueenBee","Mercenary"],"picked":"Singing Bowl","floor":11},{"not_picked":["TheCursedMod:SmokeScreen","TheCursedMod:WearCloak","TheCursedMod:SurpriseAttack"],"picked":"Singing Bowl","floor":11},{"not_picked":["Wellcheers","LittleHelper","OldLady"],"picked":"Singing Bowl","floor":13},{"not_picked":["TheCursedMod:TroublousMinions","TheCursedMod:SmokeScreen"],"picked":"TheCursedMod:CircleOfCorruption","floor":13},{"not_picked":["Funeral","UniverseFragment","OldLady"],"picked":"Singing Bowl","floor":16},{"not_picked":["TheCursedMod:CursedRelics","TheCursedMod:DemonSword"],"picked":"TheCursedMod:OutForBlood","floor":16},{"not_picked":["QueenOfHatred","Yin","SingingMachine"],"picked":"Singing Bowl","floor":18},{"not_picked":["TheCursedMod:EmpowerCircles","TheCursedMod:TroublousMinions"],"picked":"TheCursedMod:SaltUponWound+1","floor":18},{"not_picked":["VoidDream","OldLady","Yin"],"picked":"Singing Bowl","floor":19},{"not_picked":["GreedKing","PunishingBird"],"picked":"OSAHOGD","floor":19},{"not_picked":["TheCursedMod:FleshFromBone","TheCursedMod:CursedMace","TheCursedMod:CircleOfCorruption"],"picked":"Singing Bowl","floor":19}],"player_experience":1095129,"relics_obtained":[{"floor":9,"key":"Singing Bowl"},{"floor":13,"key":"Pen Nib"}],"event_choices":[{"damage_healed":0,"gold_gain":112,"player_choice":"RE GO ","damage_taken":28,"relics_obtained":["ReplayTheSpireMod:Lightbulb"],"max_hp_gain":0,"max_hp_loss":0,"event_name":"betterSkull:BetterSkull","floor":2,"gold_loss":0,"cards_upgraded":[]}],"is_beta":false,"boss_relics":[{"not_picked":["Velvet Choker","Runic Pyramid"],"picked":"energizedSpire:MagnifyingGlass"}],"items_purged_floors":[5],"is_endless":false,"potions_floor_spawned":[10,11,13,18],"killed_by":"Gensokyo:Slime_Group","ascension_level":0}}