{"host":"clf2hd4adhiiw0zf","time":1613414626,"event":{"mods":["AchievementEnabler","BaseMod","Beaked The Cultist","Bestiary","Dark Map","Downfall","Gremlin Mod","Hermit","Jorbs\u0027s Wanderer Trilogy","Marisa????????","Minty Spire (QoL Compilation)","Shop Mod","StSLib","The Cursed","Wide Potions"],"gold_per_floor":[99,99,99,99,99,131,158,158,184,196,210,239,259,259,270,347,347,147,161,161,221,281,281,281,281],"floor_reached":23,"language":"ENG","playtime":1323,"items_purged":[],"score":376,"play_id":"14be6d77-99db-487e-9cc2-55f589e7e3a5","local_time":"20210215114346","is_ascension_mode":true,"campfire_choices":[{"floor":1,"key":"RECALL"},{"data":"beaked:AwakenedForm","floor":18,"key":"SMITH"}],"circlet_count":0,"master_deck":["AscendersBane","champ:Strike","champ:Strike","champ:Strike","champ:Strike","champ:Defend","champ:Defend","champ:Defend","champ:Defend","champ:Execute","champ:Taunt","champ:ArenaPreparation","champ:RisingSlash","champ:ShieldWall","champ:StanceDance","champ:SkillfulDodge","champ:TornadoPunch","champ:SetATrap","champ:StrikeOfGenius","champ:Circumvent","champ:EnchantCrown","champ:ShieldThrow","beaked:AwakenedForm+1","champ:SkillfulDodge","champ:Circumvent","champ:ArenaPreparation"],"relics":["champ:ChampionCrown","downfall:HeartsMalice","champ:LiftRelic","Mercury Hourglass","Guardian:PocketSentry","Lantern","beaked:SacredDeck","downfall:HeartBlessingBlue","downfall:HeartBlessingRed","downfall:KnowingSkull"],"acts_visited":["Exordium","TheCity"],"potions_floor_usage":[16],"damage_taken":[{"damage":0,"enemies":"Small Slimes","floor":2,"turns":1},{"damage":0,"enemies":"Jaw Worm","floor":3,"turns":1},{"damage":0,"enemies":"Cultist","floor":5,"turns":1},{"damage":26,"enemies":"Gremlin Nob","floor":6,"turns":5},{"damage":21,"enemies":"Lagavulin","floor":9,"turns":6},{"damage":1,"enemies":"2 Fungi Beasts","floor":10,"turns":2},{"damage":20,"enemies":"Exordium Wildlife","floor":11,"turns":2},{"damage":13,"enemies":"Gremlin Nob","floor":12,"turns":4},{"damage":0,"enemies":"Lots of Slimes","floor":13,"turns":1},{"damage":0,"enemies":"Blue Slaver","floor":15,"turns":3},{"damage":35,"enemies":"DF_ARCHETYPE_STREAMLINE","floor":16,"turns":7},{"damage":27,"enemies":"downfall:LooterAlt2","floor":19,"turns":4},{"damage":3,"enemies":"Spheric Guardian","floor":21,"turns":3},{"damage":44,"enemies":"Snake Plant","floor":22,"turns":4},{"damage":21,"enemies":"3 Cultists","floor":23,"turns":4}],"seed_played":"5558150092605414289","potions_obtained":[{"floor":6,"key":"Ancient Potion"},{"floor":10,"key":"sneckomod:MuddlingPotion"},{"floor":11,"key":"SteroidPotion"},{"floor":13,"key":"Regen Potion"},{"floor":22,"key":"Ancient Potion"}],"is_trial":false,"path_per_floor":["R","M","M","?","M","E","T","?","E","M","M","E","M","?","M","B",null,"R","M","?","M","M","M"],"character_chosen":"THE_CHAMP","items_purchased":[],"campfire_rested":0,"item_purchase_floors":[],"current_hp_per_floor":[73,73,73,73,73,57,57,57,46,45,45,32,32,37,37,12,68,78,66,48,45,15,0,0,0],"gold":281,"neow_bonus":"THREE_ENEMY_KILL","is_daily":false,"chose_seed":false,"campfire_upgraded":1,"win_rate":0.0,"timestamp":1613414626,"path_taken":["R","M","M","?","M","E","T","?","E","M","?","E","M","?","M","BOSS","R","M","?","M","?","M"],"items_purchased_type":[],"build_version":"2020-12-22","purchased_purges":0,"victory":false,"max_hp_per_floor":[81,81,81,81,81,81,81,81,81,81,81,81,81,86,86,86,86,96,96,96,96,96,96,96,96],"card_choices":[{"not_picked":["champ:Lariat","champ:StanceDance"],"picked":"champ:ArenaPreparation","floor":2},{"not_picked":["champ:BladeFlurry","champ:RageSigil"],"picked":"champ:RisingSlash","floor":3},{"not_picked":["champ:CrownThrow","champ:Backstep"],"picked":"champ:ShieldWall","floor":5},{"not_picked":["champ:Circumvent","champ:EndlessRage"],"picked":"champ:StanceDance","floor":6},{"not_picked":["champ:Lariat","champ:ShieldSigil"],"picked":"champ:SkillfulDodge","floor":9},{"not_picked":["champ:Endure","champ:PreciseThrust"],"picked":"champ:TornadoPunch","floor":10},{"not_picked":["champ:ShieldSigil","champ:Circumvent"],"picked":"champ:SetATrap","floor":11},{"not_picked":["champ:BerserkerStyle","champ:Backstep"],"picked":"champ:StrikeOfGenius","floor":12},{"not_picked":["champ:Backstep","champ:BladeFlurry"],"picked":"champ:Circumvent","floor":13},{"not_picked":["champ:EnragedBash","champ:Circumvent"],"picked":"champ:EnchantCrown","floor":15},{"not_picked":["champ:EnchantShield","champ:IgnorePain"],"picked":"champ:ShieldThrow","floor":16},{"not_picked":["champ:RageSigil","champ:Circumvent+1"],"picked":"champ:SkillfulDodge","floor":19},{"not_picked":["champ:ShieldSlam","champ:EndlessRage"],"picked":"champ:Circumvent","floor":21},{"not_picked":["champ:IronFortress","champ:BerserkersShout"],"picked":"champ:ArenaPreparation","floor":22}],"player_experience":310866,"relics_obtained":[{"floor":6,"key":"Mercury Hourglass"},{"floor":9,"key":"Guardian:PocketSentry"},{"floor":12,"key":"Lantern"}],"event_choices":[{"damage_healed":0,"gold_gain":0,"player_choice":"Donut","damage_taken":0,"max_hp_gain":5,"max_hp_loss":0,"event_name":"Big Fish","floor":14,"gold_loss":0}],"is_beta":false,"boss_relics":[{"not_picked":["champ:ChampionCrownUpgraded","SacredBark"],"picked":"beaked:SacredDeck"}],"items_purged_floors":[],"is_endless":false,"potions_floor_spawned":[6,10,11,13,15,22],"killed_by":"3 Cultists","ascension_level":16}}