{"host":"290egjt91b2tngam","time":1613379508,"event":{"mods":["BaseMod","Colored Map","Colored Powertips","Downfall","Hubris","Infinite Spire","Marisa????????","Minty Spire (QoL Compilation)","Replay The Spire","StSLib","The Bug Knight","The Cursed","The Servant 0.9.4"],"gold_per_floor":[114,114,4,4,19,49,49,64,89,119,119,149,164,194,194,294,294,309,309,309,209,209,239,239,269,269,299,299,299,299],"floor_reached":29,"language":"ENG","playtime":1384,"items_purged":["Regret","Pain"],"score":355,"play_id":"11598416-89fc-4e15-b126-acb85d2c0fda","local_time":"20210215155828","daily_mods":["SealedDeck","Colorless Cards","Elite Swarm"],"is_ascension_mode":false,"campfire_choices":[{"data":"Berserk","floor":7.0,"key":"SMITH"},{"data":"Seeing Red","floor":15.0,"key":"SMITH"},{"floor":24.0,"key":"REST"}],"circlet_count":0,"master_deck":["Disarm","Shrug It Off","Armaments","Perfected Strike+1","Twin Strike","Twin Strike","Cleave","Flex","Armaments","Pommel Strike","Panacea","Seeing Red+1","Berserk+1","Mayhem","Reaper","Thunderclap","Chrysalis","Fiend Fire+1","Whirlwind","Feed","Berserk","Demon Form"],"relics":["Burning Blood","Ornamental Fan","WarpedTongs","Letter Opener","Bag of Preparation","Thread and Needle","Bottled Lightning","StoneCalendar","Orichalcum","Mark of Pain","Nilry\u0027s Codex","Calipers","PreservedInsect","Smiling Mask","Whetstone"],"acts_visited":[],"potions_floor_usage":[],"damage_taken":[{"damage":3.0,"enemies":"Jaw Worm","floor":1.0,"turns":3.0},{"damage":3.0,"enemies":"Cultist","floor":5.0,"turns":2.0},{"damage":16.0,"enemies":"Lagavulin","floor":6.0,"turns":5.0},{"damage":0.0,"enemies":"Small Slimes","floor":8.0,"turns":3.0},{"damage":4.0,"enemies":"3 Sentries","floor":10.0,"turns":3.0},{"damage":12.0,"enemies":"Lagavulin","floor":12.0,"turns":5.0},{"damage":3.0,"enemies":"Exordium Wildlife","floor":13.0,"turns":3.0},{"damage":2.0,"enemies":"3 Sentries","floor":14.0,"turns":3.0},{"damage":36.0,"enemies":"The Guardian","floor":16.0,"turns":8.0},{"damage":4.0,"enemies":"Shell Parasite","floor":18.0,"turns":4.0},{"damage":32.0,"enemies":"Book of Stabbing","floor":23.0,"turns":4.0},{"damage":11.0,"enemies":"Gremlin Leader","floor":25.0,"turns":6.0},{"damage":19.0,"enemies":"Book of Stabbing","floor":27.0,"turns":4.0},{"damage":0,"enemies":"2 Thieves","floor":29,"turns":1}],"seed_played":"6099103822572544471","potions_obtained":[{"floor":1.0,"key":"Swift Potion"},{"floor":6.0,"key":"Dexterity Potion"},{"floor":8.0,"key":"SteroidPotion"},{"floor":12.0,"key":"LiquidMemories"},{"floor":23.0,"key":"AttackPotion"}],"is_trial":false,"path_per_floor":["M","?","$","?","M","E","R","M","T","E","T","E","M","E","R","B",null,"M","?","?","$","$","E","R","E","T","E","?","M"],"character_chosen":"IRONCLAD","items_purchased":["Seeing Red"],"campfire_rested":1,"item_purchase_floors":[3],"current_hp_per_floor":[80,80,80,80,80,70,70,76,76,78,78,72,80,80,80,50,80,80,64,49,49,49,23,48,47,47,40,40,40,40],"gold":299,"neow_bonus":"","is_daily":true,"chose_seed":false,"campfire_upgraded":2,"win_rate":0.0,"timestamp":1613379508,"path_taken":["M","?","$","?","M","E","R","?","T","E","?","E","?","E","R","BOSS","M","?","?","?","$","E","R","E","T","E","?","?"],"items_purchased_type":["Card"],"build_version":"2020-12-22","purchased_purges":2,"victory":false,"max_hp_per_floor":[80,80,80,80,80,80,80,80,80,80,80,80,80,80,80,80,80,80,80,85,85,85,85,85,85,85,85,85,85,85],"card_choices":[{"not_picked":["Purity","Inflame"],"picked":"Panacea","floor":1.0},{"not_picked":["Body Slam","Clash","Mind Blast"],"picked":"SKIP","floor":5.0},{"not_picked":["Exhume","Secret Technique"],"picked":"Berserk","floor":6.0},{"not_picked":["Spot Weakness","Clash"],"picked":"Anger","floor":8.0},{"not_picked":["Thinking Ahead","Metamorphosis"],"picked":"Mayhem","floor":10.0},{"not_picked":["Juggernaut","Master of Strategy"],"picked":"Reaper","floor":12.0},{"not_picked":["Carnage","Heavy Blade"],"picked":"Thunderclap","floor":13.0},{"not_picked":["Master of Strategy","The Bomb"],"picked":"Chrysalis","floor":14.0},{"not_picked":["Chrysalis","Thinking Ahead"],"picked":"Fiend Fire","floor":16.0},{"not_picked":["Twin Strike","Clash"],"picked":"Whirlwind","floor":18.0},{"not_picked":["Juggernaut","Immolate"],"picked":"Feed","floor":23.0},{"not_picked":["Impervious","Sadistic Nature"],"picked":"Berserk","floor":25.0},{"not_picked":["Panache","Impervious"],"picked":"Demon Form","floor":27.0}],"player_experience":750554,"relics_obtained":[{"floor":6.0,"key":"Letter Opener"},{"floor":9.0,"key":"Bag of Preparation"},{"floor":10.0,"key":"Thread and Needle"},{"floor":11.0,"key":"Bottled Lightning"},{"floor":12.0,"key":"StoneCalendar"},{"floor":14.0,"key":"Orichalcum"},{"floor":19.0,"key":"Nilry\u0027s Codex"},{"floor":23.0,"key":"Calipers"},{"floor":25.0,"key":"PreservedInsect"},{"floor":26.0,"key":"Smiling Mask"},{"floor":27.0,"key":"Whetstone"}],"event_choices":[{"damage_healed":0.0,"max_hp_gain":0.0,"max_hp_loss":0.0,"gold_gain":0.0,"event_name":"Big Fish","player_choice":"Box","floor":2.0,"gold_loss":0.0,"damage_taken":0.0,"relics_obtained":["Ornamental Fan"],"cards_obtained":["Regret"]},{"damage_healed":0.0,"max_hp_gain":0.0,"max_hp_loss":0.0,"gold_gain":0.0,"event_name":"Accursed Blacksmith","player_choice":"Rummage","floor":4.0,"gold_loss":0.0,"damage_taken":0.0,"relics_obtained":["WarpedTongs"],"cards_obtained":["Pain"]},{"damage_healed":0.0,"max_hp_gain":0.0,"max_hp_loss":0.0,"gold_gain":0.0,"event_name":"Cursed Tome","player_choice":"Obtained Book","floor":19.0,"gold_loss":0.0,"damage_taken":16.0},{"damage_healed":0.0,"max_hp_gain":5.0,"max_hp_loss":0.0,"gold_gain":0.0,"event_name":"Forgotten Altar","player_choice":"Shed Blood","floor":20.0,"gold_loss":0.0,"damage_taken":20.0},{"cards_removed":["Anger"],"damage_healed":0.0,"max_hp_gain":0.0,"max_hp_loss":0.0,"gold_gain":0.0,"event_name":"Back to Basics","player_choice":"Elegance","floor":28.0,"gold_loss":0.0,"damage_taken":0.0}],"is_beta":false,"boss_relics":[{"not_picked":["Runic Pyramid","Coffee Dripper"],"picked":"Mark of Pain"}],"items_purged_floors":[3,21],"is_endless":false,"potions_floor_spawned":[1,6,8,12,18,23,27],"killed_by":"2 Thieves","ascension_level":0}}