{"host":"eglukmwb6rueyn6u","time":1613428468,"event":{"mods":["BaseMod","Colored Map","Minty Spire (QoL Compilation)"],"gold_per_floor":[209,15,35,210,210,210,227,227,274,274,285,47,47,59,59,156,156,169,169,188,188,188,223,223,254,254,254,254,264,282,23,23,123,123,136,156,38,88,88,88,88,105,150,162,197,197,214,234,234,234,234,234,80,107,107],"floor_reached":56,"language":"ENG","playtime":5596,"items_purged":["Strike_G"],"score":1321,"play_id":"c340988d-e439-4971-98db-18f79bb99d87","local_time":"20210216003428","is_ascension_mode":true,"campfire_choices":[{"data":"Apotheosis","floor":6.0,"key":"SMITH"},{"data":"Infinite Blades","floor":8.0,"key":"SMITH"},{"data":"Caltrops","floor":10.0,"key":"SMITH"},{"floor":15.0,"key":"RECALL"},{"floor":24.0,"key":"REST"},{"floor":27.0,"key":"REST"},{"floor":32.0,"key":"REST"},{"floor":41.0,"key":"REST"},{"floor":49.0,"key":"REST"},{"data":"After Image","floor":52.0,"key":"SMITH"}],"circlet_count":0,"master_deck":["Strike_G","Strike_G","Defend_G","Defend_G","Defend_G","Defend_G","Survivor","Neutralize","Apotheosis+1","Infinite Blades+1","Caltrops+1","Caltrops","After Image+1","Prepared+1","Burst","Well Laid Plans+1","Blade Dance","Tactician+1","Reflex+1","Caltrops","After Image","Deflect","Caltrops","Caltrops+1","Infinite Blades","Calculated Gamble","Blind","Deflect","Tactician+1","Tools of the Trade","Finisher+1","Blade Dance+1","Burst"],"relics":["Ring of the Snake","Bronze Scales","Bottled Lightning","FaceOfCleric","WristBlade","Nilry\u0027s Codex","Prayer Wheel","Bag of Preparation","PreservedInsect","Meat on the Bone","Orichalcum","Empty Cage","Mango","Ancient Tea Set","Lantern","Paper Crane"],"acts_visited":["Exordium","TheCity","TheBeyond","TheEnding"],"potions_floor_usage":[55,55],"damage_taken":[{"damage":4.0,"enemies":"Jaw Worm","floor":1.0,"turns":6.0},{"damage":2.0,"enemies":"Small Slimes","floor":3.0,"turns":4.0},{"damage":0.0,"enemies":"Cultist","floor":7.0,"turns":3.0},{"damage":5.0,"enemies":"2 Fungi Beasts","floor":11.0,"turns":3.0},{"damage":6.0,"enemies":"Red Slaver","floor":14.0,"turns":4.0},{"damage":17.0,"enemies":"Slime Boss","floor":16.0,"turns":13.0},{"damage":11.0,"enemies":"Spheric Guardian","floor":18.0,"turns":4.0},{"damage":5.0,"enemies":"Shell Parasite","floor":20.0,"turns":5.0},{"damage":37.0,"enemies":"Book of Stabbing","floor":23.0,"turns":6.0},{"damage":24.0,"enemies":"Slavers","floor":25.0,"turns":4.0},{"damage":6.0,"enemies":"Cultist and Chosen","floor":29.0,"turns":6.0},{"damage":9.0,"enemies":"Centurion and Healer","floor":30.0,"turns":5.0},{"damage":41.0,"enemies":"Automaton","floor":33.0,"turns":10.0},{"damage":26.0,"enemies":"3 Darklings","floor":35.0,"turns":4.0},{"damage":4.0,"enemies":"3 Shapes","floor":36.0,"turns":6.0},{"damage":0.0,"enemies":"Mind Bloom Boss Battle","floor":38.0,"turns":6.0},{"damage":13.0,"enemies":"Maw","floor":42.0,"turns":6.0},{"damage":43.0,"enemies":"Jaw Worm Horde","floor":44.0,"turns":5.0},{"damage":0.0,"enemies":"Giant Head","floor":45.0,"turns":6.0},{"damage":8.0,"enemies":"Spire Growth","floor":47.0,"turns":6.0},{"damage":14.0,"enemies":"3 Darklings","floor":48.0,"turns":6.0},{"damage":47.0,"enemies":"Time Eater","floor":50.0,"turns":9.0},{"damage":4.0,"enemies":"Shield and Spear","floor":54.0,"turns":6.0},{"damage":39,"enemies":"The Heart","floor":55,"turns":5}],"seed_played":"7217419046142791894","potions_obtained":[{"floor":1.0,"key":"Fire Potion"},{"floor":11.0,"key":"GamblersBrew"},{"floor":16.0,"key":"GhostInAJar"},{"floor":18.0,"key":"Poison Potion"},{"floor":29.0,"key":"Ancient Potion"},{"floor":30.0,"key":"AttackPotion"},{"floor":33.0,"key":"SteroidPotion"},{"floor":42.0,"key":"Energy Potion"},{"floor":45.0,"key":"Strength Potion"},{"floor":48.0,"key":"GhostInAJar"}],"is_trial":false,"path_per_floor":["M","$","M","?","?","R","M","R","T","R","M","$","?","M","R","B",null,"M","?","M","?","?","E","R","E","T","R","T","M","M","$","R","B",null,"M","M","$","?","?","?","R","M","T","M","E","?","M","M","R","B",null,"R","$","E","B",null],"character_chosen":"THE_SILENT","items_purchased":["Apotheosis","Bottled Lightning","Orichalcum","Caltrops","Block Potion","Infinite Blades","Lantern"],"campfire_rested":5,"item_purchase_floors":[2,12,31,31,37,37,53],"current_hp_per_floor":[66,66,64,64,64,64,64,64,64,64,59,59,59,54,54,38,72,62,62,58,42,42,6,28,5,5,27,27,34,38,38,61,33,79,54,51,51,66,66,66,94,82,82,52,53,53,58,57,87,53,102,102,102,99,61],"gold":107,"neow_bonus":"HUNDRED_GOLD","is_daily":false,"chose_seed":false,"campfire_upgraded":4,"win_rate":0.0,"timestamp":1613428468,"path_taken":["M","$","M","?","?","R","M","R","T","R","?","$","?","?","R","BOSS","M","?","M","?","?","E","R","E","T","R","?","M","M","$","R","BOSS","M","?","$","?","?","?","R","M","T","M","E","?","M","M","R","BOSS","R","$","E","BOSS"],"items_purchased_type":["Card","Relic","Relic","Card","Potion","Card","Relic"],"build_version":"2020-12-22","purchased_purges":1,"victory":true,"max_hp_per_floor":[70,70,70,70,70,70,70,70,70,70,70,70,70,71,71,72,72,73,73,74,74,74,75,75,76,76,76,76,77,78,78,78,79,79,80,81,81,96,96,96,96,97,97,98,99,99,100,101,101,102,102,102,102,103,104],"card_choices":[{"not_picked":["Prepared","Dash"],"picked":"Flechettes","floor":1.0},{"not_picked":["Calculated Gamble","Poisoned Stab","Deadly Poison"],"picked":"SKIP","floor":3.0},{"not_picked":["Blade Dance","Outmaneuver"],"picked":"Caltrops","floor":7.0},{"not_picked":["Dagger Spray","Catalyst","Distraction"],"picked":"SKIP","floor":11.0},{"not_picked":["Infinite Blades","Skewer"],"picked":"Caltrops","floor":14.0},{"not_picked":["Night Terror","Die Die Die"],"picked":"After Image","floor":16.0},{"not_picked":["Acrobatics","Dagger Spray+1"],"picked":"Prepared+1","floor":18.0},{"not_picked":["Eviscerate","Acrobatics","Masterful Stab+1"],"picked":"SKIP","floor":20.0},{"not_picked":["Outmaneuver","Finisher"],"picked":"Burst","floor":23.0},{"not_picked":["Reflex","Acrobatics"],"picked":"Well Laid Plans+1","floor":25.0},{"not_picked":["Slice","Reflex+1"],"picked":"Blade Dance","floor":29.0},{"not_picked":["Calculated Gamble","Quick Slash","Dodge and Roll"],"picked":"SKIP","floor":29.0},{"not_picked":["Prepared","Outmaneuver"],"picked":"Tactician+1","floor":30.0},{"not_picked":["Riddle With Holes","Catalyst"],"picked":"Reflex+1","floor":30.0},{"not_picked":["Doppelganger","Venomology"],"picked":"After Image","floor":33.0},{"not_picked":["Acrobatics+1","Expertise+1"],"picked":"Deflect","floor":35.0},{"not_picked":["Bane","Dagger Throw","Deadly Poison"],"picked":"SKIP","floor":35.0},{"not_picked":["Dagger Throw","Deadly Poison+1"],"picked":"Caltrops","floor":36.0},{"not_picked":["Poisoned Stab","Catalyst"],"picked":"Caltrops+1","floor":36.0},{"not_picked":["Caltrops","Prepared+1"],"picked":"Calculated Gamble","floor":38.0},{"not_picked":["Mayhem","Swift Strike"],"picked":"Blind","floor":40.0},{"not_picked":["Eviscerate","Prepared"],"picked":"Deflect","floor":42.0},{"not_picked":["Endless Agony","Caltrops","Dash+1"],"picked":"SKIP","floor":42.0},{"not_picked":["Dodge and Roll","Bane"],"picked":"Tactician+1","floor":44.0},{"not_picked":["Slice","Prepared","Quick Slash"],"picked":"SKIP","floor":44.0},{"not_picked":["Glass Knife","Infinite Blades+1"],"picked":"Tools of the Trade","floor":45.0},{"not_picked":["Poisoned Stab","Expertise"],"picked":"Finisher+1","floor":47.0},{"not_picked":["Acrobatics","Dodge and Roll"],"picked":"Blade Dance+1","floor":47.0},{"not_picked":["Acrobatics","Deflect","Outmaneuver"],"picked":"SKIP","floor":48.0},{"not_picked":["Die Die Die","Bane+1","Expertise+1"],"picked":"SKIP","floor":48.0},{"not_picked":["Glass Knife","Dodge and Roll+1"],"picked":"Burst","floor":54.0}],"player_experience":59488,"relics_obtained":[{"floor":9.0,"key":"Bronze Scales"},{"floor":21.0,"key":"Nilry\u0027s Codex"},{"floor":23.0,"key":"Prayer Wheel"},{"floor":25.0,"key":"Bag of Preparation"},{"floor":26.0,"key":"PreservedInsect"},{"floor":28.0,"key":"Meat on the Bone"},{"floor":38.0,"key":"Mango"},{"floor":45.0,"key":"Ancient Tea Set"},{"floor":54.0,"key":"Paper Crane"}],"event_choices":[{"damage_healed":0.0,"max_hp_gain":0.0,"max_hp_loss":0.0,"gold_gain":175.0,"event_name":"Liars Game","player_choice":"AGREE","floor":4.0,"gold_loss":0.0,"damage_taken":0.0,"cards_obtained":["Doubt"]},{"damage_healed":0.0,"max_hp_gain":0.0,"max_hp_loss":0.0,"gold_gain":0.0,"cards_transformed":["Defend_G"],"event_name":"Transmorgrifier","player_choice":"Transformed","floor":5.0,"gold_loss":0.0,"damage_taken":0.0,"cards_obtained":["Infinite Blades"]},{"damage_healed":0.0,"max_hp_gain":0.0,"max_hp_loss":0.0,"gold_gain":0.0,"event_name":"FaceTrader","player_choice":"Trade","floor":13.0,"gold_loss":0.0,"damage_taken":0.0,"relics_obtained":["FaceOfCleric"]},{"damage_healed":0.0,"max_hp_gain":0.0,"max_hp_loss":0.0,"gold_gain":0.0,"event_name":"Ghosts","player_choice":"Ignored","floor":19.0,"gold_loss":0.0,"damage_taken":0.0},{"damage_healed":0.0,"max_hp_gain":0.0,"max_hp_loss":0.0,"gold_gain":0.0,"event_name":"Cursed Tome","player_choice":"Obtained Book","floor":21.0,"gold_loss":0.0,"damage_taken":16.0},{"cards_removed":["Doubt"],"damage_healed":0.0,"max_hp_gain":0.0,"max_hp_loss":0.0,"gold_gain":0.0,"event_name":"Back to Basics","player_choice":"Elegance","floor":22.0,"gold_loss":0.0,"damage_taken":0.0},{"damage_healed":0.0,"max_hp_gain":0.0,"max_hp_loss":0.0,"gold_gain":0.0,"event_name":"MindBloom","player_choice":"Fight","floor":38.0,"gold_loss":0.0,"damage_taken":0.0},{"cards_removed":["Flechettes"],"damage_healed":0.0,"max_hp_gain":0.0,"max_hp_loss":0.0,"gold_gain":0.0,"event_name":"Falling","player_choice":"Removed Attack","floor":39.0,"gold_loss":0.0,"damage_taken":0.0},{"damage_healed":0.0,"max_hp_gain":0.0,"max_hp_loss":0.0,"gold_gain":0.0,"event_name":"SensoryStone","player_choice":"Memory 1","floor":40.0,"gold_loss":0.0,"damage_taken":0.0},{"damage_healed":0.0,"max_hp_gain":0.0,"max_hp_loss":0.0,"gold_gain":0.0,"event_name":"Tomb of Lord Red Mask","player_choice":"Ignored","floor":46.0,"gold_loss":0.0,"damage_taken":0.0}],"is_beta":false,"boss_relics":[{"not_picked":["Astrolabe","SlaversCollar"],"picked":"WristBlade"},{"not_picked":["Sozu","SacredBark"],"picked":"Empty Cage"}],"items_purged_floors":[31],"is_endless":false,"potions_floor_spawned":[1,11,16,18,29,30,33,35,42,45,48],"ascension_level":2}}