{"host":"or8fr2mp0k3eluj8","time":1613398397,"event":{"mods":["AchievementEnabler","BaseMod","Colored Map","DeckTracker","Minty Spire (QoL Compilation)","SuperFastMode"],"gold_per_floor":[118,118,132,31,31,31,61,61,61,81,99,99,110,124,124,124,124],"floor_reached":16,"language":"KOR","playtime":448,"items_purged":["Defend_G"],"score":133,"play_id":"b0e9f018-d894-4f99-8ed8-9125578fe2fa","local_time":"20210215231317","is_ascension_mode":true,"campfire_choices":[{"data":"Tactician","floor":6,"key":"SMITH"},{"data":"Neutralize","floor":8,"key":"SMITH"},{"data":"Backflip","floor":12,"key":"SMITH"},{"data":"Terror","floor":15,"key":"SMITH"}],"circlet_count":0,"master_deck":["Strike_G","Strike_G","Strike_G","Strike_G","Strike_G","Defend_G","Defend_G","Defend_G","Defend_G","Survivor","Neutralize+1","Tactician+1","Flying Knee","Backflip+1","Regret","Grand Finale","Prepared","Terror+1"],"relics":["Ring of the Snake","NeowsBlessing","FossilizedHelix","Omamori","Ornamental Fan"],"acts_visited":["Exordium"],"potions_floor_usage":[16],"damage_taken":[{"damage":0,"enemies":"Small Slimes","floor":1,"turns":1},{"damage":0,"enemies":"Cultist","floor":3,"turns":2},{"damage":0,"enemies":"3 Sentries","floor":7,"turns":2},{"damage":0,"enemies":"Jaw Worm","floor":10,"turns":4},{"damage":4,"enemies":"Blue Slaver","floor":11,"turns":4},{"damage":15,"enemies":"Lots of Slimes","floor":13,"turns":7},{"damage":0,"enemies":"2 Fungi Beasts","floor":14,"turns":5},{"damage":53,"enemies":"Hexaghost","floor":16,"turns":17}],"seed_played":"-507131743452694385","potions_obtained":[{"floor":1,"key":"Energy Potion"},{"floor":7,"key":"GhostInAJar"},{"floor":14,"key":"Energy Potion"}],"is_trial":false,"path_per_floor":["M","?","M","$","?","R","E","R","T","M","M","R","M","M","R","B"],"character_chosen":"THE_SILENT","items_purchased":["Backflip"],"campfire_rested":0,"item_purchase_floors":[4],"current_hp_per_floor":[70,70,70,70,70,70,70,70,70,70,66,66,51,51,51,0,0],"gold":124,"neow_bonus":"THREE_ENEMY_KILL","is_daily":false,"chose_seed":false,"campfire_upgraded":4,"win_rate":0.0,"timestamp":1613398397,"path_taken":["M","?","?","$","?","R","E","R","T","M","M","R","M","M","R","BOSS"],"items_purchased_type":["Card"],"build_version":"2020-12-22","purchased_purges":1,"victory":false,"max_hp_per_floor":[70,70,70,70,70,70,70,70,70,70,70,70,70,70,70,70,70],"card_choices":[{"not_picked":["Well Laid Plans","Slice"],"picked":"Tactician","floor":1},{"not_picked":["Blade Dance","Slice"],"picked":"Flying Knee","floor":3},{"not_picked":["Prepared","Slice"],"picked":"Grand Finale","floor":7},{"not_picked":["Dodge and Roll","Bane","Reflex"],"picked":"SKIP","floor":10},{"not_picked":["Underhanded Strike","Outmaneuver","Quick Slash"],"picked":"SKIP","floor":11},{"not_picked":["Blade Dance","Distraction"],"picked":"Prepared","floor":13},{"not_picked":["Eviscerate","Quick Slash"],"picked":"Terror","floor":14}],"player_experience":343017,"relics_obtained":[{"floor":7,"key":"Omamori"},{"floor":9,"key":"Ornamental Fan"}],"event_choices":[{"damage_healed":0,"gold_gain":0,"player_choice":"0 cards matched","damage_taken":0,"max_hp_gain":0,"max_hp_loss":0,"event_name":"Match and Keep!","floor":2,"gold_loss":0,"cards_obtained":[]},{"damage_healed":0,"gold_gain":0,"player_choice":"Box","damage_taken":0,"relics_obtained":["FossilizedHelix"],"max_hp_gain":0,"max_hp_loss":0,"event_name":"Big Fish","floor":5,"gold_loss":0,"cards_obtained":["Regret"]}],"is_beta":false,"boss_relics":[],"items_purged_floors":[4],"is_endless":false,"potions_floor_spawned":[1,7,14],"killed_by":"Hexaghost","ascension_level":1}}