{"host":"r081svdj6e9i7zze","time":1613354576,"event":{"mods":["AchievementEnabler","BaseMod","Colored Map","Minty Spire (QoL Compilation)","SuperFastMode"],"gold_per_floor":[114,134,234,59,77,77,111,111,111,111,129,140,155,185,185,290,290,302,9,9,20,38,38,38,38,85,85,103,123,123,123],"floor_reached":30,"language":"KOR","playtime":1450,"items_purged":["Strike_R","Defend_R"],"score":232,"play_id":"0259ac84-5b74-460e-8f91-ff2504434ed7","local_time":"20210215110256","is_ascension_mode":false,"campfire_choices":[{"data":"Searing Blow","floor":6,"key":"SMITH"},{"data":"Searing Blow+1","floor":8,"key":"SMITH"},{"floor":10,"key":"REST"},{"data":"Infernal Blade","floor":15,"key":"SMITH"},{"data":"Searing Blow+2","floor":23,"key":"SMITH"},{"data":"Searing Blow+3","floor":25,"key":"SMITH"},{"floor":27,"key":"REST"}],"circlet_count":0,"master_deck":["Defend_R","Defend_R","Defend_R","Bash","Pommel Strike","Rage","Searing Blow+4","Armaments","Inflame","Hemokinesis","Iron Wave","Heavy Blade","Infernal Blade+1","Double Tap","Flame Barrier+1","Hemokinesis+1","Evolve+1","Armaments+1","Dropkick","Impervious","Dual Wield","Whirlwind+1","Feel No Pain+1","RitualDagger","Body Slam+1","Twin Strike+1"],"relics":["Burning Blood","Shuriken","InkBottle","StoneCalendar","Astrolabe","Lantern"],"acts_visited":["Exordium","TheCity"],"potions_floor_usage":[16,16,16],"damage_taken":[{"damage":15,"enemies":"2 Louse","floor":1,"turns":3},{"damage":6,"enemies":"Cultist","floor":2,"turns":3},{"damage":10,"enemies":"Jaw Worm","floor":5,"turns":4},{"damage":47,"enemies":"3 Sentries","floor":7,"turns":10},{"damage":7,"enemies":"Looter","floor":11,"turns":2},{"damage":5,"enemies":"Blue Slaver","floor":12,"turns":3},{"damage":11,"enemies":"2 Fungi Beasts","floor":13,"turns":3},{"damage":6,"enemies":"Slime Boss","floor":16,"turns":7},{"damage":16,"enemies":"3 Byrds","floor":18,"turns":6},{"damage":37,"enemies":"Spheric Guardian","floor":21,"turns":7},{"damage":26,"enemies":"Chosen and Byrds","floor":22,"turns":7},{"damage":0,"enemies":"Snecko","floor":28,"turns":3},{"damage":38,"enemies":"3 Cultists","floor":29,"turns":7},{"damage":15,"enemies":"Sentry and Sphere","floor":30,"turns":3}],"seed_played":"-1772060824921599802","potions_obtained":[{"floor":1,"key":"Strength Potion"},{"floor":11,"key":"Fire Potion"},{"floor":13,"key":"Energy Potion"},{"floor":22,"key":"BlessingOfTheForge"},{"floor":28,"key":"LiquidBronze"}],"is_trial":false,"path_per_floor":["M","M","?","$","M","R","E","R","T","R","M","M","M","?","R","B",null,"M","$","?","M","M","R","?","R","T","R","M","M","M"],"character_chosen":"IRONCLAD","items_purchased":["Searing Blow","Armaments","Dropkick","Impervious"],"campfire_rested":2,"item_purchase_floors":[4,4,19,19],"current_hp_per_floor":[71,71,71,71,67,67,26,26,26,50,49,50,45,45,45,45,80,70,70,70,39,19,19,13,13,13,37,43,11,0,0],"gold":123,"neow_bonus":"REMOVE_CARD","is_daily":false,"chose_seed":false,"campfire_upgraded":5,"win_rate":0.0,"timestamp":1613354576,"path_taken":["M","M","?","?","M","R","E","R","T","R","?","M","M","?","R","BOSS","M","$","?","M","M","R","?","R","T","R","M","M","M"],"items_purchased_type":["Card","Card","Card","Card"],"build_version":"2020-12-22","purchased_purges":2,"victory":false,"max_hp_per_floor":[80,80,80,80,80,80,80,80,80,80,80,80,80,80,80,80,80,80,80,80,80,80,80,80,80,80,80,80,80,80,80],"card_choices":[{"not_picked":["Disarm","Clothesline"],"picked":"Pommel Strike","floor":1},{"not_picked":["Havoc","Clothesline"],"picked":"Rage","floor":2},{"not_picked":["Warcry","Heavy Blade"],"picked":"Inflame","floor":5},{"not_picked":["Armaments","True Grit"],"picked":"Hemokinesis","floor":7},{"not_picked":["True Grit","Juggernaut"],"picked":"Iron Wave","floor":11},{"not_picked":["Headbutt","True Grit"],"picked":"Heavy Blade","floor":12},{"not_picked":["Second Wind","Sentinel"],"picked":"Infernal Blade","floor":13},{"not_picked":["Juggernaut","Exhume"],"picked":"Double Tap","floor":16},{"not_picked":["Clothesline","Twin Strike"],"picked":"Armaments+1","floor":18},{"not_picked":["Sword Boomerang","Clothesline"],"picked":"Whirlwind+1","floor":21},{"not_picked":["Iron Wave","Impervious"],"picked":"Feel No Pain+1","floor":22},{"not_picked":["Hemokinesis","Cleave"],"picked":"Body Slam+1","floor":28},{"not_picked":["Flex","Power Through"],"picked":"Twin Strike+1","floor":29}],"player_experience":35400,"relics_obtained":[{"floor":7,"key":"Shuriken"},{"floor":9,"key":"InkBottle"},{"floor":26,"key":"Lantern"}],"event_choices":[{"damage_healed":0,"gold_gain":100,"player_choice":"Pray","damage_taken":0,"max_hp_gain":0,"max_hp_loss":0,"event_name":"Golden Shrine","floor":3,"gold_loss":0},{"damage_healed":0,"gold_gain":30,"player_choice":"Searched \u00273\u0027 times","damage_taken":0,"relics_obtained":["StoneCalendar"],"max_hp_gain":0,"max_hp_loss":0,"event_name":"Dead Adventurer","floor":14,"gold_loss":0},{"damage_healed":0,"gold_gain":0,"player_choice":"Read","damage_taken":0,"max_hp_gain":0,"max_hp_loss":0,"event_name":"The Library","floor":20,"gold_loss":0,"cards_obtained":["Dual Wield"]},{"damage_healed":0,"gold_gain":0,"player_choice":"Joined the Cult","damage_taken":6,"max_hp_gain":0,"max_hp_loss":0,"event_name":"Nest","floor":24,"gold_loss":0,"cards_obtained":["RitualDagger"]}],"is_beta":false,"boss_relics":[{"not_picked":["Coffee Dripper","Empty Cage"],"picked":"Astrolabe"}],"items_purged_floors":[4,19],"is_endless":false,"potions_floor_spawned":[1,11,13,22,28],"killed_by":"Sentry and Sphere","ascension_level":0}}