{"host":"kw4o7b3ro2ktmmbe","time":1613365301,"event":{"mods":["100% Spire Juice","BaseMod","Bossed Relics","Energized Spire","Evolution","Minty Spire (QoL Compilation)","StSLib"],"gold_per_floor":[119,16,191,116,116,116,116,116],"floor_reached":7,"language":"ENG","playtime":433,"items_purged":["Doubt"],"score":60,"play_id":"633b64bd-3dbb-4e49-a59c-add4e5ea7208","local_time":"20210215180141","is_ascension_mode":true,"campfire_choices":[{"data":"Moonworks:LongDistanceShot","floor":6,"key":"SMITH"}],"circlet_count":0,"master_deck":["AscendersBane","Moonworks:Strike","Moonworks:Strike","Moonworks:Strike","Moonworks:Strike","Moonworks:Defend","Moonworks:Defend","Moonworks:Defend","Moonworks:Defend","Moonworks:Ambush","Moonworks:LongDistanceShot+1","Moonworks:NicePresent","Moonworks:UnpaidWork"],"relics":["Moonworks:Homemark","EVO:Axolotl","Black Star","SsserpentHead"],"acts_visited":["Exordium"],"potions_floor_usage":[],"damage_taken":[{"damage":10,"enemies":"Small Slimes","floor":1,"turns":3},{"damage":1,"enemies":"Cultist","floor":2,"turns":3},{"damage":44,"enemies":"3 Sentries","floor":7,"turns":14}],"seed_played":"-8304923173465433469","potions_obtained":[],"is_trial":false,"path_per_floor":["M","M","?","$","?","R","E"],"character_chosen":"THE_STARBREAKER","items_purchased":[],"campfire_rested":0,"item_purchase_floors":[],"current_hp_per_floor":[44,43,43,43,43,43,0,0],"gold":116,"neow_bonus":"BOSS_RELIC","is_daily":false,"chose_seed":false,"campfire_upgraded":1,"win_rate":0.0,"timestamp":1613365301,"path_taken":["M","M","?","$","?","R","E"],"items_purchased_type":[],"build_version":"2020-12-22","purchased_purges":1,"victory":false,"max_hp_per_floor":[60,60,60,60,60,60,60,60],"card_choices":[{"not_picked":["Moonworks:ScrambledEve","Moonworks:LulusLuckyEgg"],"picked":"Moonworks:NicePresent","floor":1},{"not_picked":["Moonworks:DeployBits","Moonworks:EvilSpyWorkPreparation"],"picked":"Moonworks:UnpaidWork","floor":2}],"player_experience":1940868,"relics_obtained":[],"event_choices":[{"damage_healed":0,"gold_gain":175,"player_choice":"AGREE","damage_taken":0,"max_hp_gain":0,"max_hp_loss":0,"event_name":"Liars Game","floor":3,"gold_loss":0,"cards_obtained":["Doubt"]},{"damage_healed":0,"gold_gain":0,"player_choice":"Trade","damage_taken":0,"relics_obtained":["SsserpentHead"],"max_hp_gain":0,"max_hp_loss":0,"event_name":"FaceTrader","floor":5,"gold_loss":0}],"is_beta":false,"boss_relics":[],"items_purged_floors":[4],"is_endless":false,"potions_floor_spawned":[],"killed_by":"3 Sentries","ascension_level":11}}