{"host":"0fm1w3v00gid44jl","time":1613418916,"event":{"mods":["AchievementEnabler","BaseMod","Colored Map","Colored Powertips","Displayed Cursed Tome","Googly Eyes","Highlight Path","Minty Spire (QoL Compilation)","Permanent Neow","Relic Stats","StSLib","SuperFastMode","slay the spire mod where everything is the same but ironclad has a cowboy hat"],"gold_per_floor":[119,138,151,171,16,48,48,382,454,454,468,468,483,496,496,592,642,654,668,668,465,483,483,483],"floor_reached":23,"language":"ENG","playtime":1046,"items_purged":[],"score":215,"play_id":"5ef3e4d9-091c-409c-876d-545b1672bed1","local_time":"20210215135516","is_ascension_mode":true,"campfire_choices":[{"data":"Cloak And Dagger","floor":7.0,"key":"SMITH"},{"floor":15,"key":"REST"}],"circlet_count":0,"master_deck":["Strike_G+1","Strike_G+1","Strike_G+1","Strike_G+1","Strike_G+1","Defend_G+1","Defend_G+1","Defend_G+1","Defend_G+1","Defend_G+1","Survivor","Neutralize+1","Cloak And Dagger+1","Deadly Poison+1","Poisoned Stab","Backstab","PiercingWail","Bouncing Flask","After Image","Dagger Spray","Backflip","Cloak And Dagger","Burst","Poisoned Stab","Blade Dance","Backstab+1","Blade Dance","Dodge and Roll","Finisher"],"relics":["Ring of the Snake","Membership Card","MealTicket","Old Coin","Ninja Scroll","Tiny House","Vajra","Lantern"],"acts_visited":["Exordium","TheCity"],"potions_floor_usage":[14,23],"damage_taken":[{"damage":0.0,"enemies":"Cultist","floor":1.0,"turns":5.0},{"damage":0.0,"enemies":"Jaw Worm","floor":2.0,"turns":3.0},{"damage":3.0,"enemies":"2 Louse","floor":3.0,"turns":2.0},{"damage":0.0,"enemies":"Blue Slaver","floor":4.0,"turns":3.0},{"damage":20.0,"enemies":"Lagavulin","floor":6.0,"turns":6.0},{"damage":19.0,"enemies":"Gremlin Nob","floor":8.0,"turns":4.0},{"damage":0.0,"enemies":"Exordium Thugs","floor":11.0,"turns":4.0},{"damage":0.0,"enemies":"Large Slime","floor":13.0,"turns":4.0},{"damage":0,"enemies":"Lots of Slimes","floor":14,"turns":1},{"damage":34,"enemies":"Hexaghost","floor":16,"turns":10},{"damage":5,"enemies":"3 Byrds","floor":18,"turns":5},{"damage":12,"enemies":"2 Thieves","floor":19,"turns":4},{"damage":10,"enemies":"Centurion and Healer","floor":22,"turns":4},{"damage":70,"enemies":"Gremlin Leader","floor":23,"turns":11}],"seed_played":"-8122505014526425936","potions_obtained":[{"floor":3.0,"key":"SmokeBomb"},{"floor":6.0,"key":"DuplicationPotion"},{"floor":11.0,"key":"Swift Potion"},{"floor":12.0,"key":"SteroidPotion"},{"floor":13.0,"key":"Regen Potion"},{"floor":17,"key":"CunningPotion"}],"is_trial":false,"path_per_floor":["M","M","M","M","$","E","R","E","T","?","M","?","M","M","R","B",null,"M","M","?","$","M","E"],"character_chosen":"THE_SILENT","items_purchased":["Membership Card","Vajra","Blade Dance","Dodge and Roll","Lantern"],"campfire_rested":1,"item_purchase_floors":[5,21,21,21,21],"current_hp_per_floor":[70,70,67,67,67,47,47,28,28,28,28,28,28,28,49,15,75,70,58,58,73,63,8,8],"gold":483,"neow_bonus":"THREE_CARDS","is_daily":false,"chose_seed":false,"campfire_upgraded":1,"win_rate":0.0,"timestamp":1613418916,"path_taken":["M","?","M","M","$","E","R","E","T","?","?","?","M","M","R","BOSS","M","?","?","$","M","E"],"items_purchased_type":["Relic","Relic","Card","Card","Relic"],"build_version":"2020-12-22","purchased_purges":0,"victory":false,"max_hp_per_floor":[70,70,70,70,70,70,70,70,70,70,70,70,70,70,70,70,75,75,75,75,75,75,75,75],"relic_stats":{"counters":[14,66],"MealTicket":15,"obtain_stats":[{"Lantern":21,"Tiny House":17,"Ninja Scroll":9,"Vajra":21,"MealTicket":6,"Membership Card":5,"Ring of the Snake":0,"Old Coin":8},{"Lantern":12,"Tiny House":10,"Ninja Scroll":6,"Vajra":12,"MealTicket":5,"Membership Card":4,"Ring of the Snake":0,"Old Coin":6},{"Lantern":51,"Tiny House":42,"Ninja Scroll":23,"Vajra":51,"MealTicket":19,"Membership Card":13,"Ring of the Snake":0,"Old Coin":23}],"Ring of the Snake":[28]},"card_choices":[{"not_picked":["Bouncing Flask","Slice"],"picked":"Cloak And Dagger","floor":0.0},{"not_picked":["Sucker Punch","Predator"],"picked":"Deadly Poison","floor":1.0},{"not_picked":["Masterful Stab","Bane"],"picked":"Poisoned Stab","floor":2.0},{"not_picked":["Backflip","Bouncing Flask"],"picked":"Backstab","floor":3.0},{"not_picked":["Endless Agony","Terror"],"picked":"PiercingWail","floor":4.0},{"not_picked":["Setup","Prepared"],"picked":"Bouncing Flask","floor":6.0},{"not_picked":["Eviscerate","Leg Sweep"],"picked":"After Image","floor":8.0},{"not_picked":["Dagger Throw","Concentrate"],"picked":"Dagger Spray","floor":11.0},{"not_picked":["Slice","Tactician"],"picked":"Backflip","floor":13.0},{"not_picked":["Poisoned Stab","Acrobatics"],"picked":"Cloak And Dagger","floor":14},{"not_picked":["After Image","Bullet Time"],"picked":"Burst","floor":16},{"not_picked":["PiercingWail","Backflip"],"picked":"Poisoned Stab","floor":17},{"not_picked":["Sucker Punch","Flying Knee"],"picked":"Blade Dance","floor":18},{"not_picked":["All Out Attack","Slice+1"],"picked":"Backstab+1","floor":19},{"not_picked":["Prepared","Flechettes"],"picked":"Finisher","floor":22}],"player_experience":1119575,"relics_obtained":[{"floor":6.0,"key":"MealTicket"},{"floor":8.0,"key":"Old Coin"},{"floor":9.0,"key":"Ninja Scroll"}],"event_choices":[{"damage_healed":0.0,"max_hp_gain":0.0,"max_hp_loss":0.0,"gold_gain":0.0,"event_name":"Accursed Blacksmith","player_choice":"Forge","floor":10.0,"gold_loss":0.0,"damage_taken":0.0,"cards_upgraded":["Deadly Poison"]},{"damage_healed":0.0,"max_hp_gain":0.0,"max_hp_loss":0.0,"gold_gain":0.0,"event_name":"Lab","player_choice":"Got Potions","floor":12.0,"gold_loss":0.0,"damage_taken":0.0},{"damage_healed":0,"gold_gain":0,"player_choice":"Simplicity","damage_taken":0,"max_hp_gain":0,"max_hp_loss":0,"event_name":"Back to Basics","floor":20,"gold_loss":0,"cards_upgraded":["Strike_G","Strike_G","Strike_G","Strike_G","Strike_G","Defend_G","Defend_G","Defend_G","Defend_G","Defend_G"]}],"is_beta":false,"boss_relics":[{"not_picked":["Ectoplasm","SacredBark"],"picked":"Tiny House"}],"items_purged_floors":[],"is_endless":false,"potions_floor_spawned":[3,6,11,13],"killed_by":"Gremlin Leader","ascension_level":1}}