{"host":"rw1trt79hfpl7pom","time":1613427263,"event":{"mods":["BaseMod","Bestiary","Colored Map","Jorbs\u0027s Wanderer Trilogy","Minty Spire (QoL Compilation)","Relic Stats","StSLib","SuperFastMode"],"gold_per_floor":[125,125,125,144,158,192,192,192,192],"floor_reached":8,"language":"ENG","playtime":735,"items_purged":[],"score":112,"play_id":"0610c565-2bbb-4c62-a592-53d70af596ee","local_time":"20210215141423","is_ascension_mode":true,"campfire_choices":[{"data":"stsjorbsmod:WeightOfMemory","floor":7,"key":"SMITH"}],"circlet_count":0,"master_deck":["AscendersBane","stsjorbsmod:ForbiddenGrimoire+1","stsjorbsmod:Strike_Wanderer","stsjorbsmod:Strike_Wanderer","stsjorbsmod:Strike_Wanderer+1","stsjorbsmod:Strike_Wanderer","stsjorbsmod:Defend_Wanderer","stsjorbsmod:Defend_Wanderer","stsjorbsmod:Defend_Wanderer","stsjorbsmod:FreshAdventure","stsjorbsmod:EyeOfTheStorm","stsjorbsmod:Materialize+1","stsjorbsmod:WeightOfMemory+1","stsjorbsmod:MageArmor","stsjorbsmod:MistyStep"],"relics":["stsjorbsmod:GrimoireRelic","Pen Nib","Ancient Tea Set"],"acts_visited":["Exordium"],"potions_floor_usage":[6,8],"damage_taken":[{"damage":0,"enemies":"Small Slimes","floor":1,"turns":4},{"damage":2,"enemies":"2 Louse","floor":4,"turns":4},{"damage":2,"enemies":"Jaw Worm","floor":5,"turns":2},{"damage":7,"enemies":"3 Sentries","floor":6,"turns":5},{"damage":26,"enemies":"Lagavulin","floor":8,"turns":4}],"seed_played":"-1249140758098273009","potions_obtained":[{"floor":1,"key":"ColorlessPotion"},{"floor":4,"key":"PowerPotion"}],"is_trial":false,"path_per_floor":["M","?","?","M","M","E","R","E"],"character_chosen":"WANDERER","items_purchased":[],"campfire_rested":0,"item_purchase_floors":[],"current_hp_per_floor":[59,40,33,33,32,25,25,0,0],"gold":192,"neow_bonus":"RANDOM_COMMON_RELIC","is_daily":false,"chose_seed":false,"campfire_upgraded":1,"win_rate":0.0,"timestamp":1613427263,"path_taken":["M","?","?","M","M","E","R","E"],"items_purchased_type":[],"build_version":"2020-12-22","purchased_purges":0,"victory":false,"max_hp_per_floor":[64,64,64,64,64,64,64,64,64],"relic_stats":{"counters":[5,19],"Pen Nib":[2],"obtain_stats":[{"stsjorbsmod:GrimoireRelic":0,"Pen Nib":0,"Ancient Tea Set":6},{"stsjorbsmod:GrimoireRelic":0,"Pen Nib":0,"Ancient Tea Set":4},{"stsjorbsmod:GrimoireRelic":0,"Pen Nib":0,"Ancient Tea Set":15}]},"card_choices":[{"not_picked":["stsjorbsmod:SchoolsOfMagic","stsjorbsmod:AnimateObjects"],"picked":"stsjorbsmod:Materialize","floor":1},{"not_picked":["stsjorbsmod:Firebolt","stsjorbsmod:Will"],"picked":"stsjorbsmod:WeightOfMemory","floor":4},{"not_picked":["stsjorbsmod:Aid","stsjorbsmod:DoubleCheck"],"picked":"stsjorbsmod:MageArmor","floor":5},{"not_picked":["stsjorbsmod:BurningFlask","stsjorbsmod:Index"],"picked":"stsjorbsmod:MistyStep","floor":6}],"player_experience":2738538,"relics_obtained":[{"floor":6,"key":"Ancient Tea Set"}],"event_choices":[{"damage_healed":0,"gold_gain":0,"player_choice":"Entered Light","damage_taken":19,"max_hp_gain":0,"max_hp_loss":0,"event_name":"Shining Light","floor":2,"gold_loss":0,"cards_upgraded":["stsjorbsmod:Strike_Wanderer","stsjorbsmod:Materialize"]},{"cards_removed":["stsjorbsmod:Defend_Wanderer"],"damage_healed":0,"gold_gain":0,"player_choice":"Card Removal","damage_taken":7,"max_hp_gain":0,"max_hp_loss":0,"event_name":"Golden Wing","floor":3,"gold_loss":0}],"is_beta":false,"boss_relics":[],"items_purged_floors":[],"is_endless":false,"potions_floor_spawned":[1,4],"killed_by":"Lagavulin","ascension_level":20}}