{"host":"19r1ww88x2tc73i0","time":1613376259,"event":{"mods":["BaseMod","BetterRewards","Colored Map","Minty Spire (QoL Compilation)","Relic Stats","StSLib","SuperFastMode","slay the spire mod where everything is the same but ironclad has a cowboy hat"],"gold_per_floor":[115,134,134,152,123,123,135,135,135,161,1,11,11,25,25,104,104,124,141,153,153,153,186,199,224,224,120,120,150,160,173,173,249,249,260,260,275,188,188,188],"floor_reached":39,"language":"ENG","playtime":1972,"items_purged":["Strike_G+1"],"score":1161,"play_id":"6a9decb3-1162-4f60-9050-5f31c798a04c","local_time":"25640215150419","is_ascension_mode":true,"campfire_choices":[{"data":"CrushJoints","floor":6.0,"key":"SMITH"},{"data":"Neutralize","floor":8.0,"key":"SMITH"},{"data":"Crescendo","floor":13.0,"key":"SMITH"},{"data":"ClearTheMind","floor":15.0,"key":"SMITH"},{"floor":28.0,"key":"REST"},{"floor":32,"key":"REST"}],"circlet_count":0,"master_deck":["AscendersBane","Strike_G+1","Strike_G+1","Strike_G+1","Strike_G+1","Defend_G+1","Defend_G+1","Defend_G+1","Defend_G+1","Defend_G+1","Survivor","Neutralize+1","Apotheosis+1","Blade Dance","CrushJoints+1","Steam+1","Crescendo+1","Backflip","Auto Shields","ClearTheMind+1","Hologram","Sunder","Secret Technique","Dagger Spray","CutThroughFate","Crippling Poison","Headbutt","PiercingWail","Protect+1","Blade Dance","PiercingWail","Scrawl","Blind","FlyingSleeves","Noxious Fumes"],"relics":["Ring of the Snake","Gambling Chip","PrismaticShard","StrikeDummy","Vajra","SlaversCollar","Snake Skull","Juzu Bracelet","Strawberry","StoneCalendar","Sozu"],"acts_visited":["Exordium","TheCity","TheBeyond"],"potions_floor_usage":[39],"damage_taken":[{"damage":0.0,"enemies":"Small Slimes","floor":1.0,"turns":3.0},{"damage":0.0,"enemies":"Jaw Worm","floor":2.0,"turns":3.0},{"damage":0.0,"enemies":"2 Louse","floor":4.0,"turns":2.0},{"damage":0.0,"enemies":"Exordium Thugs","floor":7.0,"turns":2.0},{"damage":0.0,"enemies":"Gremlin Nob","floor":10.0,"turns":2.0},{"damage":3.0,"enemies":"3 Louse","floor":12.0,"turns":2.0},{"damage":0.0,"enemies":"Looter","floor":14.0,"turns":1.0},{"damage":0.0,"enemies":"Slime Boss","floor":16.0,"turns":3.0},{"damage":7.0,"enemies":"3 Byrds","floor":18.0,"turns":4.0},{"damage":11.0,"enemies":"2 Thieves","floor":19.0,"turns":4.0},{"damage":6.0,"enemies":"Snecko","floor":20.0,"turns":3.0},{"damage":16.0,"enemies":"Slavers","floor":23.0,"turns":5.0},{"damage":9.0,"enemies":"Shelled Parasite and Fungi","floor":24.0,"turns":3.0},{"damage":5.0,"enemies":"Book of Stabbing","floor":25.0,"turns":4.0},{"damage":0,"enemies":"Gremlin Leader","floor":29,"turns":3},{"damage":7,"enemies":"Sentry and Sphere","floor":30,"turns":5},{"damage":18,"enemies":"Snake Plant","floor":31,"turns":3},{"damage":5,"enemies":"Champ","floor":33,"turns":9},{"damage":0,"enemies":"3 Shapes","floor":35,"turns":5},{"damage":1,"enemies":"Orb Walker","floor":37,"turns":5},{"damage":3,"enemies":"Writhing Mass","floor":39,"turns":5}],"seed_played":"-2504175817660133255","potions_obtained":[{"floor":4.0,"key":"Energy Potion"},{"floor":10.0,"key":"FearPotion"},{"floor":23.0,"key":"LiquidBronze"},{"floor":24.0,"key":"DistilledChaos"},{"floor":30,"key":"Weak Potion"}],"is_trial":false,"path_per_floor":["M","M","?","M","$","R","M","R","T","E","$","M","R","M","R","B",null,"M","M","M","?","?","E","M","E","T","$","R","E","M","M","R","B",null,"M","?","M","$","M"],"character_chosen":"THE_SILENT","items_purchased":["Gambling Chip","Apotheosis","PrismaticShard","Blade Dance","Backflip","Vajra","PiercingWail","Noxious Fumes"],"campfire_rested":2,"item_purchase_floors":[0,0,0,0,5,11,27,38],"current_hp_per_floor":[59,59,39,39,39,39,39,39,39,39,39,36,36,36,36,36,59,52,41,35,35,35,19,10,5,12,12,33,33,26,8,29,24,61,61,61,60,60,57,57],"gold":188,"neow_bonus":"","is_daily":false,"chose_seed":false,"campfire_upgraded":4,"win_rate":0.0,"timestamp":1613376259,"path_taken":["M","M","?","M","?","R","M","R","T","E","$","M","R","M","R","BOSS","M","M","M","?","?","E","M","E","T","$","R","E","M","M","R","BOSS","M","?","M","$","M"],"items_purchased_type":["Relic","Card","Relic","Card","Card","Relic","Card","Card"],"build_version":"2020-12-22","purchased_purges":1,"victory":false,"max_hp_per_floor":[66,66,66,66,66,66,66,66,66,66,66,66,66,66,66,66,66,66,66,66,66,66,66,66,66,73,73,73,73,73,73,73,73,73,73,73,73,73,73,73],"relic_stats":{"Sozu":1,"counters":[33,150],"Gambling Chip":[75],"StoneCalendar":[52],"Snake Skull":[7],"Juzu Bracelet":0,"obtain_stats":[{"Potion Belt":6,"Calipers":0,"Vajra":11,"StoneCalendar":29,"Pen Nib":9,"Snake Skull":23,"Juzu Bracelet":25,"Frozen Egg 2":0,"PrismaticShard":0,"Sozu":34,"SlaversCollar":17,"Centennial Puzzle":11,"Gambling Chip":0,"Strawberry":26,"Tiny Chest":2,"Black Star":17,"StrikeDummy":10,"Ring of the Snake":0,"Pocketwatch":12},{"Potion Belt":3,"Calipers":0,"Vajra":17,"StoneCalendar":27,"Pen Nib":4,"Snake Skull":24,"Juzu Bracelet":26,"Frozen Egg 2":0,"PrismaticShard":12,"Sozu":30,"SlaversCollar":20,"Centennial Puzzle":5,"Gambling Chip":12,"Strawberry":26,"Tiny Chest":1,"Black Star":7,"StrikeDummy":17,"Ring of the Snake":0,"Pocketwatch":5},{"Potion Belt":22,"Calipers":0,"Vajra":86,"StoneCalendar":118,"Pen Nib":26,"Snake Skull":108,"Juzu Bracelet":115,"Frozen Egg 2":0,"PrismaticShard":74,"Sozu":135,"SlaversCollar":92,"Centennial Puzzle":37,"Gambling Chip":74,"Strawberry":115,"Tiny Chest":6,"Black Star":54,"StrikeDummy":86,"Ring of the Snake":0,"Pocketwatch":37}],"Ring of the Snake":[66]},"card_choices":[{"not_picked":["PathToVictory","Gash"],"picked":"CrushJoints","floor":1.0},{"not_picked":["Warcry","Armaments"],"picked":"Steam","floor":2.0},{"not_picked":["Reflex","Headbutt"],"picked":"Crescendo","floor":4.0},{"not_picked":["Wild Strike","Rage"],"picked":"Auto Shields","floor":7.0},{"not_picked":["Deflect","Evaluate"],"picked":"ClearTheMind","floor":10.0},{"not_picked":["SashWhip","Trip"],"picked":"Hologram","floor":12.0},{"not_picked":["Fusion","Blade Dance"],"picked":"Sunder","floor":14.0},{"not_picked":["Rainbow","Alpha"],"picked":"Secret Technique","floor":16.0},{"not_picked":["Sweeping Beam","Compile Driver"],"picked":"Dagger Spray","floor":18.0},{"not_picked":["Outmaneuver","Clash"],"picked":"CutThroughFate","floor":19.0},{"not_picked":["EmptyFist","Dagger Throw","Slice"],"picked":"SKIP","floor":20.0},{"not_picked":["Chill","Impatience"],"picked":"Crippling Poison","floor":23.0},{"not_picked":["Consume","LikeWater","FTL"],"picked":"SKIP","floor":24.0},{"not_picked":["FollowUp","FlurryOfBlows"],"picked":"Headbutt","floor":25.0},{"not_picked":["Rebound","Infernal Blade"],"picked":"Protect+1","floor":29},{"not_picked":["Anger","WheelKick"],"picked":"Blade Dance","floor":30},{"not_picked":["Go for the Eyes","Ball Lightning"],"picked":"PiercingWail","floor":31},{"not_picked":["Secret Weapon","Panache"],"picked":"Scrawl","floor":33},{"not_picked":["Redo+1","WindmillStrike"],"picked":"Blind","floor":35},{"not_picked":["Protect","Sucker Punch+1"],"picked":"FlyingSleeves","floor":37}],"player_experience":1083782,"relics_obtained":[{"floor":10.0,"key":"StrikeDummy"},{"floor":23.0,"key":"Snake Skull"},{"floor":25.0,"key":"Juzu Bracelet"},{"floor":26.0,"key":"Strawberry"},{"floor":29,"key":"StoneCalendar"}],"event_choices":[{"damage_healed":0.0,"max_hp_gain":0.0,"max_hp_loss":0.0,"gold_gain":0.0,"event_name":"Shining Light","player_choice":"Entered Light","floor":3.0,"gold_loss":0.0,"damage_taken":20.0,"cards_upgraded":["Steam","Apotheosis"]},{"damage_healed":0.0,"max_hp_gain":0.0,"max_hp_loss":0.0,"gold_gain":0.0,"event_name":"Back to Basics","player_choice":"Simplicity","floor":21.0,"gold_loss":0.0,"damage_taken":0.0,"cards_upgraded":["Strike_G","Strike_G","Strike_G","Strike_G","Strike_G","Defend_G","Defend_G","Defend_G","Defend_G","Defend_G"]},{"damage_healed":0,"gold_gain":0,"player_choice":"Ignored","damage_taken":0,"max_hp_gain":0,"max_hp_loss":0,"event_name":"Tomb of Lord Red Mask","floor":36,"gold_loss":0}],"is_beta":false,"boss_relics":[{"not_picked":["Cursed Key","Runic Dome"],"picked":"SlaversCollar"},{"not_picked":["Philosopher\u0027s Stone","Black Star"],"picked":"Sozu"}],"items_purged_floors":[27],"is_endless":false,"potions_floor_spawned":[4,10,23,24,30,35],"killed_by":"Writhing Mass","ascension_level":20}}