{"host":"2qv44oxt58ptq59r","time":1613422355,"event":{"mods":["AchievementEnabler","BaseMod","Colored Powertips","Highlight Path","Minty Spire (QoL Compilation)","Permanent Neow","StSLib"],"gold_per_floor":[117,117,67,77,9,9,9,9,9,19,19,39,39,68,68,171,171,96,96,4,15,15,15,41,41,41,41,41,41,41,55,55,55,55],"floor_reached":33,"language":"ENG","playtime":3184,"items_purged":["Strike_R"],"score":373,"play_id":"ee4ab5e9-755c-4581-9c88-fedd15e30a83","local_time":"20210215205235","is_ascension_mode":true,"campfire_choices":[{"data":"Bash","floor":6.0,"key":"SMITH"},{"data":"Limit Break","floor":8.0,"key":"SMITH"},{"floor":13,"key":"REST"},{"floor":15,"key":"REST"},{"floor":23,"key":"REST"},{"floor":25,"key":"REST"},{"floor":30,"key":"RECALL"},{"floor":32,"key":"REST"}],"circlet_count":0,"master_deck":["Strike_R","Strike_R","Strike_R","Strike_R","Defend_R","Defend_R","Defend_R","Defend_R","Bash+1","Dark Embrace","Spot Weakness","Limit Break+1","Inflame","Bash","Shockwave","Flame Barrier","Intimidate","Dark Shackles","Disarm","Intimidate","Twin Strike+1","Body Slam","Offering"],"relics":["Burning Blood","Smiling Mask","White Beast Statue","Busted Crown","Potion Belt","Juzu Bracelet","MutagenicStrength"],"acts_visited":["Exordium","TheCity"],"potions_floor_usage":[14,16,18,21,24,33,33],"damage_taken":[{"damage":9.0,"enemies":"Small Slimes","floor":1.0,"turns":5.0},{"damage":10.0,"enemies":"Cultist","floor":4.0,"turns":5.0},{"damage":6.0,"enemies":"2 Louse","floor":10.0,"turns":4.0},{"damage":53,"enemies":"Large Slime","floor":12,"turns":11},{"damage":3,"enemies":"Lagavulin","floor":14,"turns":7},{"damage":44,"enemies":"The Guardian","floor":16,"turns":13},{"damage":18,"enemies":"2 Thieves","floor":18,"turns":5},{"damage":24,"enemies":"Chosen","floor":21,"turns":5},{"damage":61,"enemies":"Gremlin Leader","floor":24,"turns":8},{"damage":30,"enemies":"Snecko","floor":31,"turns":5},{"damage":58,"enemies":"Automaton","floor":33,"turns":6}],"seed_played":"-3359286189058664769","potions_obtained":[{"floor":4.0,"key":"DistilledChaos"},{"floor":14,"key":"Dexterity Potion"},{"floor":16,"key":"SpeedPotion"},{"floor":18,"key":"SteroidPotion"},{"floor":21,"key":"Strength Potion"},{"floor":24,"key":"Dexterity Potion"},{"floor":31,"key":"ColorlessPotion"}],"is_trial":false,"path_per_floor":["M","?","$","M","$","R","?","R","T","M","?","M","R","E","R","B",null,"M","?","$","M","?","R","E","R","T","?","?","$","R","M","R","B"],"character_chosen":"IRONCLAD","items_purchased":["Limit Break","Dark Shackles"],"campfire_rested":5,"item_purchase_floors":[5,20],"current_hp_per_floor":[69,69,69,65,65,65,70,70,70,70,70,23,48,51,76,38,73,61,61,61,43,43,68,13,38,38,38,38,38,38,14,39,0,0],"gold":55,"neow_bonus":"RANDOM_COMMON_RELIC","is_daily":false,"chose_seed":false,"campfire_upgraded":2,"win_rate":0.0,"timestamp":1613422355,"path_taken":["M","?","$","M","$","R","?","R","T","M","?","M","R","E","R","BOSS","M","?","$","M","?","R","E","R","T","?","?","$","R","M","R","BOSS"],"items_purchased_type":["Card","Card"],"build_version":"2020-12-22","purchased_purges":1,"victory":false,"max_hp_per_floor":[80,80,80,80,80,80,85,85,85,85,85,85,85,85,85,85,85,85,85,85,85,85,85,85,85,85,85,85,85,85,85,85,85,85],"card_choices":[{"not_picked":["Cleave","Headbutt"],"picked":"Dark Embrace","floor":1.0},{"not_picked":["Sword Boomerang","Wild Strike"],"picked":"Spot Weakness","floor":4.0},{"not_picked":["Clothesline","Power Through"],"picked":"Inflame","floor":10.0},{"not_picked":["Pommel Strike","Dropkick"],"picked":"Flame Barrier","floor":12},{"not_picked":["Spot Weakness","Power Through"],"picked":"Intimidate","floor":14},{"not_picked":["Iron Wave"],"picked":"SKIP","floor":18},{"not_picked":[],"picked":"Disarm","floor":21},{"not_picked":[],"picked":"Twin Strike+1","floor":24},{"not_picked":["Clash"],"picked":"SKIP","floor":31}],"player_experience":5746178,"relics_obtained":[{"floor":14,"key":"White Beast Statue"},{"floor":24,"key":"Potion Belt"},{"floor":26,"key":"Juzu Bracelet"}],"event_choices":[{"damage_healed":0.0,"max_hp_gain":0.0,"max_hp_loss":0.0,"gold_gain":0.0,"event_name":"Liars Game","player_choice":"Ignored","floor":2.0,"gold_loss":0.0,"damage_taken":0.0},{"damage_healed":0.0,"max_hp_gain":5.0,"max_hp_loss":0.0,"gold_gain":0.0,"event_name":"Big Fish","player_choice":"Donut","floor":7.0,"gold_loss":0.0,"damage_taken":0.0},{"damage_healed":0.0,"max_hp_gain":0.0,"max_hp_loss":0.0,"gold_gain":0.0,"event_name":"Match and Keep!","player_choice":"2 cards matched","floor":11.0,"gold_loss":0.0,"damage_taken":0.0,"cards_obtained":["Bash","Shockwave"]},{"damage_healed":0,"gold_gain":0,"player_choice":"Ignored","damage_taken":0,"max_hp_gain":0,"max_hp_loss":0,"event_name":"Cursed Tome","floor":19,"gold_loss":0},{"damage_healed":0,"gold_gain":0,"player_choice":"Read","damage_taken":0,"max_hp_gain":0,"max_hp_loss":0,"event_name":"The Library","floor":22,"gold_loss":0,"cards_obtained":["Intimidate"]},{"damage_healed":0,"gold_gain":0,"player_choice":"2 cards matched","damage_taken":0,"max_hp_gain":0,"max_hp_loss":0,"event_name":"Match and Keep!","floor":27,"gold_loss":0,"cards_obtained":["Body Slam","Offering"]},{"damage_healed":0,"gold_gain":0,"player_choice":"Inject Mutagens","damage_taken":0,"relics_obtained":["MutagenicStrength"],"max_hp_gain":0,"max_hp_loss":0,"event_name":"Drug Dealer","floor":28,"gold_loss":0}],"is_beta":false,"boss_relics":[{"not_picked":["Astrolabe","Runic Pyramid"],"picked":"Busted Crown"}],"items_purged_floors":[3],"is_endless":false,"potions_floor_spawned":[4,14,16,18,21,24,31],"killed_by":"Automaton","ascension_level":9}}