{"host":"syfsfjmzue8y1a6l","time":1613376256,"event":{"mods":["AchievementEnabler","BaseMod","Colored Map","DeckTracker","Minty Spire (QoL Compilation)","SuperFastMode"],"gold_per_floor":[113,132,132,132,57,86,96,96,122,151,151,162,162,162],"floor_reached":13,"language":"KOR","playtime":511,"items_purged":["Defend_B"],"score":93,"play_id":"eb867fe8-77fb-422b-b88d-d16459ad06d2","local_time":"20210215170416","is_ascension_mode":false,"campfire_choices":[{"data":"Zap","floor":8,"key":"SMITH"},{"data":"Coolheaded","floor":11,"key":"SMITH"}],"circlet_count":0,"master_deck":["Strike_B","Strike_B","Strike_B","Strike_B","Defend_B","Defend_B","Defend_B","Zap+1","Dualcast","FTL","White Noise+1","Coolheaded+1","Genetic Algorithm"],"relics":["Philosopher\u0027s Stone","Centennial Puzzle","Oddly Smooth Stone","Prayer Wheel"],"acts_visited":["Exordium"],"potions_floor_usage":[],"damage_taken":[{"damage":5,"enemies":"Cultist","floor":1,"turns":4},{"damage":0,"enemies":"Small Slimes","floor":2,"turns":3},{"damage":42,"enemies":"Gremlin Nob","floor":6,"turns":4},{"damage":0,"enemies":"2 Louse","floor":7,"turns":1},{"damage":26,"enemies":"3 Sentries","floor":10,"turns":6},{"damage":5,"enemies":"Looter","floor":12,"turns":3},{"damage":10,"enemies":"Gremlin Nob","floor":13,"turns":2}],"seed_played":"-6329146636038099873","potions_obtained":[{"floor":12,"key":"SpeedPotion"}],"is_trial":false,"path_per_floor":["M","M","?","?","$","E","M","R","T","E","R","M","E"],"character_chosen":"DEFECT","items_purchased":[],"campfire_rested":0,"item_purchase_floors":[],"current_hp_per_floor":[70,70,75,75,75,33,33,33,33,7,7,2,0,0],"gold":162,"neow_bonus":"BOSS_RELIC","is_daily":false,"chose_seed":false,"campfire_upgraded":2,"win_rate":0.0,"timestamp":1613376256,"path_taken":["M","M","?","?","$","E","M","R","T","E","R","M","E"],"items_purchased_type":[],"build_version":"2020-12-22","purchased_purges":1,"victory":false,"max_hp_per_floor":[75,75,80,80,80,80,80,80,80,80,80,80,80,80],"card_choices":[{"not_picked":["Turbo","Leap"],"picked":"FTL","floor":1},{"not_picked":["Beam Cell","Streamline"],"picked":"White Noise","floor":2},{"not_picked":["Auto Shields","Rebound","Steam"],"picked":"SKIP","floor":6},{"not_picked":["Aggregate","Tempest","Leap"],"picked":"SKIP","floor":7},{"not_picked":["Chill","Sweeping Beam"],"picked":"Coolheaded","floor":10},{"not_picked":["Turbo","Loop"],"picked":"Genetic Algorithm","floor":12},{"not_picked":["Compile Driver","Stack","Leap"],"picked":"SKIP","floor":12}],"player_experience":57035,"relics_obtained":[{"floor":6,"key":"Centennial Puzzle"},{"floor":9,"key":"Oddly Smooth Stone"},{"floor":10,"key":"Prayer Wheel"}],"event_choices":[{"damage_healed":0,"gold_gain":0,"player_choice":"Donut","damage_taken":0,"max_hp_gain":5,"max_hp_loss":0,"event_name":"Big Fish","floor":3,"gold_loss":0},{"damage_healed":0,"gold_gain":0,"player_choice":"Grow","damage_taken":0,"max_hp_gain":0,"max_hp_loss":0,"event_name":"Living Wall","floor":4,"gold_loss":0,"cards_upgraded":["White Noise"]}],"is_beta":false,"boss_relics":[],"items_purged_floors":[5],"is_endless":false,"potions_floor_spawned":[12],"killed_by":"Gremlin Nob","ascension_level":0}}