{"host":"swavyr4ofmkhu42f","time":1613364847,"event":{"mods":["BaseMod","Colored Map","Minty Spire (QoL Compilation)","StSLib"],"gold_per_floor":[115,131,131,306,325,325,425,452,452,229,241,269,269,288,288,288,288],"floor_reached":16,"language":"ENG","playtime":558,"items_purged":["Doubt"],"score":149,"play_id":"c745aaa4-9bba-4c52-a487-f389102d65bc","local_time":"20210214235407","is_ascension_mode":true,"campfire_choices":[{"data":"Cloak And Dagger","floor":6,"key":"SMITH"},{"data":"Slice","floor":13,"key":"SMITH"},{"data":"Crippling Poison","floor":15,"key":"SMITH"}],"circlet_count":0,"master_deck":["Strike_G","Strike_G","Strike_G","Strike_G","Strike_G","Defend_G","Defend_G","Defend_G","Defend_G","Survivor","Neutralize","Slice+1","Cloak And Dagger+1","Infinite Blades","Crippling Poison+1"],"relics":["Ring of the Snake","NeowsBlessing","Bottled Lightning","Paper Crane","Bag of Marbles","Bag of Preparation"],"acts_visited":["Exordium"],"potions_floor_usage":[8,16,16],"damage_taken":[{"damage":0,"enemies":"Cultist","floor":1,"turns":1},{"damage":0,"enemies":"Jaw Worm","floor":2,"turns":1},{"damage":0,"enemies":"2 Louse","floor":5,"turns":1},{"damage":10,"enemies":"3 Sentries","floor":8,"turns":9},{"damage":5,"enemies":"Exordium Thugs","floor":11,"turns":5},{"damage":30,"enemies":"Lagavulin","floor":12,"turns":7},{"damage":0,"enemies":"Large Slime","floor":14,"turns":4},{"damage":42,"enemies":"Slime Boss","floor":16,"turns":8}],"seed_played":"-1324966936645576807","potions_obtained":[{"floor":2,"key":"SkillPotion"},{"floor":12,"key":"FearPotion"},{"floor":14,"key":"Regen Potion"}],"is_trial":false,"path_per_floor":["M","M","?","?","M","R","?","E","T","$","M","E","R","M","R","B"],"character_chosen":"THE_SILENT","items_purchased":["Bag of Marbles"],"campfire_rested":0,"item_purchase_floors":[10],"current_hp_per_floor":[63,63,63,63,63,63,63,53,53,53,48,18,18,18,18,0,0],"gold":288,"neow_bonus":"THREE_ENEMY_KILL","is_daily":false,"chose_seed":false,"campfire_upgraded":3,"win_rate":0.0,"timestamp":1613364847,"path_taken":["M","M","?","?","?","R","?","E","T","?","M","E","R","M","R","BOSS"],"items_purchased_type":["Relic"],"build_version":"2020-12-22","purchased_purges":1,"victory":false,"max_hp_per_floor":[70,70,70,70,70,70,70,70,70,70,70,70,70,70,70,70,70],"card_choices":[{"not_picked":["Underhanded Strike","Acrobatics"],"picked":"Slice","floor":1},{"not_picked":["Sucker Punch","Dodge and Roll"],"picked":"Cloak And Dagger","floor":2},{"not_picked":["Skewer","Setup"],"picked":"Infinite Blades","floor":5},{"not_picked":["Deadly Poison","Riddle With Holes","Tools of the Trade"],"picked":"SKIP","floor":8},{"not_picked":["Prepared","Caltrops","Quick Slash"],"picked":"SKIP","floor":11},{"not_picked":["Dagger Throw","Choke","PiercingWail"],"picked":"SKIP","floor":12},{"not_picked":["Dagger Spray","Deadly Poison"],"picked":"Crippling Poison","floor":14}],"player_experience":212324,"relics_obtained":[{"floor":8,"key":"Bottled Lightning"},{"floor":9,"key":"Paper Crane"},{"floor":12,"key":"Bag of Preparation"}],"event_choices":[{"cards_removed":["Defend_G"],"damage_healed":0,"gold_gain":0,"player_choice":"Forget","damage_taken":0,"max_hp_gain":0,"max_hp_loss":0,"event_name":"Living Wall","floor":3,"gold_loss":0},{"damage_healed":0,"gold_gain":175,"player_choice":"AGREE","damage_taken":0,"max_hp_gain":0,"max_hp_loss":0,"event_name":"Liars Game","floor":4,"gold_loss":0,"cards_obtained":["Doubt"]},{"damage_healed":0,"gold_gain":100,"player_choice":"Pray","damage_taken":0,"max_hp_gain":0,"max_hp_loss":0,"event_name":"Golden Shrine","floor":7,"gold_loss":0}],"is_beta":false,"boss_relics":[],"items_purged_floors":[10],"is_endless":false,"potions_floor_spawned":[2,12,14],"killed_by":"Slime Boss","ascension_level":7}}