{"host":"gf8hyl7jhl0is674","time":1613411951,"event":{"mods":["2.2 Compatiblity","Act Like it!","BaseMod","CapriCore","Chen","Colored Map","Gensokyo","Hallownest","KinomotoSakuraMod(????)","Koishi","Marisa????????","Minty Spire (QoL Compilation)","Onozuka Komachi Mod","Permanent Neow","Reimu??????","StSLib","The Administrix","The Blue Laboratory","The Bug Knight","The Immortal","The Servant 0.9.4","Waifu the Spire"],"gold_per_floor":[110,110,121,136,61,89,89,105,154,154,84,184,197,216,216,312,312,332,332,332,332,10,35,35,35],"floor_reached":24,"language":"ENG","playtime":1576,"items_purged":["Komachi:Strike","Komachi:LifeSwap"],"score":239,"play_id":"ecfe700c-758c-4de4-9deb-e516504dd8ee","local_time":"20210215105911","is_ascension_mode":false,"campfire_choices":[{"data":"Komachi:Bound","floor":7,"key":"SMITH"},{"floor":10,"key":"REST"},{"data":"Komachi:GhostlyBarrier","floor":15,"key":"SMITH"}],"circlet_count":0,"master_deck":["Komachi:Bound+1","Komachi:ReaperScythe+1","Komachi:EndlessWay+1","Komachi:PremonitiveStrike","Komachi:EndlessWay","Komachi:Drowning","Komachi:GhostlyBarrier+1","Komachi:SinnerSpirit","Komachi:HiganRetour","Komachi:EaseRest","Komachi:EtherealCut","Komachi:HellVision","Komachi:FloatingSpirit","Writhe","Komachi:EarthSpirit","Komachi:FellowTraveler"],"relics":["Komachi:Relic:FerryingBoat","Pantograph","Pandora\u0027s Box","Omamori","Lantern"],"acts_visited":["Gensokyo:Gensokyo","Gensokyo:Gensokyoer"],"potions_floor_usage":[6,6,16,18],"damage_taken":[{"damage":2,"enemies":"Gensokyo:3_Fairies","floor":1,"turns":6},{"damage":3,"enemies":"Gensokyo:2_Kodama","floor":3,"turns":3},{"damage":1,"enemies":"Gensokyo:Python","floor":4,"turns":3},{"damage":49,"enemies":"Gensokyo:Aya","floor":6,"turns":7},{"damage":11,"enemies":"Gensokyo:3_Kodama","floor":8,"turns":6},{"damage":2,"enemies":"Gensokyo:Kitsune","floor":13,"turns":2},{"damage":2,"enemies":"Gensokyo:2_Rabbits","floor":14,"turns":5},{"damage":27,"enemies":"Gensokyo:Kokoro","floor":16,"turns":13},{"damage":43,"enemies":"Gensokyo:3_Dogs","floor":18,"turns":9},{"damage":46,"enemies":"Gensokyo:Reisen","floor":23,"turns":9},{"damage":10,"enemies":"Gensokyo:Chomper","floor":24,"turns":3}],"seed_played":"8932863267061754770","potions_obtained":[{"floor":1,"key":"LiquidMemories"},{"floor":3,"key":"blueLaboratory:PolymorphPotion"},{"floor":4,"key":"Swift Potion"},{"floor":16,"key":"Block Potion"},{"floor":23,"key":"blueLaboratory:HorrorPotion"}],"is_trial":false,"path_per_floor":["M","?","M","M","$","E","R","M","T","R","?","?","M","M","R","B",null,"M","?","?","?","$","E","M"],"character_chosen":"KOMACHI_CLASS","items_purchased":["Omamori","Komachi:EarthSpirit"],"campfire_rested":1,"item_purchase_floors":[22,22],"current_hp_per_floor":[66,74,71,70,70,21,21,10,10,39,39,39,37,35,35,33,97,54,54,54,54,54,8,0,0],"gold":35,"neow_bonus":"TWENTY_PERCENT_HP_BONUS","is_daily":false,"chose_seed":false,"campfire_upgraded":2,"win_rate":0.0,"timestamp":1613411951,"path_taken":["M","?","?","?","$","E","R","M","T","R","?","?","?","M","R","BOSS","M","?","?","?","$","E","?"],"items_purchased_type":["Relic","Card"],"build_version":"2020-12-22","purchased_purges":2,"victory":false,"max_hp_per_floor":[89,97,97,97,97,97,97,97,97,97,97,97,97,97,97,97,97,97,97,97,97,97,97,97,97],"card_choices":[{"not_picked":["Komachi:TasteDeath","Komachi:SpiritBlade"],"picked":"Komachi:EndlessWay","floor":1},{"not_picked":["Komachi:VengefulSpirit","Komachi:BoatSanzu"],"picked":"Komachi:PremonitiveStrike","floor":3},{"not_picked":["Komachi:FloatingSpirit","Komachi:CollectTip"],"picked":"Komachi:EndlessWay","floor":4},{"not_picked":["Komachi:Memento","Komachi:YesterdayMoney","Komachi:Behead"],"picked":"SKIP","floor":6},{"not_picked":["Komachi:DoubleCut","Komachi:FearAura"],"picked":"Komachi:Drowning","floor":8},{"not_picked":["Komachi:Exorcism","Komachi:Offerings"],"picked":"Komachi:GhostlyBarrier","floor":13},{"not_picked":["Komachi:FearAura","Komachi:PremonitiveStrike"],"picked":"Komachi:SinnerSpirit","floor":14},{"not_picked":["Komachi:ChangeRoute","Komachi:InnerSoul"],"picked":"Komachi:HiganRetour","floor":16},{"not_picked":["Komachi:Memento","Komachi:EtherealCut"],"picked":"Komachi:FloatingSpirit","floor":18},{"not_picked":["Komachi:Drowning","Komachi:Behead+1"],"picked":"Komachi:FellowTraveler","floor":23}],"player_experience":457025,"relics_obtained":[{"floor":6,"key":"Pantograph"},{"floor":23,"key":"Lantern"}],"event_choices":[],"is_beta":false,"boss_relics":[{"not_picked":["Snecko Eye","Runic Dome"],"picked":"Pandora\u0027s Box"}],"items_purged_floors":[5,22],"is_endless":false,"potions_floor_spawned":[1,3,4,16,23],"killed_by":"Gensokyo:Chomper","ascension_level":0}}