{"host":"2c84cb4cp1emursg","time":1613379243,"event":{"mods":["Act Like it!","BaseMod","Better Third Choice","Bossed Relics","Hermit","Mimic Mod","Minty Spire (QoL Compilation)","Permanent Neow","StSLib"],"gold_per_floor":[112,127,138,158,171,202,202,214,214,227,238,265,265,276,276,381,381,392,392,392,46,64,91,91,122,122,153,153,253,271,32,32,132,132,145,155,0,11,61,91,51,51,51,77,88,19,46,56,56,56,56],"floor_reached":50,"language":"ENG","playtime":4264,"items_purged":["Defend_G"],"score":835,"play_id":"3b31477b-98ab-40b2-aad8-7768850b826d","local_time":"20210215015403","is_ascension_mode":true,"campfire_choices":[{"data":"Poisoned Stab","floor":7,"key":"SMITH"},{"data":"Adrenaline","floor":13,"key":"SMITH"},{"data":"Backflip","floor":15,"key":"SMITH"},{"data":"Defend_G","floor":24,"key":"SMITH"},{"data":"Crippling Poison","floor":28,"key":"SMITH"},{"data":"A Thousand Cuts","floor":32,"key":"SMITH"},{"data":"Bite","floor":42,"key":"SMITH"},{"floor":49,"key":"RECALL"}],"circlet_count":0,"master_deck":["Defend_G","Defend_G+1","Survivor","Neutralize","Infinite Blades","Poisoned Stab","Leg Sweep","Dagger Throw","Poisoned Stab+1","Backflip+1","Adrenaline+1","Blade Dance","Poisoned Stab","Bite+1","Bite","Bite+1","Bite","Bite","Quick Slash","Glass Knife","Riddle With Holes","Leg Sweep","Crippling Poison+1","Backflip+1","Infinite Blades","A Thousand Cuts+1","Infinite Blades","Footwork","Well Laid Plans","Tools of the Trade","Corpse Explosion+1","Blur+1","Riddle With Holes+1","Secret Technique","Accuracy","Bouncing Flask+1"],"relics":["Astrolabe","Bag of Preparation","The Courier","Thread and Needle","Snecko Eye","Enchiridion","Membership Card","Pen Nib","Mercury Hourglass","Mummified Hand","White Beast Statue","Mango","Torii","Bottled Tornado","Empty Cage","Red Mask","Du-Vu Doll","Bag of Marbles","Kunai","Pocketwatch"],"acts_visited":["Exordium","TheCity","TheBeyond"],"potions_floor_usage":[4,10,12,16,16,23,29,33,35,39,40,44,44,48,50],"damage_taken":[{"damage":3,"enemies":"2 Louse","floor":1,"turns":3},{"damage":3,"enemies":"Small Slimes","floor":2,"turns":4},{"damage":4,"enemies":"Jaw Worm","floor":3,"turns":3},{"damage":0,"enemies":"Looter","floor":4,"turns":2},{"damage":7,"enemies":"3 Louse","floor":5,"turns":2},{"damage":6,"enemies":"Lagavulin","floor":6,"turns":7},{"damage":0,"enemies":"Large Slime","floor":8,"turns":4},{"damage":13,"enemies":"Exordium Thugs","floor":10,"turns":3},{"damage":0,"enemies":"Lots of Slimes","floor":11,"turns":4},{"damage":1,"enemies":"3 Sentries","floor":12,"turns":7},{"damage":0,"enemies":"Red Slaver","floor":14,"turns":2},{"damage":6,"enemies":"Slime Boss","floor":16,"turns":11},{"damage":0,"enemies":"Spheric Guardian","floor":18,"turns":3},{"damage":0,"enemies":"2 Thieves","floor":22,"turns":3},{"damage":0,"enemies":"Gremlin Leader","floor":23,"turns":5},{"damage":3,"enemies":"Book of Stabbing","floor":25,"turns":4},{"damage":27,"enemies":"Gremlin Leader","floor":27,"turns":7},{"damage":0,"enemies":"Colosseum Slavers","floor":29,"turns":3},{"damage":0,"enemies":"Colosseum Nobs","floor":29,"turns":4},{"damage":2,"enemies":"Centurion and Healer","floor":30,"turns":4},{"damage":1,"enemies":"Collector","floor":33,"turns":6},{"damage":0,"enemies":"3 Darklings","floor":35,"turns":2},{"damage":0,"enemies":"Orb Walker","floor":36,"turns":2},{"damage":13,"enemies":"Jaw Worm Horde","floor":38,"turns":2},{"damage":1,"enemies":"2 Orb Walkers","floor":39,"turns":2},{"damage":51,"enemies":"Giant Head","floor":40,"turns":7},{"damage":0,"enemies":"Reptomancer","floor":44,"turns":4},{"damage":0,"enemies":"Sphere and 2 Shapes","floor":45,"turns":3},{"damage":3,"enemies":"Nemesis","floor":47,"turns":3},{"damage":8,"enemies":"Writhing Mass","floor":48,"turns":4},{"damage":52,"enemies":"Time Eater","floor":50,"turns":6}],"seed_played":"-7656359317366462172","potions_obtained":[{"floor":1,"key":"AttackPotion"},{"floor":2,"key":"Explosive Potion"},{"floor":8,"key":"EssenceOfSteel"},{"floor":12,"key":"Swift Potion"},{"floor":14,"key":"SteroidPotion"},{"floor":16,"key":"CunningPotion"},{"floor":23,"key":"SteroidPotion"},{"floor":27,"key":"Swift Potion"},{"floor":29,"key":"Regen Potion"},{"floor":30,"key":"PowerPotion"},{"floor":33,"key":"SpeedPotion"},{"floor":35,"key":"EssenceOfSteel"},{"floor":36,"key":"AttackPotion"},{"floor":39,"key":"SpeedPotion"},{"floor":40,"key":"PowerPotion"},{"floor":44,"key":"LiquidBronze"},{"floor":45,"key":"Poison Potion"},{"floor":47,"key":"Energy Potion"},{"floor":48,"key":"CultistPotion"}],"is_trial":false,"path_per_floor":["M","M","M","M","M","E","R","M","T","M","M","E","R","M","R","B",null,"M","?","?","$","M","E","R","E","T","E","R","?","M","$","R","B",null,"M","M","?","M","?","E","?","R","T","E","M","$","E","M","R","B"],"character_chosen":"THE_SILENT","items_purchased":["Membership Card","Fruit Juice","Quick Slash","Glass Knife","Pen Nib","Infinite Blades","A Thousand Cuts","Infinite Blades","Footwork","Well Laid Plans","Tools of the Trade","Secret Technique"],"campfire_rested":0,"item_purchase_floors":[21,21,21,21,21,31,31,31,31,31,31,46],"current_hp_per_floor":[67,64,60,60,53,47,47,47,47,34,34,33,33,33,33,27,70,70,54,49,49,49,49,49,49,49,38,38,49,53,53,53,62,68,68,68,68,58,59,18,18,18,18,39,46,46,45,41,41,0,0],"gold":56,"neow_bonus":"BOSS_RELIC","is_daily":false,"chose_seed":false,"campfire_upgraded":7,"win_rate":0.0,"timestamp":1613379243,"path_taken":["M","M","M","M","M","E","R","M","T","M","M","E","R","M","R","BOSS","M","?","?","$","M","E","R","E","T","E","R","?","M","?","R","BOSS","M","M","?","M","?","E","?","R","T","E","M","$","E","M","R","BOSS"],"items_purchased_type":["Relic","Potion","Card","Card","Relic","Card","Card","Card","Card","Card","Card","Card"],"build_version":"2020-12-22","purchased_purges":1,"victory":false,"max_hp_per_floor":[70,70,70,70,70,70,70,70,70,70,70,70,70,70,70,70,70,70,70,49,49,49,49,49,49,49,63,63,68,68,68,68,68,68,68,68,68,68,68,68,68,68,68,68,68,68,68,68,68,68,68],"card_choices":[{"not_picked":["Outmaneuver","Riddle With Holes"],"picked":"Infinite Blades","floor":1},{"not_picked":["Dagger Spray","Slice"],"picked":"Poisoned Stab","floor":2},{"not_picked":["Sucker Punch","Calculated Gamble"],"picked":"Leg Sweep","floor":3},{"not_picked":["Dodge and Roll","Flying Knee"],"picked":"Dagger Throw","floor":4},{"not_picked":["Backflip","Blur"],"picked":"Poisoned Stab","floor":5},{"not_picked":["Leg Sweep","Prepared","Well Laid Plans"],"picked":"SKIP","floor":6},{"not_picked":["Underhanded Strike","Escape Plan"],"picked":"Backflip","floor":8},{"not_picked":["Blade Dance","Prepared"],"picked":"Adrenaline","floor":10},{"not_picked":["Leg Sweep","Prepared","PiercingWail"],"picked":"SKIP","floor":11},{"not_picked":["Catalyst","Night Terror"],"picked":"Blade Dance","floor":12},{"not_picked":["Dagger Spray","Escape Plan"],"picked":"Poisoned Stab","floor":14},{"not_picked":["Caltrops","Outmaneuver","Blade Dance"],"picked":"SKIP","floor":18},{"not_picked":["Dagger Throw","PiercingWail+1"],"picked":"Riddle With Holes","floor":22},{"not_picked":["Endless Agony","Flying Knee","Sucker Punch"],"picked":"SKIP","floor":23},{"not_picked":["Dodge and Roll","Slice+1"],"picked":"Leg Sweep","floor":25},{"not_picked":["Skewer","Distraction+1"],"picked":"Crippling Poison","floor":27},{"not_picked":["Flying Knee","Masterful Stab"],"picked":"Backflip+1","floor":29},{"not_picked":["Catalyst+1","Prepared+1","Sucker Punch+1"],"picked":"SKIP","floor":30},{"not_picked":["Glass Knife","Burst"],"picked":"Corpse Explosion","floor":33},{"not_picked":["Skewer+1","Underhanded Strike"],"picked":"Blur+1","floor":35},{"not_picked":["Sucker Punch+1","Infinite Blades","Deflect+1"],"picked":"SKIP","floor":36},{"not_picked":["Flying Knee","PiercingWail+1","Sucker Punch"],"picked":"SKIP","floor":38},{"not_picked":["Bane+1","Slice"],"picked":"Riddle With Holes+1","floor":39},{"not_picked":["Prepared","Expertise","Quick Slash+1"],"picked":"SKIP","floor":40},{"not_picked":["Cloak And Dagger","Deflect","Deadly Poison+1"],"picked":"SKIP","floor":44},{"not_picked":["Dagger Spray","Flying Knee+1","Sucker Punch+1"],"picked":"SKIP","floor":45},{"not_picked":["Dagger Spray+1","Cloak And Dagger+1"],"picked":"Accuracy","floor":47},{"not_picked":["Sucker Punch","Cloak And Dagger"],"picked":"Bouncing Flask+1","floor":48}],"player_experience":463282,"relics_obtained":[{"floor":6,"key":"Bag of Preparation"},{"floor":9,"key":"The Courier"},{"floor":12,"key":"Thread and Needle"},{"floor":19,"key":"Enchiridion"},{"floor":23,"key":"Mercury Hourglass"},{"floor":25,"key":"Mummified Hand"},{"floor":26,"key":"White Beast Statue"},{"floor":27,"key":"Mango"},{"floor":29,"key":"Torii"},{"floor":29,"key":"Bottled Tornado"},{"floor":39,"key":"Du-Vu Doll"},{"floor":40,"key":"Bag of Marbles"},{"floor":44,"key":"Kunai"},{"floor":47,"key":"Pocketwatch"}],"event_choices":[{"damage_healed":0,"gold_gain":0,"player_choice":"Obtained Book","damage_taken":16,"max_hp_gain":0,"max_hp_loss":0,"event_name":"Cursed Tome","floor":19,"gold_loss":0},{"damage_healed":0,"gold_gain":0,"player_choice":"Became a vampire","damage_taken":0,"max_hp_gain":0,"max_hp_loss":21,"event_name":"Vampires","floor":20,"gold_loss":0,"cards_obtained":["Bite","Bite","Bite","Bite","Bite"]},{"damage_healed":0,"gold_gain":0,"player_choice":"Fight","damage_taken":0,"max_hp_gain":0,"max_hp_loss":0,"event_name":"Colosseum","floor":29,"gold_loss":0},{"damage_healed":0,"gold_gain":0,"player_choice":"Fought Nobs","damage_taken":0,"max_hp_gain":0,"max_hp_loss":0,"event_name":"Colosseum","floor":29,"gold_loss":0},{"damage_healed":0,"gold_gain":0,"player_choice":"Paid","damage_taken":0,"relics_obtained":["Red Mask"],"max_hp_gain":0,"max_hp_loss":0,"event_name":"Tomb of Lord Red Mask","floor":37,"gold_loss":155},{"damage_healed":0,"gold_gain":0,"player_choice":"Fight","damage_taken":0,"max_hp_gain":0,"max_hp_loss":0,"event_name":"Mysterious Sphere","floor":39,"gold_loss":0},{"damage_healed":0,"gold_gain":0,"player_choice":"Upgraded Two","damage_taken":0,"max_hp_gain":0,"max_hp_loss":0,"event_name":"Designer","floor":41,"gold_loss":40,"cards_upgraded":["Bite","Corpse Explosion"]}],"is_beta":false,"boss_relics":[{"not_picked":["SlaversCollar","Philosopher\u0027s Stone"],"picked":"Snecko Eye"},{"not_picked":["Sozu","Black Star"],"picked":"Empty Cage"}],"items_purged_floors":[21],"is_endless":false,"potions_floor_spawned":[1,2,8,12,14,16,23,27,29,29,30,33,35,36,38,39,40,44,45,47,48],"killed_by":"Time Eater","ascension_level":4}}