{"host":"o9hzw3x4uayx38l5","time":1613376763,"event":{"mods":["Act Like it!","BaseMod","Colored Map","Decade(Õı–°√˜)","GifTheSpireLib","Good Game Mod","Hallownest","Hero for Fun","Marisa£®ÏF”Í°°ƒß¿Ì…≥£©","Minty Spire (QoL Compilation)","Quick Restart","Reimu£®≤©¿ˆ¡È√Œ£©","Remove Card Discount Mod","Replay The Spire","Ryuuou¡˙Õı","SIMod","Shop Mod","StSLib","TestMod","The Construct","The Poker Player","The Runesmith","The Saiyan","The Servant 0.9.4","Youmu£®ªÍ∆«—˝√Œ£©","Yuyuko","[IsaacMod]“‘»ˆº‚À˛","noobMod","ÛÙª÷∏ƒœ"],"gold_per_floor":[110,210,226,236,249,249,249],"floor_reached":6,"language":"ZHS","playtime":238,"items_purged":[],"score":38,"play_id":"c2dcb912-a562-4f2f-aa1b-1a0a63539713","local_time":"20210215161243","is_ascension_mode":false,"campfire_choices":[],"circlet_count":0,"master_deck":["Strike_R","Strike_R","Strike_R","Strike_R","Strike_R","Defend_R","Defend_R","Defend_R","Defend_R","Bash","EpicFetus","construct:ShieldBurst","Body Slam","Power Through","ReplayTheSpireMod:Stacked","Bloodletting"],"relics":["Burning Blood","testmod-TestBox","HushsDoor","ice","REME:ComplimentaryCards","DoctorsRemote","testmod-Maize","NeowsBlessing"],"acts_visited":["Exordium"],"potions_floor_usage":[],"damage_taken":[{"damage":0,"enemies":"Small Slimes","floor":1,"turns":1},{"damage":0,"enemies":"Cultist","floor":3,"turns":1},{"damage":0,"enemies":"2 Louse","floor":4,"turns":1},{"damage":2,"enemies":"Red Slaver","floor":5,"turns":4},{"damage":0,"enemies":"Gremlin Nob","floor":6,"turns":1}],"seed_played":"-2261623343123517690","potions_obtained":[{"floor":3,"key":"LiquidBronze"},{"floor":5,"key":"CultistPotion"}],"is_trial":false,"path_per_floor":["M","?","M","M","M","E"],"character_chosen":"IRONCLAD","items_purchased":[],"campfire_rested":0,"item_purchase_floors":[],"current_hp_per_floor":[80,80,80,80,80,80,80],"gold":249,"neow_bonus":"THREE_ENEMY_KILL","is_daily":false,"chose_seed":false,"campfire_upgraded":0,"win_rate":0.0,"timestamp":1613376763,"path_taken":["M","?","M","M","?","E"],"items_purchased_type":[],"build_version":"2020-12-22","purchased_purges":0,"victory":false,"max_hp_per_floor":[80,80,80,80,80,80,80],"card_choices":[{"not_picked":[],"picked":"EpicFetus","floor":0},{"not_picked":["Clash","Thunderclap"],"picked":"Body Slam","floor":1},{"not_picked":["Seeing Red","Body Slam"],"picked":"Power Through","floor":2},{"not_picked":["Fire Breathing","Pommel Strike"],"picked":"ReplayTheSpireMod:Stacked","floor":3},{"not_picked":["Run Through","Anger"],"picked":"Bloodletting","floor":4},{"not_picked":["ReplayTheSpireMod:Strike From Hell","Anger","Thunderclap"],"picked":"SKIP","floor":5}],"player_experience":36800,"relics_obtained":[],"event_choices":[],"is_beta":false,"boss_relics":[],"items_purged_floors":[],"is_endless":false,"potions_floor_spawned":[3,5],"killed_by":"Gremlin Nob","ascension_level":0}}