{"host":"gtoa8h4im74f14p0","time":1613369860,"event":{"mods":["AchievementEnabler","BaseMod","Better Silent Start","Block Reminder","Colored Powertips","Custom Start","Downfall","Hermit","Minty Spire (QoL Compilation)","Reliquary","Shop Mod","StSLib","Swap Starting Deck Mod","The Cursed","The Marked"],"gold_per_floor":[117,131,141,160,175,206,206,220,271,298,298,310,68,94,94,193,193,208,208,208,227,243,243,262,274,274,293,70,81,81,91,91,192,192,204,224,7,7,57,86,86,104,155,155,155],"floor_reached":44,"language":"ENG","playtime":3637,"items_purged":[],"score":616,"play_id":"fd00e8d0-75ce-42ed-8307-2768ae1c2fb9","local_time":"20210215011740","is_ascension_mode":false,"campfire_choices":[{"floor":7.0,"key":"REST"},{"floor":11.0,"key":"REST"},{"floor":15.0,"key":"REST"},{"data":"Capacitor","floor":23.0,"key":"SMITH"},{"floor":30.0,"key":"REST"},{"floor":32.0,"key":"REST"},{"data":"Seek","floor":41.0,"key":"SMITH"}],"circlet_count":0,"master_deck":["Blizzard","Blizzard","Blizzard","Blizzard","Blizzard","Chill","Coolheaded","Coolheaded","Coolheaded","Coolheaded","Melter","Capacitor+1","Conserve Battery","Leap","Turbo","White Noise","Seek","Fission","Chill","Conserve Battery","Seek+1","Melter","Writhe","Melter","Stack","Force Field+1","Hologram","Fission","Loop","Beam Cell","Fission","Turbo+1","Defragment","Chill","Bandage Up","BootSequence+1","Chill+1","Rebound+1"],"relics":["Cracked Core","swapstartingdeckmod:DeadBlossom","reliquary:Aerogel","Centennial Puzzle","Shuriken","Mercury Hourglass","Bottled Flame","SlaversCollar","Juzu Bracelet","Gambling Chip","Black Star","Toolbox","Peace Pipe","Toxic Egg 2","reliquary:QuartzCube","Lantern"],"acts_visited":["Exordium","TheCity","TheBeyond"],"potions_floor_usage":[],"damage_taken":[{"damage":0.0,"enemies":"Cultist","floor":1.0,"turns":5.0},{"damage":0.0,"enemies":"Small Slimes","floor":2.0,"turns":3.0},{"damage":5.0,"enemies":"Jaw Worm","floor":3.0,"turns":4.0},{"damage":2.0,"enemies":"Red Slaver","floor":4.0,"turns":5.0},{"damage":12.0,"enemies":"Large Slime","floor":5.0,"turns":4.0},{"damage":19.0,"enemies":"Gremlin Nob","floor":6.0,"turns":4.0},{"damage":3.0,"enemies":"Blue Slaver","floor":8.0,"turns":4.0},{"damage":8.0,"enemies":"Lagavulin","floor":10.0,"turns":5.0},{"damage":6.0,"enemies":"Looter","floor":12.0,"turns":2.0},{"damage":3.0,"enemies":"3 Sentries","floor":14.0,"turns":2.0},{"damage":19.0,"enemies":"Hexaghost","floor":16.0,"turns":6.0},{"damage":1.0,"enemies":"Spheric Guardian","floor":18.0,"turns":3.0},{"damage":1.0,"enemies":"Shell Parasite","floor":21.0,"turns":3.0},{"damage":0.0,"enemies":"Cultist and Chosen","floor":22.0,"turns":5.0},{"damage":18.0,"enemies":"Centurion and Healer","floor":24.0,"turns":4.0},{"damage":7.0,"enemies":"Shelled Parasite and Fungi","floor":25.0,"turns":3.0},{"damage":0.0,"enemies":"3 Cultists","floor":27.0,"turns":2.0},{"damage":16.0,"enemies":"Snake Plant","floor":29.0,"turns":4.0},{"damage":7.0,"enemies":"Shelled Parasite and Fungi","floor":31.0,"turns":3.0},{"damage":0.0,"enemies":"Collector","floor":33.0,"turns":6.0},{"damage":24.0,"enemies":"3 Darklings","floor":35.0,"turns":3.0},{"damage":13.0,"enemies":"Orb Walker","floor":36.0,"turns":3.0},{"damage":4.0,"enemies":"Mind Bloom Boss Battle","floor":39.0,"turns":6.0},{"damage":8.0,"enemies":"Giant Head","floor":40.0,"turns":8.0},{"damage":18.0,"enemies":"3 Darklings","floor":42.0,"turns":3.0},{"damage":14,"enemies":"Nemesis","floor":44,"turns":2}],"seed_played":"8705475271678137487","potions_obtained":[{"floor":1.0,"key":"Strength Potion"},{"floor":3.0,"key":"Swift Potion"},{"floor":8.0,"key":"hexamod:SoulburnPotion"},{"floor":14.0,"key":"SkillPotion"},{"floor":16.0,"key":"LiquidBronze"},{"floor":24.0,"key":"DistilledChaos"},{"floor":25.0,"key":"CultistPotion"},{"floor":27.0,"key":"DuplicationPotion"},{"floor":35.0,"key":"sneckomod:MuddlingPotion"},{"floor":36.0,"key":"hexamod:SoulburnPotion"},{"floor":40.0,"key":"Guardian:BlockOnCardUsePotion"}],"is_trial":false,"path_per_floor":["M","M","M","M","M","E","R","M","T","E","R","M","$","E","R","B",null,"M","?","?","M","M","R","M","M","T","M","$","M","R","M","R","B",null,"M","M","$","?","?","E","R","M","T","E"],"character_chosen":"DEFECT","items_purchased":["Mercury Hourglass","Fission","Loop","Chill","Toolbox"],"campfire_rested":5,"item_purchase_floors":[13,28,28,37,37],"current_hp_per_floor":[75,75,70,68,56,37,48,45,45,37,48,42,42,39,50,31,69,68,68,68,67,67,67,49,42,42,42,42,26,37,30,41,41,75,51,38,38,38,36,30,30,14,14,0,0],"gold":155,"neow_bonus":"","is_daily":false,"chose_seed":false,"campfire_upgraded":2,"win_rate":0.0,"timestamp":1613369860,"path_taken":["M","M","M","M","M","E","R","?","T","E","R","M","$","E","R","BOSS","M","?","?","M","M","R","M","M","T","M","$","M","R","M","R","BOSS","M","M","$","?","?","E","R","M","T","E"],"items_purchased_type":["Relic","Card","Card","Card","Relic"],"build_version":"2020-12-22","purchased_purges":0,"victory":false,"max_hp_per_floor":[75,75,75,75,75,75,75,75,75,75,75,75,75,75,75,75,75,75,75,75,75,75,75,75,75,75,75,75,75,75,75,75,75,75,75,75,75,75,75,75,75,75,75,75,75],"card_choices":[{"not_picked":["Aggregate","Tempest"],"picked":"Melter","floor":1.0},{"not_picked":["Steam","Hologram"],"picked":"Capacitor","floor":2.0},{"not_picked":["Steam","Rebound"],"picked":"Conserve Battery","floor":3.0},{"not_picked":["Consume","FTL"],"picked":"Leap","floor":4.0},{"not_picked":["Steam Power","Sweeping Beam"],"picked":"Turbo","floor":5.0},{"not_picked":["Streamline","Rip and Tear"],"picked":"White Noise","floor":6.0},{"not_picked":["Beam Cell","Go for the Eyes"],"picked":"Seek","floor":8.0},{"not_picked":["Conserve Battery","Darkness"],"picked":"Fission","floor":10.0},{"not_picked":["Hello World","Go for the Eyes"],"picked":"Chill","floor":12.0},{"not_picked":["Sweeping Beam","Thunder Strike"],"picked":"Conserve Battery","floor":14.0},{"not_picked":["Multi-Cast","Echo Form"],"picked":"Seek","floor":16.0},{"not_picked":["Cold Snap","Go for the Eyes"],"picked":"Melter","floor":18.0},{"not_picked":["Consume+1","Steam+1"],"picked":"Melter","floor":21.0},{"not_picked":["Barrage","Compile Driver"],"picked":"Stack","floor":22.0},{"not_picked":["Sweeping Beam","Aggregate","Rip and Tear"],"picked":"SKIP","floor":24.0},{"not_picked":["Go for the Eyes","Gash"],"picked":"Force Field+1","floor":25.0},{"not_picked":["Barrage","Ball Lightning+1"],"picked":"Hologram","floor":27.0},{"not_picked":["Go for the Eyes","Auto Shields","Sweeping Beam"],"picked":"SKIP","floor":29.0},{"not_picked":["Conserve Battery+1","Gash"],"picked":"Beam Cell","floor":31.0},{"not_picked":["All For One","Creative AI"],"picked":"Fission","floor":33.0},{"not_picked":["Cold Snap+1","Steam+1"],"picked":"Turbo+1","floor":35.0},{"not_picked":["Static Discharge+1","Steam Power+1"],"picked":"Defragment","floor":36.0},{"not_picked":["Aggregate","Go for the Eyes+1"],"picked":"BootSequence+1","floor":39.0},{"not_picked":["Self Repair+1","Lockon+1"],"picked":"Chill+1","floor":40.0},{"not_picked":["Streamline","Cold Snap+1"],"picked":"Rebound+1","floor":42.0}],"player_experience":45292,"relics_obtained":[{"floor":6.0,"key":"reliquary:Aerogel"},{"floor":9.0,"key":"Centennial Puzzle"},{"floor":10.0,"key":"Shuriken"},{"floor":14.0,"key":"Bottled Flame"},{"floor":26.0,"key":"Gambling Chip"},{"floor":39.0,"key":"Peace Pipe"},{"floor":40.0,"key":"Toxic Egg 2"},{"floor":40.0,"key":"reliquary:QuartzCube"},{"floor":43.0,"key":"Lantern"}],"event_choices":[{"damage_healed":0.0,"max_hp_gain":0.0,"max_hp_loss":0.0,"gold_gain":0.0,"event_name":"The Mausoleum","player_choice":"Opened","floor":20.0,"gold_loss":0.0,"damage_taken":0.0,"relics_obtained":["Juzu Bracelet"],"cards_obtained":["Writhe"]},{"damage_healed":0.0,"max_hp_gain":0.0,"max_hp_loss":0.0,"gold_gain":0.0,"event_name":"Match and Keep!","player_choice":"1 cards matched","floor":38.0,"gold_loss":0.0,"damage_taken":0.0,"cards_obtained":["Bandage Up"]},{"damage_healed":0.0,"max_hp_gain":0.0,"max_hp_loss":0.0,"gold_gain":0.0,"event_name":"MindBloom","player_choice":"Fight","floor":39.0,"gold_loss":0.0,"damage_taken":0.0}],"is_beta":false,"boss_relics":[{"not_picked":["Runic Dome","Fusion Hammer"],"picked":"SlaversCollar"},{"not_picked":["reliquary:WritOfMandamus","Velvet Choker"],"picked":"Black Star"}],"items_purged_floors":[],"is_endless":false,"potions_floor_spawned":[1,3,8,14,16,24,25,27,31,35,36,40],"killed_by":"Nemesis","ascension_level":0}}