{"host":"e8hwgc5hwysw32tq","time":1613376211,"event":{"mods":["BaseMod","Minty Spire (QoL Compilation)","StSLib","Together in Spire"],"gold_per_floor":[116,135,26,201,301,327,343,372,396,407,407,442,317,335,335,436,436,438,457,178,178,178,178,204,221,246,263,282,308,308,324,324,425,425,439,439,439,439,28,28,55,55,82,82,99,133,0,11,11,11],"floor_reached":51,"language":"ENG","playtime":4163,"items_purged":["Defend_G","Doubt","Strike_G","Decay"],"score":463,"play_id":"8bb0a5bd-1863-43f8-b78d-ab9a05411b38","local_time":"20210215000331","is_ascension_mode":false,"campfire_choices":[{"data":"Dodge and Roll","floor":11.0,"key":"SMITH"},{"data":"Bouncing Flask","floor":15.0,"key":"SMITH"},{"data":"Neutralize","floor":23.0,"key":"SMITH"},{"data":"Acrobatics","floor":30.0,"key":"SMITH"},{"data":"Survivor","floor":32.0,"key":"SMITH"},{"data":"Impatience","floor":40.0,"key":"SMITH"},{"floor":42.0,"key":"REST"},{"data":"Catalyst","floor":44.0,"key":"SMITH"},{"floor":49,"key":"REST"}],"circlet_count":0,"master_deck":["Strike_G+1","Strike_G+1","Strike_G+1","Strike_G+1","Defend_G+1","Defend_G+1","Defend_G+1","Survivor+1","Neutralize+1","Escape Plan+1","Dodge and Roll+1","Infinite Blades+1","Corpse Explosion+1","Deadly Poison+1","PiercingWail+1","Noxious Fumes+1","Footwork+1","Acrobatics+1","Bouncing Flask+1","Venomology+1","Backflip+1","Bane+1","Die Die Die+1","Bane+1","Bullet Time+1","Impatience+1","Catalyst+1","Expertise+1"],"relics":["Ring of the Snake","Snake Skull","Strawberry","Toy Ornithopter","Centennial Puzzle","Philosopher\u0027s Stone","Bag of Marbles","PreservedInsect","Orichalcum","Busted Crown","Mark of the Bloom","Ornamental Fan","Dream Catcher","Bag of Preparation","Vajra","Red Mask"],"acts_visited":[],"potions_floor_usage":[46,48,50,50,50,50],"damage_taken":[{"damage":0.0,"enemies":"Cultist","floor":1.0,"turns":2.0},{"damage":0.0,"enemies":"2 Louse","floor":2.0,"turns":2.0},{"damage":26.0,"enemies":"Gremlin Nob","floor":6.0,"turns":4.0},{"damage":3.0,"enemies":"Small Slimes","floor":7.0,"turns":2.0},{"damage":10.0,"enemies":"Lagavulin","floor":8.0,"turns":5.0},{"damage":3.0,"enemies":"Gremlin Gang","floor":10.0,"turns":2.0},{"damage":10.0,"enemies":"Gremlin Nob","floor":12.0,"turns":3.0},{"damage":0.0,"enemies":"Red Slaver","floor":14.0,"turns":2.0},{"damage":14.0,"enemies":"The Guardian","floor":16.0,"turns":5.0},{"damage":14.0,"enemies":"2 Thieves","floor":18.0,"turns":2.0},{"damage":1.0,"enemies":"Chosen","floor":19.0,"turns":3.0},{"damage":16.0,"enemies":"Gremlin Leader","floor":24.0,"turns":3.0},{"damage":0.0,"enemies":"3 Cultists","floor":25.0,"turns":2.0},{"damage":6.0,"enemies":"Shelled Parasite and Fungi","floor":27.0,"turns":2.0},{"damage":3.0,"enemies":"Snake Plant","floor":28.0,"turns":3.0},{"damage":0.0,"enemies":"Slavers","floor":29.0,"turns":1.0},{"damage":0.0,"enemies":"3 Cultists","floor":31.0,"turns":2.0},{"damage":9.0,"enemies":"Collector","floor":33.0,"turns":4.0},{"damage":0.0,"enemies":"3 Darklings","floor":35.0,"turns":2.0},{"damage":8.0,"enemies":"Nemesis","floor":41.0,"turns":5.0},{"damage":0,"enemies":"Orb Walker","floor":45,"turns":1},{"damage":5,"enemies":"Reptomancer","floor":46,"turns":2},{"damage":0,"enemies":"3 Darklings","floor":48,"turns":1},{"damage":11,"enemies":"Time Eater","floor":50,"turns":4}],"seed_played":"-1352119745587158197","potions_obtained":[{"floor":2.0,"key":"Explosive Potion"},{"floor":6.0,"key":"Block Potion"},{"floor":8.0,"key":"DistilledChaos"},{"floor":10.0,"key":"Explosive Potion"},{"floor":14.0,"key":"Fruit Juice"},{"floor":18.0,"key":"Strength Potion"},{"floor":25.0,"key":"Strength Potion"},{"floor":27.0,"key":"Strength Potion"},{"floor":31.0,"key":"Block Potion"},{"floor":33.0,"key":"Fire Potion"},{"floor":41.0,"key":"LiquidBronze"}],"is_trial":false,"path_per_floor":["M","M","$","?","?","E","M","E","T","M","R","E","$","M","R","B",null,"M","M","$","?","?","R","E","M","T","M","M","E","R","M","R","B",null,"M","?","?","?","$","R","E","R","T","R","M","E","?","M","R","B",null],"character_chosen":"THE_SILENT","items_purchased":["Infinite Blades","Acrobatics","Die Die Die","Ornamental Fan"],"campfire_rested":2,"item_purchase_floors":[3,13,20,39],"current_hp_per_floor":[77,77,77,77,77,51,48,45,45,47,47,42,42,42,42,38,89,85,84,84,84,84,84,73,78,78,82,84,89,89,89,89,85,89,89,89,89,89,89,89,81,81,81,81,81,76,76,76,76,65],"gold":11,"neow_bonus":"TEN_PERCENT_HP_BONUS","is_daily":false,"chose_seed":false,"campfire_upgraded":7,"win_rate":0.0,"timestamp":1613376211,"path_taken":["M","M","?","?","?","E","M","E","T","?","R","E","?","M","R","BOSS","M","M","$","?","?","R","E","M","T","?","M","E","R","M","R","BOSS","M","?","?","?","$","R","E","R","T","R","M","E","?","M","R","BOSS"],"items_purchased_type":["Card","Card","Card","Relic"],"build_version":"2020-12-22","purchased_purges":4,"victory":true,"max_hp_per_floor":[77,77,77,77,77,77,77,84,84,84,84,84,84,84,84,89,89,89,89,89,89,89,89,89,89,89,89,89,89,89,89,89,89,89,89,89,89,89,89,89,89,89,89,89,89,89,89,89,89,89],"card_choices":[{"not_picked":["Backflip","Dodge and Roll"],"picked":"Escape Plan","floor":1.0},{"not_picked":["Slice","Bane"],"picked":"Dodge and Roll","floor":2.0},{"not_picked":["Deflect","Deadly Poison"],"picked":"Corpse Explosion","floor":6.0},{"not_picked":["Slice","PiercingWail"],"picked":"Deadly Poison","floor":7.0},{"not_picked":["Cloak And Dagger","Deflect"],"picked":"PiercingWail","floor":8.0},{"not_picked":["Predator","Dodge and Roll"],"picked":"Noxious Fumes","floor":10.0},{"not_picked":["Poisoned Stab","Skewer"],"picked":"Footwork","floor":12.0},{"not_picked":["Caltrops","Backstab"],"picked":"Bouncing Flask","floor":14.0},{"not_picked":["Wraith Form v2","Glass Knife"],"picked":"Venomology","floor":16.0},{"not_picked":["Dodge and Roll","Escape Plan"],"picked":"Backflip+1","floor":18.0},{"not_picked":["Slice","Dodge and Roll+1"],"picked":"Bane+1","floor":19.0},{"not_picked":["Corpse Explosion","Deflect","Deadly Poison"],"picked":"SKIP","floor":24.0},{"not_picked":["Corpse Explosion","Deflect","Deadly Poison"],"picked":"SKIP","floor":24.0},{"not_picked":["Backflip+1","Dodge and Roll","Escape Plan"],"picked":"SKIP","floor":25.0},{"not_picked":["Backflip+1","Dodge and Roll","Escape Plan"],"picked":"SKIP","floor":27.0},{"not_picked":["Slice","Dodge and Roll+1"],"picked":"Bane+1","floor":28.0},{"not_picked":["After Image","Sucker Punch+1","Distraction"],"picked":"SKIP","floor":29.0},{"not_picked":["Crippling Poison","Finisher","Infinite Blades"],"picked":"SKIP","floor":31.0},{"not_picked":["Crippling Poison","Finisher","Infinite Blades"],"picked":"SKIP","floor":31.0},{"not_picked":["Unload","A Thousand Cuts"],"picked":"Bullet Time","floor":33.0},{"not_picked":["Flying Knee+1"],"picked":"SKIP","floor":35.0},{"not_picked":[],"picked":"Impatience","floor":38.0},{"not_picked":["Blur"],"picked":"SKIP","floor":41.0},{"not_picked":[],"picked":"Catalyst","floor":42.0},{"not_picked":["Backflip+1"],"picked":"SKIP","floor":45},{"not_picked":[],"picked":"Expertise+1","floor":46},{"not_picked":["Predator"],"picked":"SKIP","floor":48}],"player_experience":391599,"relics_obtained":[{"floor":6.0,"key":"Snake Skull"},{"floor":8.0,"key":"Strawberry"},{"floor":9.0,"key":"Toy Ornithopter"},{"floor":12.0,"key":"Centennial Puzzle"},{"floor":24.0,"key":"Bag of Marbles"},{"floor":26.0,"key":"PreservedInsect"},{"floor":29.0,"key":"Orichalcum"},{"floor":41.0,"key":"Dream Catcher"},{"floor":43.0,"key":"Bag of Preparation"},{"floor":46,"key":"Vajra"}],"event_choices":[{"damage_healed":0.0,"max_hp_gain":0.0,"max_hp_loss":0.0,"gold_gain":175.0,"event_name":"Liars Game","player_choice":"AGREE","floor":4.0,"gold_loss":0.0,"damage_taken":0.0,"cards_obtained":["Doubt"]},{"damage_healed":0.0,"max_hp_gain":0.0,"max_hp_loss":0.0,"gold_gain":100.0,"event_name":"Golden Shrine","player_choice":"Pray","floor":5.0,"gold_loss":0.0,"damage_taken":0.0},{"damage_healed":0.0,"max_hp_gain":0.0,"max_hp_loss":0.0,"gold_gain":0.0,"event_name":"The Mausoleum","player_choice":"Ignored","floor":21.0,"gold_loss":0.0,"damage_taken":0.0},{"damage_healed":0.0,"max_hp_gain":0.0,"max_hp_loss":0.0,"gold_gain":0.0,"event_name":"Wheel of Change","player_choice":"Cursed","floor":22.0,"gold_loss":0.0,"damage_taken":0.0,"cards_obtained":["Decay"]},{"damage_healed":0.0,"max_hp_gain":0.0,"max_hp_loss":0.0,"gold_gain":0.0,"event_name":"MindBloom","player_choice":"Upgrade","floor":36.0,"gold_loss":0.0,"damage_taken":0.0,"cards_upgraded":["Strike_G","Strike_G","Strike_G","Strike_G","Defend_G","Defend_G","Defend_G","Defend_G","Escape Plan","Infinite Blades","Corpse Explosion","Deadly Poison","PiercingWail","Noxious Fumes","Footwork","Venomology","Die Die Die","Bullet Time"],"relics_obtained":["Mark of the Bloom"]},{"cards_removed":["Defend_G"],"damage_healed":0.0,"max_hp_gain":0.0,"max_hp_loss":0.0,"gold_gain":0.0,"event_name":"Falling","player_choice":"Removed Skill","floor":37.0,"gold_loss":0.0,"damage_taken":0.0},{"damage_healed":0.0,"max_hp_gain":0.0,"max_hp_loss":0.0,"gold_gain":0.0,"event_name":"SensoryStone","player_choice":"Memory 1","floor":38.0,"gold_loss":0.0,"damage_taken":0.0},{"damage_healed":0,"gold_gain":0,"player_choice":"Paid","damage_taken":0,"relics_obtained":["Red Mask"],"max_hp_gain":0,"max_hp_loss":0,"event_name":"Tomb of Lord Red Mask","floor":47,"gold_loss":133}],"is_beta":false,"boss_relics":[{"not_picked":["Astrolabe","Sozu"],"picked":"Philosopher\u0027s Stone"},{"not_picked":["Runic Dome","Pandora\u0027s Box"],"picked":"Busted Crown"}],"items_purged_floors":[3,13,20,39],"is_endless":false,"potions_floor_spawned":[2,6,8,10,14,18,25,27,31,33,41,46],"ascension_level":0}}