{"host":"6xghz2lkudss8si6","time":1613409896,"event":{"mods":["AchievementEnabler","BaseMod","Colored Map","DeckTracker","Minty Spire (QoL Compilation)","Quick Restart","StSLib","SuperFastMode"],"gold_per_floor":[116,133,133,149,47,47,75,75,75,92,17,17,33,66,66,169,169,188,188,37,136,136,136,151,181,181,181,181,198,198,218,218,314,314,333,282,300,315,157,157,191,191,191,206,206,219,219,232,232,232],"floor_reached":51,"language":"KOR","playtime":3510,"items_purged":["Strike_B","Writhe","Strike_B+1"],"score":1082,"play_id":"b57de442-69d3-423d-9bef-690fab3ad40e","local_time":"20210216022456","is_ascension_mode":true,"campfire_choices":[{"data":"Defragment","floor":6,"key":"SMITH"},{"data":"Cold Snap","floor":8,"key":"SMITH"},{"data":"Cold Snap","floor":12,"key":"SMITH"},{"data":"Cold Snap","floor":15,"key":"SMITH"},{"data":"Capacitor","floor":23,"key":"SMITH"},{"floor":27,"key":"REST"},{"data":"Barrage","floor":32,"key":"SMITH"},{"data":"Buffer","floor":40,"key":"SMITH"},{"data":"Capacitor","floor":42,"key":"SMITH"},{"data":"Leap","floor":45,"key":"SMITH"},{"floor":49,"key":"REST"}],"circlet_count":0,"master_deck":["Strike_B+1","Defend_B+1","Defend_B+1","Defend_B+1","Defend_B+1","Zap","Dualcast","Cold Snap+1","Cold Snap+1","Defragment+1","Sweeping Beam","Cold Snap+1","Buffer+1","Capacitor+1","White Noise","Machine Learning","Genetic Algorithm","Hologram+1","Barrage+1","Leap+1","Seek","Ball Lightning","Capacitor+1","BootSequence+1","Shame","Hologram+1","Consume+1"],"relics":["Cracked Core","Turnip","Pocketwatch","Mercury Hourglass","Philosopher\u0027s Stone","Centennial Puzzle","Nunchaku","Sundial","FossilizedHelix","Cursed Key","Toy Ornithopter","White Beast Statue"],"acts_visited":["Exordium","TheCity","TheBeyond"],"potions_floor_usage":[13,14,33,33,33,41,50,50],"damage_taken":[{"damage":5,"enemies":"Small Slimes","floor":1,"turns":3},{"damage":0,"enemies":"2 Louse","floor":2,"turns":3},{"damage":0,"enemies":"Jaw Worm","floor":4,"turns":4},{"damage":16,"enemies":"Gremlin Nob","floor":7,"turns":6},{"damage":3,"enemies":"2 Fungi Beasts","floor":10,"turns":3},{"damage":2,"enemies":"3 Louse","floor":13,"turns":2},{"damage":12,"enemies":"3 Sentries","floor":14,"turns":6},{"damage":6,"enemies":"The Guardian","floor":16,"turns":13},{"damage":0,"enemies":"Chosen","floor":18,"turns":5},{"damage":9,"enemies":"Shell Parasite","floor":24,"turns":5},{"damage":27,"enemies":"Book of Stabbing","floor":25,"turns":6},{"damage":0,"enemies":"Centurion and Healer","floor":29,"turns":7},{"damage":0,"enemies":"Snecko","floor":31,"turns":5},{"damage":0,"enemies":"Collector","floor":33,"turns":7},{"damage":2,"enemies":"Orb Walker","floor":35,"turns":4},{"damage":4,"enemies":"3 Shapes","floor":37,"turns":4},{"damage":0,"enemies":"Transient","floor":38,"turns":5},{"damage":10,"enemies":"Reptomancer","floor":41,"turns":7},{"damage":1,"enemies":"Sphere and 2 Shapes","floor":44,"turns":4},{"damage":0,"enemies":"Spire Growth","floor":46,"turns":7},{"damage":0,"enemies":"Maw","floor":48,"turns":7},{"damage":0,"enemies":"Time Eater","floor":50,"turns":11}],"seed_played":"6328836368627059310","potions_obtained":[{"floor":1,"key":"Explosive Potion"},{"floor":7,"key":"SkillPotion"},{"floor":10,"key":"Swift Potion"},{"floor":24,"key":"PowerPotion"},{"floor":35,"key":"Explosive Potion"},{"floor":37,"key":"LiquidMemories"},{"floor":41,"key":"SkillPotion"},{"floor":44,"key":"DistilledChaos"}],"is_trial":false,"path_per_floor":["M","M","?","M","$","R","E","R","T","M","$","R","M","E","R","B",null,"M","?","$","?","?","R","M","E","T","R","?","M","T","M","R","B",null,"M","$","M","M","$","R","E","R","T","M","R","M","?","M","R","B",null],"character_chosen":"DEFECT","items_purchased":["Defragment","Sweeping Beam","PowerPotion","FocusPotion","Capacitor"],"campfire_rested":2,"item_purchase_floors":[5,5,20,36,39],"current_hp_per_floor":[70,70,70,70,70,70,54,54,54,51,51,51,49,37,37,31,69,69,69,69,69,69,69,60,33,33,57,57,57,57,57,57,57,76,74,74,70,70,70,70,60,60,60,59,59,59,59,59,82,82],"gold":232,"neow_bonus":"TEN_PERCENT_HP_BONUS","is_daily":false,"chose_seed":false,"campfire_upgraded":9,"win_rate":0.0,"timestamp":1613409896,"path_taken":["M","M","?","M","$","R","E","R","T","M","$","R","M","E","R","BOSS","M","?","$","?","?","R","M","E","T","R","?","M","?","?","R","BOSS","M","$","M","M","$","R","E","R","T","M","R","M","?","M","R","BOSS"],"items_purchased_type":["Card","Card","Potion","Potion","Card"],"build_version":"2020-12-22","purchased_purges":3,"victory":true,"max_hp_per_floor":[82,82,82,82,82,82,82,82,82,82,82,82,82,82,82,82,82,82,82,82,82,82,82,82,82,82,82,82,82,82,82,82,82,82,82,82,82,82,82,82,82,82,82,82,82,82,82,82,82,82],"card_choices":[{"not_picked":["Blizzard","Compile Driver"],"picked":"Cold Snap","floor":1},{"not_picked":["Static Discharge","Turbo"],"picked":"Cold Snap","floor":2},{"not_picked":["Streamline","Lockon","Go for the Eyes"],"picked":"SKIP","floor":4},{"not_picked":["Rip and Tear","Gash"],"picked":"Cold Snap","floor":7},{"not_picked":["Redo","Streamline"],"picked":"Buffer","floor":10},{"not_picked":["Compile Driver","Loop"],"picked":"Capacitor","floor":13},{"not_picked":["Gash","Streamline"],"picked":"White Noise","floor":14},{"not_picked":["Meteor Strike","All For One"],"picked":"Machine Learning","floor":16},{"not_picked":["Lockon+1","Force Field"],"picked":"Genetic Algorithm","floor":18},{"not_picked":["Chaos+1","Redo+1"],"picked":"Hologram+1","floor":24},{"not_picked":["Heatsinks+1","Hello World"],"picked":"Barrage","floor":25},{"not_picked":["Conserve Battery","Barrage"],"picked":"Leap","floor":29},{"not_picked":["Gash","Streamline","Redo"],"picked":"SKIP","floor":31},{"not_picked":["Machine Learning","Electrodynamics"],"picked":"Seek","floor":33},{"not_picked":["Hologram","Steam"],"picked":"Ball Lightning","floor":35},{"not_picked":["Reprogram","Steam","Barrage+1"],"picked":"SKIP","floor":37},{"not_picked":["Compile Driver+1","Gash","Self Repair"],"picked":"SKIP","floor":38},{"not_picked":["Meteor Strike","Sweeping Beam"],"picked":"BootSequence+1","floor":41},{"not_picked":["Rebound+1","Tempest","Barrage"],"picked":"SKIP","floor":44},{"not_picked":["Barrage+1","Beam Cell+1"],"picked":"Hologram+1","floor":46},{"not_picked":["Darkness+1","Redo"],"picked":"Consume+1","floor":48}],"player_experience":240859,"relics_obtained":[{"floor":7,"key":"Turnip"},{"floor":9,"key":"Pocketwatch"},{"floor":14,"key":"Mercury Hourglass"},{"floor":25,"key":"Nunchaku"},{"floor":26,"key":"Sundial"},{"floor":30,"key":"FossilizedHelix"},{"floor":41,"key":"Toy Ornithopter"},{"floor":43,"key":"White Beast Statue"}],"event_choices":[{"cards_removed":["Strike_B"],"damage_healed":0,"gold_gain":0,"player_choice":"Forget","damage_taken":0,"max_hp_gain":0,"max_hp_loss":0,"event_name":"Living Wall","floor":3,"gold_loss":0},{"damage_healed":0,"gold_gain":0,"player_choice":"Opened","damage_taken":0,"relics_obtained":["Centennial Puzzle"],"max_hp_gain":0,"max_hp_loss":0,"event_name":"The Mausoleum","floor":19,"gold_loss":0,"cards_obtained":["Writhe"]},{"damage_healed":0,"gold_gain":99,"player_choice":"Stole From Cult","damage_taken":0,"max_hp_gain":0,"max_hp_loss":0,"event_name":"Nest","floor":21,"gold_loss":0},{"damage_healed":0,"gold_gain":0,"player_choice":"Ignored","damage_taken":0,"max_hp_gain":0,"max_hp_loss":0,"event_name":"Ghosts","floor":22,"gold_loss":0},{"damage_healed":0,"gold_gain":0,"player_choice":"Simplicity","damage_taken":0,"max_hp_gain":0,"max_hp_loss":0,"event_name":"Back to Basics","floor":28,"gold_loss":0,"cards_upgraded":["Strike_B","Strike_B","Defend_B","Defend_B","Defend_B","Defend_B"]},{"damage_healed":0,"gold_gain":0,"player_choice":"Ignored","damage_taken":0,"max_hp_gain":0,"max_hp_loss":0,"event_name":"Mysterious Sphere","floor":47,"gold_loss":0}],"is_beta":false,"boss_relics":[{"not_picked":["Pandora\u0027s Box","Inserter"],"picked":"Philosopher\u0027s Stone"},{"not_picked":["Sozu","Runic Dome"],"picked":"Cursed Key"}],"items_purged_floors":[11,20,39],"is_endless":false,"potions_floor_spawned":[1,7,10,24,25,35,37,41,44,46,48],"ascension_level":8}}