{"host":"uv5ws9rdk87e8i5k","time":1613427556,"event":{"mods":["AchievementEnabler","BaseMod","Colored Map","Minty Spire (QoL Compilation)","Permanent Neow","Quick Restart","StSLib","SuperFastMode","The Necromancer"],"gold_per_floor":[116,130,130,144,162,198,198],"floor_reached":6,"language":"ENG","playtime":155,"items_purged":[],"score":50,"play_id":"f6bcd479-a403-4c12-9d1c-8e86f912faec","local_time":"20210215161916","is_ascension_mode":true,"campfire_choices":[],"circlet_count":0,"master_deck":["Strike_P","Strike_P","Strike_P","Defend_P","Defend_P","Defend_P","Defend_P","Eruption","Vigilance","CutThroughFate","Consecrate","CutThroughFate","EmptyMind","SignatureMove","LessonLearned"],"relics":["PureWater","Golden Idol","Incense Burner"],"acts_visited":["Exordium"],"potions_floor_usage":[6],"damage_taken":[{"damage":0,"enemies":"2 Louse","floor":1,"turns":2},{"damage":8,"enemies":"Jaw Worm","floor":2,"turns":4},{"damage":0,"enemies":"Cultist","floor":4,"turns":2},{"damage":11,"enemies":"3 Louse","floor":5,"turns":3},{"damage":14,"enemies":"3 Sentries","floor":6,"turns":6}],"seed_played":"2173089902137005416","potions_obtained":[{"floor":5,"key":"StancePotion"}],"is_trial":false,"path_per_floor":["M","M","?","M","M","E"],"character_chosen":"WATCHER","items_purchased":[],"campfire_rested":0,"item_purchase_floors":[],"current_hp_per_floor":[72,64,64,64,53,39,39],"gold":198,"neow_bonus":"TRANSFORM_CARD","is_daily":false,"chose_seed":false,"campfire_upgraded":0,"win_rate":0.0,"timestamp":1613427556,"path_taken":["M","M","?","M","M","E"],"items_purchased_type":[],"build_version":"2020-12-22","purchased_purges":0,"victory":false,"max_hp_per_floor":[72,72,67,67,67,67,67],"card_choices":[{"not_picked":["ThirdEye","EmptyBody"],"picked":"Consecrate","floor":1},{"not_picked":["MentalFortress","Protect"],"picked":"CutThroughFate","floor":2},{"not_picked":["Prostrate","ThirdEye"],"picked":"EmptyMind","floor":4},{"not_picked":["Prostrate","PathToVictory"],"picked":"SignatureMove","floor":5},{"not_picked":["FearNoEvil","EmptyBody"],"picked":"LessonLearned","floor":6}],"player_experience":196430,"relics_obtained":[{"floor":6,"key":"Incense Burner"}],"event_choices":[{"damage_healed":0,"gold_gain":0,"player_choice":"Lose Max HP","damage_taken":0,"relics_obtained":["Golden Idol"],"max_hp_gain":0,"max_hp_loss":5,"event_name":"Golden Idol","floor":3,"gold_loss":0}],"is_beta":false,"boss_relics":[],"items_purged_floors":[],"is_endless":false,"potions_floor_spawned":[5],"killed_by":"3 Sentries","ascension_level":1}}