{"host":"5jdby9iqu3ct6557","time":1613418173,"event":{"mods":["BaseMod","DeckTracker","Highlight Path","Minty Spire (QoL Compilation)","Relic Stats","StSLib","ojb\u0027s Info Mod"],"gold_per_floor":[20,40,60,75,75,105,105,124,124,156,170,198,34,50,50,127,127,140,140,190,209,224,224,258,258,258,273,283,283,318,243,243,315,315,325,325,325,116,131,163,163,163,163],"floor_reached":42,"language":"ENG","playtime":12823,"items_purged":["Strike_P"],"score":1426,"play_id":"d9acf9f4-afb4-4f3f-ac52-70c553197fb9","local_time":"20210215144253","is_ascension_mode":true,"campfire_choices":[{"floor":7.0,"key":"REST"},{"data":"Strike_P","floor":15.0,"key":"PURGE"},{"data":"TalkToTheHand","floor":23,"key":"SMITH"},{"data":"Scrawl","floor":25,"key":"SMITH"},{"data":"Establishment","floor":32,"key":"PURGE"},{"floor":41,"key":"RECALL"}],"circlet_count":0,"master_deck":["AscendersBane","Defend_P+1","Defend_P+1","Defend_P+1","Defend_P+1","Eruption+1","Vigilance+1","LessonLearned+1","FlyingSleeves+1","FearNoEvil+1","Tantrum+1","Wallop+1","Indignation+1","TalkToTheHand+1","Ragnarok+1","Conclude+1","MentalFortress+1","Devotion+1","CutThroughFate+1","EmptyBody+1","Scrawl+1","FlurryOfBlows","Pray+1","Indignation","Devotion+1","EmptyMind","MentalFortress+1","Fasting2","Scrawl+1"],"relics":["HolyWater","Peace Pipe","TeardropLocket","Akabeko","FossilizedHelix","Black Star","StrikeDummy","Bag of Preparation","White Beast Statue","Ice Cream","War Paint","Bottled Tornado","Frozen Eye","Toxic Egg 2","Pen Nib"],"acts_visited":["Exordium","TheCity","TheBeyond"],"potions_floor_usage":[18,28,42],"damage_taken":[{"damage":5.0,"enemies":"Small Slimes","floor":1.0,"turns":3.0},{"damage":0.0,"enemies":"Cultist","floor":2.0,"turns":3.0},{"damage":12.0,"enemies":"Jaw Worm","floor":3.0,"turns":4.0},{"damage":5.0,"enemies":"3 Louse","floor":4.0,"turns":3.0},{"damage":0.0,"enemies":"Lagavulin","floor":6.0,"turns":5.0},{"damage":0.0,"enemies":"Lots of Slimes","floor":8.0,"turns":4.0},{"damage":0.0,"enemies":"Gremlin Nob","floor":10.0,"turns":3.0},{"damage":0.0,"enemies":"Large Slime","floor":11.0,"turns":2.0},{"damage":8.0,"enemies":"3 Sentries","floor":12.0,"turns":4.0},{"damage":0.0,"enemies":"3 Louse","floor":14.0,"turns":3.0},{"damage":0.0,"enemies":"Slime Boss","floor":16.0,"turns":4.0},{"damage":0,"enemies":"2 Thieves","floor":18,"turns":2},{"damage":0,"enemies":"Spheric Guardian","floor":21,"turns":3},{"damage":6,"enemies":"3 Cultists","floor":22,"turns":4},{"damage":0,"enemies":"Book of Stabbing","floor":24,"turns":3},{"damage":0,"enemies":"Centurion and Healer","floor":27,"turns":2},{"damage":0,"enemies":"Snecko","floor":28,"turns":4},{"damage":0,"enemies":"Slavers","floor":30,"turns":3},{"damage":0,"enemies":"Champ","floor":33,"turns":9},{"damage":0,"enemies":"3 Shapes","floor":35,"turns":3},{"damage":0,"enemies":"Orb Walker","floor":39,"turns":3},{"damage":0,"enemies":"Giant Head","floor":40,"turns":3},{"damage":69,"enemies":"Reptomancer","floor":42,"turns":2}],"seed_played":"302633345681373604","potions_obtained":[{"floor":2.0,"key":"SteroidPotion"},{"floor":4.0,"key":"LiquidMemories"},{"floor":8.0,"key":"FearPotion"},{"floor":11.0,"key":"BlessingOfTheForge"},{"floor":14.0,"key":"DistilledChaos"},{"floor":24,"key":"Weak Potion"},{"floor":27,"key":"Regen Potion"},{"floor":28,"key":"Weak Potion"},{"floor":33,"key":"SteroidPotion"}],"is_trial":false,"path_per_floor":["M","M","M","M","?","E","R","M","T","E","M","E","$","M","R","B",null,"M","?","?","M","M","R","E","R","T","M","M","?","E","?","R","B",null,"M","T","?","$","M","E","R","E"],"character_chosen":"WATCHER","items_purchased":["Conclude","Frozen Eye","Fasting2"],"campfire_rested":1,"item_purchase_floors":[13,38,38],"current_hp_per_floor":[56,56,44,39,39,39,59,59,59,59,59,51,51,51,51,51,64,64,64,58,58,52,52,52,52,52,52,61,61,61,61,61,61,66,66,66,66,66,66,66,66,0,0],"gold":163,"neow_bonus":"THREE_RARE_CARDS","is_daily":false,"chose_seed":false,"campfire_upgraded":2,"win_rate":0.0,"timestamp":1613418173,"path_taken":["M","M","M","M","?","E","R","M","T","E","?","E","$","M","R","BOSS","BOSS","M","?","?","M","?","R","E","R","T","M","M","?","E","?","R","BOSS","M","?","?","$","?","E","R","E"],"items_purchased_type":["Card","Relic","Card"],"build_version":"2020-12-22","purchased_purges":1,"victory":false,"max_hp_per_floor":[68,68,68,68,68,68,68,68,68,68,68,68,68,68,68,68,68,68,68,68,68,68,68,68,68,68,68,68,68,68,68,68,68,68,68,68,68,68,68,68,68,68,68],"relic_stats":{"Peace Pipe":2,"counters":[23,79],"Pen Nib":[0],"Black Star":3,"Bag of Preparation":[16],"War Paint":["Defend_P","Defend_P"],"obtain_stats":[{"Ice Cream":30,"Pen Nib":40,"Bag of Preparation":24,"TeardropLocket":9,"War Paint":30,"Bottled Tornado":36,"Akabeko":10,"White Beast Statue":26,"Peace Pipe":6,"Frozen Eye":38,"HolyWater":34,"Black Star":17,"PureWater":0,"Toxic Egg 2":40,"StrikeDummy":24,"FossilizedHelix":12},{"Ice Cream":18,"Pen Nib":22,"Bag of Preparation":15,"TeardropLocket":6,"War Paint":18,"Bottled Tornado":20,"Akabeko":7,"White Beast Statue":15,"Peace Pipe":5,"Frozen Eye":20,"HolyWater":19,"Black Star":11,"PureWater":0,"Toxic Egg 2":22,"StrikeDummy":15,"FossilizedHelix":9},{"Ice Cream":59,"Pen Nib":77,"Bag of Preparation":50,"TeardropLocket":22,"War Paint":59,"Bottled Tornado":71,"Akabeko":25,"White Beast Statue":50,"Peace Pipe":18,"Frozen Eye":71,"HolyWater":68,"Black Star":38,"PureWater":0,"Toxic Egg 2":77,"StrikeDummy":50,"FossilizedHelix":31}]},"card_choices":[{"not_picked":["Wish","Omniscience"],"picked":"LessonLearned","floor":0.0},{"not_picked":["Halt","Consecrate"],"picked":"FlyingSleeves","floor":1.0},{"not_picked":["WreathOfFlame","Protect"],"picked":"FearNoEvil","floor":2.0},{"not_picked":["CrushJoints","EmptyBody"],"picked":"Tantrum","floor":3.0},{"not_picked":["FollowUp","Evaluate"],"picked":"Wallop","floor":4.0},{"not_picked":["FlyingSleeves","Consecrate"],"picked":"Indignation","floor":6.0},{"not_picked":["EmptyFist","FlyingSleeves"],"picked":"TalkToTheHand","floor":8.0},{"not_picked":["Sanctity","Weave"],"picked":"Ragnarok","floor":11.0},{"not_picked":["EmptyFist","CrushJoints","PathToVictory"],"picked":"SKIP","floor":12.0},{"not_picked":["Swivel","FlurryOfBlows"],"picked":"MentalFortress","floor":14.0},{"not_picked":["Judgement","DevaForm"],"picked":"Devotion","floor":16},{"not_picked":["Collect","Halt"],"picked":"CutThroughFate","floor":18},{"not_picked":["SashWhip","Evaluate"],"picked":"EmptyBody","floor":21},{"not_picked":["Swivel","CutThroughFate","SandsOfTime"],"picked":"SKIP","floor":22},{"not_picked":["Prostrate","Consecrate"],"picked":"Scrawl","floor":24},{"not_picked":["WreathOfFlame","EmptyBody"],"picked":"FlurryOfBlows","floor":27},{"not_picked":["Tantrum","FollowUp","WaveOfTheHand"],"picked":"SKIP","floor":28},{"not_picked":["BattleHymn","SashWhip","BowlingBash+1"],"picked":"SKIP","floor":30},{"not_picked":["SpiritShield","DevaForm"],"picked":"Devotion","floor":33},{"not_picked":["PathToVictory+1","Protect"],"picked":"EmptyMind","floor":35},{"not_picked":["WaveOfTheHand","Perseverance+1","CrushJoints"],"picked":"SKIP","floor":39},{"not_picked":["Prostrate+1","SandsOfTime"],"picked":"Scrawl+1","floor":40}],"player_experience":2743227,"relics_obtained":[{"floor":6.0,"key":"Peace Pipe"},{"floor":9.0,"key":"TeardropLocket"},{"floor":10.0,"key":"Akabeko"},{"floor":12.0,"key":"FossilizedHelix"},{"floor":24,"key":"StrikeDummy"},{"floor":24,"key":"Bag of Preparation"},{"floor":26,"key":"White Beast Statue"},{"floor":30,"key":"Ice Cream"},{"floor":30,"key":"War Paint"},{"floor":36,"key":"Bottled Tornado"},{"floor":40,"key":"Toxic Egg 2"},{"floor":40,"key":"Pen Nib"}],"event_choices":[{"damage_healed":0.0,"max_hp_gain":0.0,"max_hp_loss":0.0,"gold_gain":0.0,"event_name":"Lab","player_choice":"Got Potions","floor":5.0,"gold_loss":0.0,"damage_taken":0.0},{"damage_healed":0,"gold_gain":0,"player_choice":"Ignored","damage_taken":0,"max_hp_gain":0,"max_hp_loss":0,"event_name":"The Mausoleum","floor":19,"gold_loss":0},{"damage_healed":0,"gold_gain":50,"player_choice":"Touch","damage_taken":6,"max_hp_gain":0,"max_hp_loss":0,"event_name":"FaceTrader","floor":20,"gold_loss":0},{"damage_healed":0,"gold_gain":0,"player_choice":"Read","damage_taken":0,"max_hp_gain":0,"max_hp_loss":0,"event_name":"The Library","floor":29,"gold_loss":0,"cards_obtained":["Pray"]},{"damage_healed":0,"gold_gain":0,"cards_transformed":["Strike_P","Strike_P"],"player_choice":"Transformed Cards","damage_taken":0,"max_hp_gain":0,"max_hp_loss":0,"event_name":"Designer","floor":31,"gold_loss":75,"cards_obtained":["Indignation","Establishment"]},{"damage_healed":0,"gold_gain":0,"player_choice":"Copied","damage_taken":0,"max_hp_gain":0,"max_hp_loss":0,"event_name":"Duplicator","floor":37,"gold_loss":0,"cards_obtained":["MentalFortress"]}],"is_beta":false,"boss_relics":[{"not_picked":["SacredBark","Coffee Dripper"],"picked":"Black Star"},{"not_picked":["Empty Cage","Philosopher\u0027s Stone"],"picked":"HolyWater"}],"items_purged_floors":[13],"is_endless":false,"potions_floor_spawned":[2,4,8,11,12,14,24,27,28,30,33,35,39,40],"killed_by":"Reptomancer","ascension_level":20}}