{"host":"oq9vgnvl0fi8z8ha","time":1613407950,"event":{"mods":["BaseMod","Block Reminder","ChefMod","Curses Come First","Evolution","Fox Events","Highlight Path","Minty Spire (QoL Compilation)","Relic Stats","Smile Girya","StSLib","The Bug Knight","The Runesmith","Treasure Hunter","Unceasing Turn Reminder"],"gold_per_floor":[214,214,224,238,253,283,283,283,283],"floor_reached":8,"language":"ENG","playtime":487,"items_purged":[],"score":67,"play_id":"ee67f39d-b72c-49fe-99f2-2cc25f9672d0","local_time":"20210215095230","is_ascension_mode":true,"campfire_choices":[],"circlet_count":0,"master_deck":["Headbutt","Wild Strike","Strike_R","Strike_R","Strike_R","Defend_R","Defend_R","Defend_R","Bash","Armaments","Ghostly Armor","Cleave","Evolve","TH:Mimic","Cleave","Decay"],"relics":["Burning Blood","EVO:Axolotl","FossilizedHelix","Blood Vial"],"acts_visited":["Exordium"],"potions_floor_usage":[8],"damage_taken":[{"damage":8,"enemies":"2 Louse","floor":1,"turns":2},{"damage":0,"enemies":"Cultist","floor":3,"turns":3},{"damage":0,"enemies":"Jaw Worm","floor":4,"turns":2},{"damage":8,"enemies":"Lots of Slimes","floor":5,"turns":3},{"damage":55,"enemies":"Lagavulin","floor":6,"turns":9},{"damage":30,"enemies":"Gremlin Nob","floor":8,"turns":4}],"seed_played":"3793284243917393178","potions_obtained":[{"floor":1,"key":"Dexterity Potion"},{"floor":5,"key":"Energy Potion"}],"is_trial":false,"path_per_floor":["M","?","M","M","M","E","?","E"],"character_chosen":"IRONCLAD","items_purchased":[],"campfire_rested":0,"item_purchase_floors":[],"current_hp_per_floor":[54,54,60,66,64,15,15,0,0],"gold":283,"neow_bonus":"ONE_RARE_RELIC","is_daily":false,"chose_seed":false,"campfire_upgraded":0,"win_rate":0.0,"timestamp":1613407950,"path_taken":["M","?","M","M","?","E","?","E"],"items_purchased_type":[],"build_version":"2020-12-22","purchased_purges":0,"victory":false,"max_hp_per_floor":[80,80,80,80,80,80,80,80,80],"relic_stats":{"Blood Vial":2,"counters":[6,23],"obtain_stats":[{"Blood Vial":6,"EVO:Axolotl":0,"Burning Blood":0,"FossilizedHelix":0},{"Blood Vial":5,"EVO:Axolotl":0,"Burning Blood":0,"FossilizedHelix":0},{"Blood Vial":19,"EVO:Axolotl":0,"Burning Blood":0,"FossilizedHelix":0}],"Burning Blood":30},"card_choices":[{"not_picked":["Spot Weakness","Twin Strike"],"picked":"Armaments","floor":1},{"not_picked":["Warcry","Wild Strike"],"picked":"Ghostly Armor","floor":3},{"not_picked":["Shrug It Off","Body Slam"],"picked":"Cleave","floor":4},{"not_picked":["Combust","Flex"],"picked":"Evolve","floor":5},{"not_picked":["TH:TreasureMap"],"picked":"TH:Mimic","floor":6},{"not_picked":["Flex","Twin Strike"],"picked":"Cleave","floor":6}],"player_experience":218938,"relics_obtained":[{"floor":6,"key":"Blood Vial"}],"event_choices":[{"cards_removed":["Defend_R"],"damage_healed":0,"gold_gain":0,"player_choice":"Offered Basic","damage_taken":0,"max_hp_gain":0,"max_hp_loss":0,"event_name":"Bonfire Elementals","floor":2,"gold_loss":0},{"damage_healed":0,"gold_gain":0,"player_choice":"Cursed","damage_taken":0,"max_hp_gain":0,"max_hp_loss":0,"event_name":"Wheel of Change","floor":7,"gold_loss":0,"cards_obtained":["Decay"]}],"is_beta":false,"boss_relics":[],"items_purged_floors":[],"is_endless":false,"potions_floor_spawned":[1,5],"killed_by":"Gremlin Nob","ascension_level":3}}