{"host":"d8d3jqle49sogkjv","time":1613387849,"event":{"mods":["BaseMod","Colored Map","Colored Powertips","Minty Spire (QoL Compilation)","StSLib"],"gold_per_floor":[114,126,138,63,63,93,103,103,127,76,93,111,121,21,21,120,120,130,130,55,55,67,102,119,139,139,139,139,139,167,22,22,22,22],"floor_reached":33,"language":"ENG","playtime":1764,"items_purged":["Strike_G","Strike_G"],"score":431,"play_id":"bb99223a-3a73-43c7-9db3-48bb63cb0947","local_time":"20210215121729","is_ascension_mode":true,"campfire_choices":[{"floor":8,"key":"REST"},{"data":"Deadly Poison","floor":15,"key":"SMITH"},{"floor":27,"key":"REST"},{"data":"Adrenaline","floor":29,"key":"SMITH"},{"floor":32,"key":"REST"}],"circlet_count":0,"master_deck":["AscendersBane","Strike_G","Strike_G","Strike_G+1","Defend_G","Defend_G","Defend_G","Defend_G+1","Survivor","Neutralize","Poisoned Stab","Prepared","Dodge and Roll","Backflip","Acrobatics","Deadly Poison+1","Dodge and Roll","Adrenaline+1","Tactician","Backflip","Dagger Throw+1","Catalyst+1","Calculated Gamble+1","After Image"],"relics":["Sozu","Potion Belt","MealTicket","Nunchaku","HoveringKite","Strawberry","Paper Crane","Omamori","Membership Card"],"acts_visited":["Exordium","TheCity"],"potions_floor_usage":[],"damage_taken":[{"damage":0,"enemies":"2 Louse","floor":1,"turns":3},{"damage":0,"enemies":"Jaw Worm","floor":2,"turns":3},{"damage":7,"enemies":"Cultist","floor":3,"turns":4},{"damage":29,"enemies":"Lagavulin","floor":6,"turns":9},{"damage":3,"enemies":"Exordium Wildlife","floor":7,"turns":4},{"damage":9,"enemies":"Gremlin Gang","floor":11,"turns":6},{"damage":0,"enemies":"Blue Slaver","floor":12,"turns":5},{"damage":9,"enemies":"Red Slaver","floor":13,"turns":3},{"damage":25,"enemies":"The Guardian","floor":16,"turns":12},{"damage":0,"enemies":"Shell Parasite","floor":18,"turns":6},{"damage":13,"enemies":"Chosen","floor":22,"turns":5},{"damage":33,"enemies":"Slavers","floor":23,"turns":11},{"damage":10,"enemies":"Centurion and Healer","floor":24,"turns":8},{"damage":16,"enemies":"Snecko","floor":25,"turns":5},{"damage":37,"enemies":"Book of Stabbing","floor":30,"turns":6},{"damage":52,"enemies":"Automaton","floor":33,"turns":10}],"seed_played":"4190448635563062572","potions_obtained":[],"is_trial":false,"path_per_floor":["M","M","M","$","?","E","M","R","T","?","M","M","M","$","R","B",null,"M","?","?","$","M","E","M","M","T","R","?","R","E","$","R","B"],"character_chosen":"THE_SILENT","items_purchased":["Membership Card"],"campfire_rested":3,"item_purchase_floors":[31],"current_hp_per_floor":[63,63,56,56,42,13,10,31,31,31,22,22,13,28,28,3,53,53,53,53,68,55,29,19,3,3,26,51,51,14,29,52,0,0],"gold":22,"neow_bonus":"BOSS_RELIC","is_daily":false,"chose_seed":false,"campfire_upgraded":2,"win_rate":0.0,"timestamp":1613387849,"path_taken":["M","M","M","$","?","E","M","R","T","?","M","?","M","$","R","BOSS","M","?","?","?","?","E","M","M","T","R","?","R","E","$","R","BOSS"],"items_purchased_type":["Relic"],"build_version":"2020-12-22","purchased_purges":2,"victory":false,"max_hp_per_floor":[70,70,70,70,70,70,70,70,70,70,70,70,70,70,70,70,70,70,70,70,70,70,77,77,77,77,77,77,77,77,77,77,77,77],"card_choices":[{"not_picked":["Flying Knee","PiercingWail"],"picked":"Poisoned Stab","floor":1},{"not_picked":["Bouncing Flask","Dagger Spray"],"picked":"Prepared","floor":2},{"not_picked":["Flechettes","Deflect","Bullet Time"],"picked":"SKIP","floor":3},{"not_picked":["Well Laid Plans","Prepared"],"picked":"Dodge and Roll","floor":6},{"not_picked":["Acrobatics","Slice"],"picked":"Backflip","floor":7},{"not_picked":["Quick Slash","Flying Knee"],"picked":"Acrobatics","floor":11},{"not_picked":["Flying Knee","Dagger Throw"],"picked":"Deadly Poison","floor":12},{"not_picked":["Infinite Blades","Dagger Throw"],"picked":"Dodge and Roll","floor":13},{"not_picked":["Envenom","Storm of Steel"],"picked":"Adrenaline","floor":16},{"not_picked":["Deflect","Flying Knee"],"picked":"Tactician","floor":18},{"not_picked":["Caltrops","Dagger Spray"],"picked":"Backflip","floor":22},{"not_picked":["Distraction","Dodge and Roll"],"picked":"Dagger Throw+1","floor":23},{"not_picked":["Underhanded Strike","Poisoned Stab"],"picked":"Catalyst+1","floor":24},{"not_picked":["Quick Slash","Backflip"],"picked":"Calculated Gamble+1","floor":25},{"not_picked":["Endless Agony","Envenom"],"picked":"After Image","floor":30}],"player_experience":446028,"relics_obtained":[{"floor":6,"key":"Potion Belt"},{"floor":9,"key":"MealTicket"},{"floor":23,"key":"Strawberry"},{"floor":26,"key":"Paper Crane"},{"floor":30,"key":"Omamori"}],"event_choices":[{"damage_healed":0,"gold_gain":0,"player_choice":"Entered Light","damage_taken":14,"max_hp_gain":0,"max_hp_loss":0,"event_name":"Shining Light","floor":5,"gold_loss":0,"cards_upgraded":["Strike_G","Defend_G"]},{"damage_healed":0,"gold_gain":0,"player_choice":"Paid Gold","damage_taken":0,"relics_obtained":["Nunchaku"],"max_hp_gain":0,"max_hp_loss":0,"event_name":"WeMeetAgain","floor":10,"gold_loss":51},{"damage_healed":0,"gold_gain":0,"player_choice":"Ignored","damage_taken":0,"max_hp_gain":0,"max_hp_loss":0,"event_name":"Cursed Tome","floor":19,"gold_loss":0},{"cards_removed":["Defend_G"],"damage_healed":0,"gold_gain":0,"player_choice":"Gave Gold","damage_taken":0,"max_hp_gain":0,"max_hp_loss":0,"event_name":"Beggar","floor":20,"gold_loss":75},{"damage_healed":25,"gold_gain":0,"player_choice":"Heal","damage_taken":0,"max_hp_gain":0,"max_hp_loss":0,"event_name":"The Library","floor":28,"gold_loss":0}],"is_beta":false,"boss_relics":[{"not_picked":["Coffee Dripper","Snecko Eye"],"picked":"HoveringKite"}],"items_purged_floors":[4,14],"is_endless":false,"potions_floor_spawned":[3,6,7,13,24,30],"killed_by":"Automaton","ascension_level":10}}