{"host":"8rqsnaeml9gxb0kp","time":1613370321,"event":{"mods":["AchievementEnabler","BaseMod","Colored Powertips","Dark Map","Minty Spire (QoL Compilation)","Rare Cards Sparkle","Relic Stats","StSLib","slay the spire mod where everything is the same but ironclad has a cowboy hat"],"gold_per_floor":[117,133,150,8,22,22,32,32,32,32,43,43,43,63,63,165,165,176,176,176,176,187,187,22,54,130,130,145,245,275,288,288,392,392,406,406,416,416,429,429,463,463,463,463,473,473,473],"floor_reached":46,"language":"ENG","playtime":2767,"items_purged":["Defend_B"],"score":552,"play_id":"6a58fb04-8258-4e3b-bf76-859525782305","local_time":"20210214222521","is_ascension_mode":true,"campfire_choices":[{"floor":6.0,"key":"REST"},{"data":"Rip and Tear","floor":8.0,"key":"SMITH"},{"data":"Dualcast","floor":10.0,"key":"SMITH"},{"data":"Zap","floor":12.0,"key":"SMITH"},{"data":"Streamline","floor":15.0,"key":"SMITH"},{"data":"Echo Form","floor":23.0,"key":"SMITH"},{"data":"Defragment","floor":27.0,"key":"SMITH"},{"data":"Consume","floor":32,"key":"SMITH"},{"data":"Chaos","floor":40,"key":"SMITH"}],"circlet_count":0,"master_deck":["Strike_B","Strike_B","Strike_B","Defend_B","Defend_B","Defend_B","Zap+1","Dualcast+1","All For One","Cold Snap","Cold Snap","Rip and Tear+1","Streamline+1","Darkness","Undo","Steam","Echo Form+1","Self Repair","Hologram+1","Defragment+1","Chaos+1","Barrage","Coolheaded","White Noise+1","BootSequence","Consume+1","Seek+1","Aggregate+1","White Noise+1","Defragment","Glacier+1"],"relics":["Cracked Core","Mummified Hand","Philosopher\u0027s Stone","Bag of Marbles","Meat on the Bone","Ice Cream","Ornamental Fan","Dead Branch","Snecko Eye","Orichalcum","Sundial"],"acts_visited":["Exordium","TheCity","TheBeyond"],"potions_floor_usage":[33,41,41],"damage_taken":[{"damage":2.0,"enemies":"Jaw Worm","floor":1.0,"turns":3.0},{"damage":0.0,"enemies":"Cultist","floor":2.0,"turns":3.0},{"damage":0.0,"enemies":"2 Louse","floor":3.0,"turns":1.0},{"damage":28.0,"enemies":"Gremlin Gang","floor":5.0,"turns":4.0},{"damage":11.0,"enemies":"Large Slime","floor":7.0,"turns":5.0},{"damage":0.0,"enemies":"Exordium Wildlife","floor":11.0,"turns":3.0},{"damage":0.0,"enemies":"2 Fungi Beasts","floor":14.0,"turns":2.0},{"damage":13.0,"enemies":"Hexaghost","floor":16.0,"turns":8.0},{"damage":22.0,"enemies":"3 Byrds","floor":18.0,"turns":5.0},{"damage":0.0,"enemies":"Spheric Guardian","floor":22.0,"turns":3.0},{"damage":30.0,"enemies":"Slavers","floor":25.0,"turns":6.0},{"damage":0.0,"enemies":"Centurion and Healer","floor":28.0,"turns":6.0},{"damage":10.0,"enemies":"Colosseum Slavers","floor":29.0,"turns":5.0},{"damage":20.0,"enemies":"Colosseum Nobs","floor":29.0,"turns":4.0},{"damage":31,"enemies":"Book of Stabbing","floor":30,"turns":5},{"damage":7,"enemies":"Snecko","floor":31,"turns":4},{"damage":6,"enemies":"Champ","floor":33,"turns":7},{"damage":19,"enemies":"3 Shapes","floor":35,"turns":3},{"damage":20,"enemies":"Orb Walker","floor":37,"turns":3},{"damage":34,"enemies":"Spire Growth","floor":39,"turns":5},{"damage":14,"enemies":"Giant Head","floor":41,"turns":6},{"damage":9,"enemies":"Jaw Worm Horde","floor":45,"turns":3},{"damage":71,"enemies":"Nemesis","floor":46,"turns":6}],"seed_played":"5696049211493564383","potions_obtained":[{"floor":2.0,"key":"LiquidMemories"},{"floor":7.0,"key":"Swift Potion"},{"floor":16.0,"key":"PotionOfCapacity"},{"floor":22.0,"key":"BlessingOfTheForge"},{"floor":25.0,"key":"PowerPotion"},{"floor":28.0,"key":"Fruit Juice"},{"floor":31,"key":"Block Potion"},{"floor":37,"key":"Ancient Potion"}],"is_trial":false,"path_per_floor":["M","M","M","$","M","R","M","R","T","R","M","R","?","M","R","B",null,"M","?","$","?","M","R","$","E","T","R","M","?","E","M","R","B",null,"M","$","M","?","M","R","E","?","T","?","M","E"],"character_chosen":"DEFECT","items_purchased":["Rip and Tear","Defragment","Chaos","Barrage"],"campfire_rested":1,"item_purchase_floors":[4,24,24,24],"current_hp_per_floor":[52,52,52,52,24,46,35,35,35,35,35,35,35,35,35,22,75,53,53,53,53,60,60,60,44,44,44,51,47,35,47,47,55,75,56,56,55,55,40,40,57,57,57,57,48,0,0],"gold":473,"neow_bonus":"THREE_RARE_CARDS","is_daily":false,"chose_seed":false,"campfire_upgraded":8,"win_rate":0.0,"timestamp":1613370321,"path_taken":["M","M","M","$","M","R","M","R","T","R","M","R","?","?","R","BOSS","M","?","$","?","?","R","$","E","T","R","M","?","E","M","R","BOSS","M","$","M","?","M","R","E","?","T","?","M","E"],"items_purchased_type":["Card","Card","Card","Card"],"build_version":"2020-12-22","purchased_purges":1,"victory":false,"max_hp_per_floor":[75,75,75,75,75,75,75,75,75,75,75,75,75,75,75,75,75,75,75,75,75,75,75,75,75,75,75,75,75,75,75,75,75,75,75,75,75,75,75,75,80,80,80,80,80,80,80],"relic_stats":{"counters":[23,100],"Mummified Hand":[94],"Ornamental Fan":[20],"Sundial":[0],"Dead Branch":[23],"Snecko Eye":[52,38,52,41],"Orichalcum":[12],"obtain_stats":[{"Ice Cream":29,"Mummified Hand":9,"Ornamental Fan":29,"Sundial":43,"Dead Branch":30,"Snecko Eye":34,"Philosopher\u0027s Stone":17,"Bag of Marbles":25,"Orichalcum":41,"Cracked Core":0,"Meat on the Bone":26},{"Ice Cream":14,"Mummified Hand":5,"Ornamental Fan":14,"Sundial":21,"Dead Branch":15,"Snecko Eye":17,"Philosopher\u0027s Stone":8,"Bag of Marbles":11,"Orichalcum":21,"Cracked Core":0,"Meat on the Bone":11},{"Ice Cream":58,"Mummified Hand":16,"Ornamental Fan":58,"Sundial":91,"Dead Branch":63,"Snecko Eye":74,"Philosopher\u0027s Stone":29,"Bag of Marbles":43,"Orichalcum":91,"Cracked Core":0,"Meat on the Bone":43}],"Meat on the Bone":72},"card_choices":[{"not_picked":["Buffer","Core Surge"],"picked":"All For One","floor":0.0},{"not_picked":["Barrage","Steam"],"picked":"Cold Snap","floor":1.0},{"not_picked":["Capacitor","Double Energy"],"picked":"Cold Snap","floor":2.0},{"not_picked":["Turbo","Compile Driver"],"picked":"Go for the Eyes","floor":3.0},{"not_picked":["White Noise","Gash"],"picked":"Streamline","floor":5.0},{"not_picked":["Go for the Eyes","White Noise"],"picked":"Darkness","floor":7.0},{"not_picked":["Aggregate","Streamline"],"picked":"Undo","floor":11.0},{"not_picked":["Compile Driver","Turbo"],"picked":"Steam","floor":14.0},{"not_picked":["Hyperbeam","Biased Cognition"],"picked":"Echo Form","floor":16.0},{"not_picked":["Conserve Battery+1","Go for the Eyes"],"picked":"Self Repair","floor":18.0},{"not_picked":["Steam Power+1","Stack"],"picked":"Hologram+1","floor":22.0},{"not_picked":["Ball Lightning","Double Energy"],"picked":"Coolheaded","floor":25.0},{"not_picked":["Chaos","Melter","Undo"],"picked":"SKIP","floor":28.0},{"not_picked":["Barrage","Redo"],"picked":"White Noise+1","floor":29.0},{"not_picked":["Hyperbeam","Streamline"],"picked":"BootSequence","floor":30},{"not_picked":["Beam Cell","Rip and Tear+1"],"picked":"Consume","floor":31},{"not_picked":["Core Surge","Buffer"],"picked":"Seek","floor":33},{"not_picked":["Ball Lightning","Go for the Eyes+1"],"picked":"Aggregate+1","floor":35},{"not_picked":["Gash+1","Streamline"],"picked":"White Noise+1","floor":37},{"not_picked":["Hologram","Darkness","Stack"],"picked":"SKIP","floor":39},{"not_picked":["Force Field","Turbo+1"],"picked":"Defragment","floor":41},{"not_picked":["Coolheaded+1","BootSequence+1"],"picked":"Glacier+1","floor":45}],"player_experience":235009,"relics_obtained":[{"floor":9.0,"key":"Mummified Hand"},{"floor":25.0,"key":"Bag of Marbles"},{"floor":26.0,"key":"Meat on the Bone"},{"floor":29.0,"key":"Ice Cream"},{"floor":29.0,"key":"Ornamental Fan"},{"floor":30,"key":"Dead Branch"},{"floor":41,"key":"Orichalcum"},{"floor":43,"key":"Sundial"}],"event_choices":[{"cards_removed":["Strike_B"],"damage_healed":0.0,"max_hp_gain":0.0,"max_hp_loss":0.0,"gold_gain":0.0,"event_name":"Bonfire Elementals","player_choice":"Offered Basic","floor":13.0,"gold_loss":0.0,"damage_taken":0.0},{"damage_healed":0.0,"max_hp_gain":0.0,"max_hp_loss":0.0,"gold_gain":0.0,"event_name":"Vampires","player_choice":"Ignored","floor":19.0,"gold_loss":0.0,"damage_taken":0.0},{"damage_healed":0.0,"max_hp_gain":0.0,"max_hp_loss":0.0,"gold_gain":0.0,"event_name":"The Woman in Blue","player_choice":"Bought 0 Potions","floor":21.0,"gold_loss":0.0,"damage_taken":0.0},{"damage_healed":0.0,"max_hp_gain":0.0,"max_hp_loss":0.0,"gold_gain":0.0,"event_name":"Colosseum","player_choice":"Fight","floor":29.0,"gold_loss":0.0,"damage_taken":0.0},{"damage_healed":0.0,"max_hp_gain":0.0,"max_hp_loss":0.0,"gold_gain":0.0,"event_name":"Colosseum","player_choice":"Fought Nobs","floor":29.0,"gold_loss":0.0,"damage_taken":0.0},{"cards_removed":["Go for the Eyes"],"damage_healed":0,"gold_gain":0,"player_choice":"Removed Attack","damage_taken":0,"max_hp_gain":0,"max_hp_loss":0,"event_name":"Falling","floor":38,"gold_loss":0},{"damage_healed":0,"gold_gain":0,"player_choice":"Memory 1","damage_taken":0,"max_hp_gain":0,"max_hp_loss":0,"event_name":"SensoryStone","floor":42,"gold_loss":0},{"damage_healed":0,"gold_gain":0,"player_choice":"Forge","damage_taken":0,"max_hp_gain":0,"max_hp_loss":0,"event_name":"Accursed Blacksmith","floor":44,"gold_loss":0,"cards_upgraded":["Seek"]}],"is_beta":false,"boss_relics":[{"not_picked":["SacredBark","Busted Crown"],"picked":"Philosopher\u0027s Stone"},{"not_picked":["Empty Cage","Coffee Dripper"],"picked":"Snecko Eye"}],"items_purged_floors":[4],"is_endless":false,"potions_floor_spawned":[2,7,16,22,25,28,31,37],"killed_by":"Nemesis","ascension_level":3}}