{"host":"hnrafgucdht3qvsp","time":1613424877,"event":{"mods":["BaseMod","Bestiary","Colored Map","Downfall","Minty Spire (QoL Compilation)","Relic Stats","StSLib"],"gold_per_floor":[0,20,35,52,202,202,250,250,266,266,266,266],"floor_reached":10,"language":"ENG","playtime":350,"items_purged":[],"score":64,"play_id":"c973dc6d-3f95-4b7a-9cfb-60c4125aaf8a","local_time":"20210215163437","is_ascension_mode":true,"campfire_choices":[{"data":"champ:GladiatorForm","floor":1,"key":"SMITH"},{"data":"champ:Taunt","floor":6,"key":"SMITH"}],"circlet_count":0,"master_deck":["champ:Strike","champ:Strike","champ:Strike","champ:Strike","champ:Defend","champ:Defend","champ:Defend","champ:Defend","champ:Execute","champ:Taunt+1","champ:GladiatorForm+1","champ:BerserkersShout","champ:AdrenalArmor","downfall:Icky","champ:UltimateStance"],"relics":["champ:ChampionCrown"],"acts_visited":[],"potions_floor_usage":[],"damage_taken":[{"damage":27,"enemies":"Jaw Worm","floor":2,"turns":4},{"damage":15,"enemies":"Cultist","floor":3,"turns":4},{"damage":36,"enemies":"Small Slimes","floor":4,"turns":5},{"damage":49,"enemies":"Exordium Wildlife","floor":9,"turns":4},{"damage":54,"enemies":"3 Sentries","floor":10,"turns":3}],"seed_played":"-7770740448617301498","potions_obtained":[],"is_trial":false,"path_per_floor":["R","M","M","M","?","R","T","?","M","E"],"character_chosen":"THE_CHAMP","items_purchased":[],"campfire_rested":0,"item_purchase_floors":[],"current_hp_per_floor":[90,83,83,67,67,67,67,67,53,0,0,0],"gold":266,"neow_bonus":"THREE_RARE_CARDS","is_daily":false,"chose_seed":false,"campfire_upgraded":2,"win_rate":0.0,"timestamp":1613424877,"path_taken":["R","M","M","M","?","R","T","?","?","E"],"items_purchased_type":[],"build_version":"2020-12-22","purchased_purges":0,"victory":false,"max_hp_per_floor":[90,90,90,90,90,90,90,90,90,90,90,90],"relic_stats":{"counters":[5,20],"obtain_stats":[{"champ:ChampionCrown":0},{"champ:ChampionCrown":0},{"champ:ChampionCrown":0}]},"card_choices":[{"not_picked":["champ:VampiricStrike","champ:IgnorePain"],"picked":"champ:GladiatorForm","floor":0},{"not_picked":["champ:BladeFlurry","champ:ArenaPreparation"],"picked":"champ:BerserkersShout","floor":2},{"not_picked":["champ:EnGarde","champ:EndlessRage"],"picked":"champ:AdrenalArmor","floor":3},{"not_picked":["champ:BladeFlurry","champ:IronFortress","champ:Shatter"],"picked":"SKIP","floor":4},{"not_picked":["champ:FanOfKnives","champ:Shatter"],"picked":"champ:UltimateStance","floor":9}],"player_experience":649094,"relics_obtained":[],"event_choices":[],"is_beta":false,"boss_relics":[],"items_purged_floors":[],"is_endless":false,"potions_floor_spawned":[],"killed_by":"3 Sentries","ascension_level":2}}