{"host":"v86vpwf004p2esb7","time":1613380525,"event":{"mods":["AchievementEnabler","BaseMod","BetterRewards","Colored Powertips","Minty Spire (QoL Compilation)","Quick Restart","StSLib","Transform Curses"],"gold_per_floor":[116,116,291,308,326,361,361,390,390,390,390,422,422,450,450,549,549,563,563],"floor_reached":18,"language":"ENG","playtime":873,"items_purged":[],"score":216,"play_id":"f3ca83d4-966f-4ac5-b16a-68db164de061","local_time":"20210215011525","is_ascension_mode":true,"campfire_choices":[{"floor":7,"key":"REST"},{"floor":11,"key":"REST"},{"floor":13,"key":"REST"},{"data":"Limit Break","floor":15,"key":"SMITH"}],"circlet_count":0,"master_deck":["Strike_R","Strike_R","Strike_R","Strike_R","Strike_R","Defend_R","Defend_R","Defend_R","Defend_R+1","Bash","Feel No Pain","Dropkick+1","Body Slam","Anger","Thunderclap","Limit Break+1","Metallicize","Fire Breathing","Anger","Metallicize","Rage","Sword Boomerang","Wild Strike","Immolate"],"relics":["Burning Blood","StrikeDummy","Orrery","Red Skull","Self Forming Clay","Tiny Chest","Calipers","Potion Belt","Snecko Eye"],"acts_visited":["Exordium","TheCity"],"potions_floor_usage":[6,8,8],"damage_taken":[{"damage":2,"enemies":"2 Louse","floor":1,"turns":3},{"damage":7,"enemies":"Small Slimes","floor":4,"turns":3},{"damage":9,"enemies":"Jaw Worm","floor":5,"turns":3},{"damage":25,"enemies":"3 Sentries","floor":6,"turns":7},{"damage":9,"enemies":"Gremlin Nob","floor":8,"turns":4},{"damage":31,"enemies":"Lagavulin","floor":12,"turns":5},{"damage":10,"enemies":"Gremlin Nob","floor":14,"turns":3},{"damage":23,"enemies":"Slime Boss","floor":16,"turns":6},{"damage":27,"enemies":"3 Byrds","floor":18,"turns":7}],"seed_played":"4984811606846603658","potions_obtained":[{"floor":4,"key":"EssenceOfSteel"},{"floor":5,"key":"Weak Potion"},{"floor":6,"key":"FearPotion"},{"floor":18,"key":"Dexterity Potion"}],"is_trial":false,"path_per_floor":["M","?","?","M","M","E","R","E","T","?","R","E","R","E","R","B",null,"M"],"character_chosen":"IRONCLAD","items_purchased":["StrikeDummy","Feel No Pain","Orrery"],"campfire_rested":3,"item_purchase_floors":[0,0,0],"current_hp_per_floor":[48,32,32,31,28,9,33,30,30,23,47,22,46,42,42,25,80,59,59],"gold":563,"neow_bonus":"","is_daily":false,"chose_seed":false,"campfire_upgraded":1,"win_rate":0.0,"timestamp":1613380525,"path_taken":["M","?","?","M","M","E","R","E","T","?","R","E","R","E","R","BOSS","M"],"items_purchased_type":["Relic","Card","Relic"],"build_version":"2020-12-22","purchased_purges":0,"victory":false,"max_hp_per_floor":[80,80,80,80,80,80,80,80,80,80,80,80,80,80,80,80,80,80,80],"card_choices":[{"not_picked":["Disarm","Burning Pact"],"picked":"Dropkick","floor":0},{"not_picked":["Carnage","Blood for Blood"],"picked":"Body Slam","floor":0},{"not_picked":["Metallicize","Carnage"],"picked":"Anger","floor":0},{"not_picked":["Dark Embrace","Sever Soul"],"picked":"Thunderclap","floor":0},{"not_picked":["Shockwave","Warcry"],"picked":"Limit Break","floor":0},{"not_picked":["Heavy Blade","Perfected Strike"],"picked":"Metallicize","floor":1},{"not_picked":["Dark Embrace","Searing Blow"],"picked":"Fire Breathing","floor":4},{"not_picked":["Flex","Ghostly Armor"],"picked":"Anger","floor":5},{"not_picked":["Whirlwind","Fire Breathing"],"picked":"Metallicize","floor":6},{"not_picked":["Warcry","Wild Strike"],"picked":"Rage","floor":8},{"not_picked":["Whirlwind","Sever Soul"],"picked":"Sword Boomerang","floor":12},{"not_picked":["Whirlwind","True Grit"],"picked":"Wild Strike","floor":14},{"not_picked":["Brutality","Offering"],"picked":"Immolate","floor":16}],"player_experience":271989,"relics_obtained":[{"floor":6,"key":"Red Skull"},{"floor":8,"key":"Self Forming Clay"},{"floor":9,"key":"Tiny Chest"},{"floor":12,"key":"Calipers"},{"floor":14,"key":"Potion Belt"}],"event_choices":[{"damage_healed":0,"gold_gain":0,"player_choice":"Entered Light","damage_taken":16,"max_hp_gain":0,"max_hp_loss":0,"event_name":"Shining Light","floor":2,"gold_loss":0,"cards_upgraded":["Defend_R","Dropkick"]},{"damage_healed":0,"gold_gain":175,"player_choice":"AGREE","damage_taken":0,"max_hp_gain":0,"max_hp_loss":0,"event_name":"Liars Game","floor":3,"gold_loss":0,"cards_obtained":["Doubt"]},{"cards_removed":["Doubt"],"damage_healed":0,"gold_gain":0,"player_choice":"Card Removal","damage_taken":7,"max_hp_gain":0,"max_hp_loss":0,"event_name":"Golden Wing","floor":10,"gold_loss":0}],"is_beta":false,"boss_relics":[{"not_picked":["Sozu","Ectoplasm"],"picked":"Snecko Eye"}],"items_purged_floors":[],"is_endless":false,"potions_floor_spawned":[4,5,6,18],"killed_by":"3 Byrds","ascension_level":3}}