{"host":"c83fcgyuu74iknko","time":1613375162,"event":{"mods":["BaseMod","BetterRewards","Colored Map","Colored Powertips","Minty Spire (QoL Compilation)","Quick Restart","StSLib","The Animator","The Senshi"],"gold_per_floor":[118,134,164,164,164,196,196,213,213,229,245,245,265,279,279,382,382,393,403,433,134,150,150,206,206,206,220,170,170,187,15,15,114,114,131,143,159,109,129,129,144,194,194,194,38,38,38,87,87,87],"floor_reached":51,"language":"ENG","playtime":3301,"items_purged":["animator:Strike","animator:Strike","animator:Strike","animator:Defend","animator:Defend","animator:Defend_TenSura","animator:Strike_TenSura+1","animator:ChaikaTrabant"],"score":898,"play_id":"cb71cce5-22b8-413b-b098-82c1a893a594","local_time":"20210214234602","is_ascension_mode":false,"campfire_choices":[{"data":"animator:Benimaru","floor":12,"key":"SMITH"},{"data":"animator:Vesta","floor":15,"key":"SMITH"},{"data":"animator:Kaijin","floor":23,"key":"SMITH"},{"data":"animator:Millim+2","floor":29,"key":"SMITH"},{"data":"animator:Millim+3","floor":32,"key":"SMITH"},{"data":"animator:Millim+8","floor":40,"key":"SMITH"},{"data":"animator:Millim+11","floor":46,"key":"SMITH"},{"data":"animator:Millim+12","floor":49,"key":"SMITH"}],"circlet_count":0,"master_deck":["animator:Benimaru+1","animator:Shuna","animator:Shion","animator:Vesta+1","animator:Souei","animator:Kaijin+1","animator:Millim+13","animator:Shion+1","animator:Hakurou+1","animator:Shizu+1"],"relics":["animator:LivingPicture","animator:TheMissingPiece","theSenshi:FeatherClipsRelic","Smiling Mask","Bird Faced Urn","Sozu","Question Card","Molten Egg 2","Mercury Hourglass","animator:CerealBox","Velvet Choker","Ice Cream","Eternal Feather","Anchor","Incense Burner"],"acts_visited":["Exordium","TheCity","TheBeyond"],"potions_floor_usage":[6,33,33],"damage_taken":[{"damage":0,"enemies":"Small Slimes","floor":1,"turns":3},{"damage":0,"enemies":"Jaw Worm","floor":2,"turns":4},{"damage":0,"enemies":"2 Louse","floor":3,"turns":3},{"damage":32,"enemies":"Lagavulin","floor":6,"turns":4},{"damage":5,"enemies":"Exordium Thugs","floor":8,"turns":4},{"damage":10,"enemies":"Gremlin Gang","floor":10,"turns":6},{"damage":0,"enemies":"Looter","floor":11,"turns":4},{"damage":0,"enemies":"3 Louse","floor":13,"turns":4},{"damage":0,"enemies":"Exordium Wildlife","floor":14,"turns":3},{"damage":0,"enemies":"The Guardian","floor":16,"turns":9},{"damage":14,"enemies":"3 Byrds","floor":18,"turns":6},{"damage":0,"enemies":"Spheric Guardian","floor":19,"turns":3},{"damage":6,"enemies":"Snake Plant","floor":20,"turns":5},{"damage":3,"enemies":"Snecko","floor":22,"turns":4},{"damage":10,"enemies":"animator:HornedBat","floor":24,"turns":11},{"damage":7,"enemies":"3 Cultists","floor":27,"turns":4},{"damage":27,"enemies":"Snake Plant","floor":30,"turns":3},{"damage":38,"enemies":"Collector","floor":33,"turns":5},{"damage":23,"enemies":"3 Darklings","floor":35,"turns":4},{"damage":0,"enemies":"3 Shapes","floor":36,"turns":4},{"damage":6,"enemies":"Maw","floor":37,"turns":5},{"damage":19,"enemies":"Jaw Worm Horde","floor":39,"turns":3},{"damage":14,"enemies":"Spire Growth","floor":41,"turns":3},{"damage":0,"enemies":"Mind Bloom Boss Battle","floor":42,"turns":2},{"damage":28,"enemies":"2 Orb Walkers","floor":48,"turns":3},{"damage":42,"enemies":"Time Eater","floor":50,"turns":4}],"seed_played":"-6109702666922389504","potions_obtained":[{"floor":1,"key":"PowerPotion"},{"floor":3,"key":"Ancient Potion"},{"floor":8,"key":"GamblersBrew"},{"floor":11,"key":"Energy Potion"}],"is_trial":false,"path_per_floor":["M","M","M","?","?","E","?","M","T","M","M","R","M","M","R","B",null,"M","M","M","$","M","R","E","?","T","M","$","R","M","$","R","B",null,"M","M","M","$","M","R","M","?","T","?","$","R","?","?","R","B",null],"character_chosen":"THE_ANIMATOR","items_purchased":["Question Card","animator:CerealBox","Anchor"],"campfire_rested":0,"item_purchase_floors":[21,31,45],"current_hp_per_floor":[36,36,36,24,46,21,14,15,15,11,17,17,23,29,29,35,67,59,65,65,65,68,68,64,64,64,65,65,65,48,48,48,18,70,53,61,63,63,52,52,46,54,54,54,54,60,60,44,50,48],"gold":87,"neow_bonus":"","is_daily":false,"chose_seed":false,"campfire_upgraded":8,"win_rate":0.0,"timestamp":1613375162,"path_taken":["M","M","M","?","?","E","?","M","T","M","M","R","M","M","R","BOSS","M","M","M","$","M","R","E","?","T","M","$","R","M","?","R","BOSS","M","M","M","$","M","R","?","?","T","?","?","R","?","?","R","BOSS"],"items_purchased_type":["Relic","Relic","Relic"],"build_version":"2020-12-22","purchased_purges":8,"victory":true,"max_hp_per_floor":[66,66,66,66,66,67,67,67,67,67,67,67,67,67,67,67,67,67,67,67,67,68,68,68,68,68,68,68,68,70,70,70,70,70,70,70,70,70,70,70,70,70,70,70,70,70,70,70,70,70],"card_choices":[{"not_picked":["animator:Gillette","animator:Layla","animator:Mikaela"],"picked":"SKIP","floor":1},{"not_picked":["animator:Benimaru","animator:MumenRider","animator:Tatsumaki"],"picked":"SKIP","floor":2},{"not_picked":["animator:Layla","animator:Gillette"],"picked":"animator:Shion","floor":3},{"not_picked":["animator:Shuna","animator:Souei"],"picked":"animator:Vesta","floor":6},{"not_picked":["animator:Melzalgald","animator:SuzuneAmano","animator:DolaStephanie"],"picked":"SKIP","floor":8},{"not_picked":["animator:SilverFang","animator:Guy","animator:Yoichi"],"picked":"SKIP","floor":10},{"not_picked":["animator:Mitsuba","animator:AcuraAkari","animator:Demiurge"],"picked":"SKIP","floor":11},{"not_picked":["animator:Benimaru","animator:Shion"],"picked":"animator:Shuna","floor":13},{"not_picked":["animator:Sonic","animator:Mikaela","animator:Yoichi"],"picked":"SKIP","floor":14},{"not_picked":["animator:Shiro","animator:FeridBathory"],"picked":"animator:ChaikaTrabant","floor":16},{"not_picked":["animator:ChlammyZell","animator:SilverFang","animator:DolaCouronne"],"picked":"SKIP","floor":18},{"not_picked":["animator:Sebas","animator:Gillette","animator:NagisaMomoe+1"],"picked":"SKIP","floor":19},{"not_picked":["animator:Kaijin","animator:Benimaru"],"picked":"animator:Souei","floor":20},{"not_picked":["animator:IzunaHatsuse","animator:Yoichi+1","animator:Tatsumaki"],"picked":"animator:Kaijin","floor":22},{"not_picked":["animator:Sonic","animator:Shinoa","animator:Entoma+1"],"picked":"animator:Millim+1","floor":24},{"not_picked":["animator:Shalltear+1","animator:Mikaela+1","animator:Shigure+1"],"picked":"animator:Shion+1","floor":27},{"not_picked":["animator:Vesta","animator:Shion+1","animator:Kaijin"],"picked":"animator:Hakurou+1","floor":30},{"not_picked":["animator:Boros","animator:Saitama","animator:Guren"],"picked":"animator:Shizu+1","floor":33},{"not_picked":["animator:Shuna+1","animator:KyokoSakura+1","animator:Souei"],"picked":"animator:Millim+1","floor":35},{"not_picked":["animator:Viivi+1","animator:PandorasActor+1","animator:DolaRiku","animator:Mitsuba+1"],"picked":"SKIP","floor":36},{"not_picked":["animator:CrowleyEusford+1","animator:Mikaela+1","animator:KrulTepes+1","animator:OrikoMikuni+1"],"picked":"SKIP","floor":37},{"not_picked":["animator:Hakurou+1","animator:GazelDwargon","animator:Shuna"],"picked":"animator:Millim+1","floor":39},{"not_picked":["animator:Genos+1","animator:IzunaHatsuse","animator:FielNirvalen+1","animator:Cocytus+1"],"picked":"SKIP","floor":41},{"not_picked":["animator:Shiro","animator:Melzalgald+1","animator:Yoichi"],"picked":"animator:Millim+1","floor":42}],"player_experience":223475,"relics_obtained":[{"floor":6,"key":"Smiling Mask"},{"floor":9,"key":"Bird Faced Urn"},{"floor":24,"key":"Molten Egg 2"},{"floor":26,"key":"Mercury Hourglass"},{"floor":42,"key":"Ice Cream"},{"floor":43,"key":"Eternal Feather"},{"floor":48,"key":"Incense Burner"}],"event_choices":[{"damage_healed":0,"gold_gain":0,"player_choice":"Success","damage_taken":12,"relics_obtained":["theSenshi:FeatherClipsRelic"],"max_hp_gain":0,"max_hp_loss":0,"event_name":"Scrap Ooze","floor":4,"gold_loss":0},{"damage_healed":22,"gold_gain":0,"player_choice":"Banana","damage_taken":0,"max_hp_gain":0,"max_hp_loss":0,"event_name":"Big Fish","floor":5,"gold_loss":0},{"cards_removed":["animator:Defend"],"damage_healed":0,"gold_gain":0,"player_choice":"Card Removal","damage_taken":7,"max_hp_gain":0,"max_hp_loss":0,"event_name":"Golden Wing","floor":7,"gold_loss":0},{"damage_healed":0,"gold_gain":0,"player_choice":"Upgraded","damage_taken":0,"max_hp_gain":0,"max_hp_loss":0,"event_name":"Upgrade Shrine","floor":25,"gold_loss":0,"cards_upgraded":["animator:Millim"]},{"damage_healed":0,"gold_gain":0,"player_choice":"Fight","damage_taken":0,"max_hp_gain":0,"max_hp_loss":0,"event_name":"MindBloom","floor":42,"gold_loss":0},{"damage_healed":0,"gold_gain":0,"player_choice":"Ignored","damage_taken":0,"max_hp_gain":0,"max_hp_loss":0,"event_name":"Tomb of Lord Red Mask","floor":44,"gold_loss":0},{"cards_removed":["animator:Shuna"],"damage_healed":0,"gold_gain":0,"player_choice":"Removed Skill","damage_taken":0,"max_hp_gain":0,"max_hp_loss":0,"event_name":"Falling","floor":47,"gold_loss":0},{"damage_healed":0,"gold_gain":0,"player_choice":"Fight","damage_taken":0,"max_hp_gain":0,"max_hp_loss":0,"event_name":"Mysterious Sphere","floor":48,"gold_loss":0}],"is_beta":false,"boss_relics":[{"not_picked":["Astrolabe","Busted Crown"],"picked":"Sozu"},{"not_picked":["Black Star","Pandora\u0027s Box"],"picked":"Velvet Choker"}],"items_purged_floors":[0,0,0,0,21,28,31,38],"is_endless":false,"potions_floor_spawned":[1,3,8,11,20,22,24,35,36,42,48],"ascension_level":0}}