{"host":"yhipfp2q5jnlph7f","time":1613401447,"event":{"mods":["BaseMod","Minty Spire (QoL Compilation)","Quick Restart"],"gold_per_floor":[110,60,135,152,170,170,196,196,220,240,240,266,266,284,284,358,358,370,255,271,283,283,283,283,310,310,343,343,375,375,389,389,466,466,480,490,510,524,524,550,565,565,614,627,202,230,247,280,280,280],"floor_reached":51,"language":"JPN","playtime":6290,"items_purged":["Strike_B","Defend_B+1"],"score":1524,"play_id":"82edcac4-f667-42fd-80a1-06aac5390647","local_time":"20210216000407","is_ascension_mode":true,"campfire_choices":[{"data":"Zap","floor":6.0,"key":"SMITH"},{"data":"Dualcast","floor":8.0,"key":"SMITH"},{"data":"Blizzard","floor":11.0,"key":"SMITH"},{"data":"Coolheaded","floor":13.0,"key":"SMITH"},{"data":"Conserve Battery","floor":15.0,"key":"SMITH"},{"data":"Defragment","floor":23.0,"key":"SMITH"},{"data":"Double Energy","floor":28.0,"key":"SMITH"},{"data":"Seek","floor":30.0,"key":"SMITH"},{"data":"Defragment","floor":32.0,"key":"SMITH"},{"data":"Seek","floor":42.0,"key":"SMITH"},{"data":"Glacier","floor":49.0,"key":"SMITH"}],"circlet_count":0,"master_deck":["AscendersBane","Strike_B+1","Defend_B+1","Defend_B+1","Defend_B+1","Zap+1","Dualcast+1","Conserve Battery+1","Glacier+1","Blizzard+1","Coolheaded+1","Cold Snap","Seek+1","Cold Snap+1","Defragment+1","Echo Form","Double Energy+1","Defragment+1","Seek+1","Echo Form","Cold Snap","Blizzard+1","Cold Snap+1"],"relics":["Cracked Core","Mango","Omamori","War Paint","Orichalcum","Coffee Dripper","Kunai","Shuriken","Regal Pillow","Dream Catcher","Cursed Key","Bird Faced Urn","Art of War","Membership Card","Symbiotic Virus","Bag of Marbles","PreservedInsect","Prayer Wheel"],"acts_visited":["Exordium","TheCity","TheBeyond"],"potions_floor_usage":[50,50],"damage_taken":[{"damage":13.0,"enemies":"Jaw Worm","floor":1.0,"turns":4.0},{"damage":0.0,"enemies":"Small Slimes","floor":4.0,"turns":3.0},{"damage":0.0,"enemies":"Cultist","floor":5.0,"turns":4.0},{"damage":25.0,"enemies":"Lagavulin","floor":7.0,"turns":7.0},{"damage":0.0,"enemies":"Looter","floor":10.0,"turns":3.0},{"damage":7.0,"enemies":"3 Sentries","floor":12.0,"turns":5.0},{"damage":0.0,"enemies":"3 Louse","floor":14.0,"turns":4.0},{"damage":16.0,"enemies":"Hexaghost","floor":16.0,"turns":13.0},{"damage":4.0,"enemies":"Spheric Guardian","floor":18.0,"turns":6.0},{"damage":0.0,"enemies":"Chosen","floor":20.0,"turns":6.0},{"damage":0.0,"enemies":"Shelled Parasite and Fungi","floor":21.0,"turns":7.0},{"damage":26.0,"enemies":"Slavers","floor":25.0,"turns":5.0},{"damage":2.0,"enemies":"Book of Stabbing","floor":27.0,"turns":6.0},{"damage":19.0,"enemies":"Slavers","floor":29.0,"turns":5.0},{"damage":8.0,"enemies":"Snake Plant","floor":31.0,"turns":5.0},{"damage":0.0,"enemies":"Champ","floor":33.0,"turns":13.0},{"damage":0.0,"enemies":"3 Darklings","floor":35.0,"turns":4.0},{"damage":6.0,"enemies":"Orb Walker","floor":36.0,"turns":4.0},{"damage":6.0,"enemies":"Spire Growth","floor":37.0,"turns":6.0},{"damage":0.0,"enemies":"Maw","floor":38.0,"turns":8.0},{"damage":0.0,"enemies":"Giant Head","floor":40.0,"turns":9.0},{"damage":6.0,"enemies":"Jaw Worm Horde","floor":41.0,"turns":4.0},{"damage":8.0,"enemies":"Spire Growth","floor":44.0,"turns":6.0},{"damage":3.0,"enemies":"Nemesis","floor":46.0,"turns":9.0},{"damage":3.0,"enemies":"Writhing Mass","floor":47.0,"turns":6.0},{"damage":0.0,"enemies":"Giant Head","floor":48.0,"turns":6.0},{"damage":41,"enemies":"Awakened One","floor":50,"turns":12}],"seed_played":"-3255762813403614535","potions_obtained":[{"floor":5.0,"key":"SkillPotion"},{"floor":7.0,"key":"AttackPotion"},{"floor":14.0,"key":"CultistPotion"},{"floor":18.0,"key":"Block Potion"},{"floor":27.0,"key":"Strength Potion"},{"floor":37.0,"key":"Energy Potion"},{"floor":40.0,"key":"Weak Potion"},{"floor":41.0,"key":"PotionOfCapacity"}],"is_trial":false,"path_per_floor":["M","?","?","M","M","R","E","R","T","M","R","E","R","M","R","B",null,"M","$","M","M","?","R","?","E","T","E","R","E","R","M","R","B",null,"M","M","M","M","?","E","M","R","T","M","$","E","M","E","R","B",null],"character_chosen":"DEFECT","items_purchased":["Defragment","Membership Card","Symbiotic Virus","Bag of Marbles","Cold Snap"],"campfire_rested":0,"item_purchase_floors":[19,45,45,45,45],"current_hp_per_floor":[65,65,54,54,54,54,29,29,29,29,29,22,22,22,22,6,65,61,61,61,61,61,61,61,35,35,33,33,14,14,6,6,6,65,65,59,53,53,74,74,78,78,78,80,80,85,85,85,85,52],"gold":280,"neow_bonus":"ONE_RARE_RELIC","is_daily":false,"chose_seed":false,"campfire_upgraded":11,"win_rate":0.0,"timestamp":1613401447,"path_taken":["M","?","?","M","M","R","E","R","T","M","R","E","R","M","R","BOSS","M","$","M","M","?","R","?","E","T","E","R","E","R","M","R","BOSS","M","M","M","M","?","E","M","R","T","M","$","E","M","E","R","BOSS"],"items_purchased_type":["Card","Relic","Relic","Relic","Card"],"build_version":"2020-12-22","purchased_purges":2,"victory":true,"max_hp_per_floor":[85,85,85,85,85,85,85,85,85,85,85,85,85,85,85,85,85,85,85,85,85,85,85,85,85,85,85,85,85,85,85,85,85,85,85,85,85,85,85,85,85,85,85,85,85,85,85,85,85,85],"card_choices":[{"not_picked":["Turbo","Genetic Algorithm","Melter"],"picked":"SKIP","floor":1.0},{"not_picked":["Barrage","Leap","Beam Cell"],"picked":"SKIP","floor":4.0},{"not_picked":["Tempest","Scrape"],"picked":"Conserve Battery","floor":5.0},{"not_picked":["Cold Snap","Streamline"],"picked":"Glacier","floor":7.0},{"not_picked":["Gash","Scrape"],"picked":"Blizzard","floor":10.0},{"not_picked":["Multi-Cast","Beam Cell"],"picked":"Coolheaded","floor":12.0},{"not_picked":["Self Repair","Compile Driver"],"picked":"Cold Snap","floor":14.0},{"not_picked":["Multi-Cast","Amplify"],"picked":"Seek","floor":16.0},{"not_picked":["Sunder","Rebound+1"],"picked":"Cold Snap+1","floor":18.0},{"not_picked":["Genetic Algorithm+1","Ball Lightning","Redo"],"picked":"SKIP","floor":20.0},{"not_picked":["Double Energy","Sweeping Beam+1","Redo"],"picked":"SKIP","floor":21.0},{"not_picked":["Consume","Loop","Redo"],"picked":"SKIP","floor":25.0},{"not_picked":["Beam Cell","Ball Lightning+1","Go for the Eyes"],"picked":"SKIP","floor":27.0},{"not_picked":["Undo","FTL"],"picked":"Defragment","floor":29.0},{"not_picked":["Stack","Conserve Battery","Double Energy"],"picked":"SKIP","floor":31.0},{"not_picked":["Meteor Strike","Fission"],"picked":"Seek","floor":33.0},{"not_picked":["Aggregate+1","Compile Driver","Barrage+1"],"picked":"SKIP","floor":35.0},{"not_picked":["Beam Cell","Turbo+1","Loop"],"picked":"SKIP","floor":36.0},{"not_picked":["BootSequence","Auto Shields","Turbo"],"picked":"SKIP","floor":37.0},{"not_picked":["Rebound","Barrage","Rip and Tear"],"picked":"SKIP","floor":38.0},{"not_picked":["Chaos","Blizzard"],"picked":"Echo Form","floor":40.0},{"not_picked":["Gash","Undo+1","Storm+1"],"picked":"SKIP","floor":41.0},{"not_picked":["FTL","Storm","Redo+1"],"picked":"SKIP","floor":44.0},{"not_picked":["Rainbow","Redo"],"picked":"Blizzard+1","floor":46.0},{"not_picked":["Compile Driver","Stack","Turbo"],"picked":"SKIP","floor":47.0},{"not_picked":["Gash","Storm"],"picked":"Cold Snap+1","floor":48.0}],"player_experience":1894204,"relics_obtained":[{"floor":7.0,"key":"Omamori"},{"floor":9.0,"key":"War Paint"},{"floor":12.0,"key":"Orichalcum"},{"floor":25.0,"key":"Kunai"},{"floor":26.0,"key":"Shuriken"},{"floor":27.0,"key":"Regal Pillow"},{"floor":29.0,"key":"Dream Catcher"},{"floor":40.0,"key":"Bird Faced Urn"},{"floor":43.0,"key":"Art of War"},{"floor":46.0,"key":"PreservedInsect"},{"floor":48.0,"key":"Prayer Wheel"}],"event_choices":[{"cards_removed":["Pain"],"damage_healed":0.0,"max_hp_gain":0.0,"max_hp_loss":0.0,"gold_gain":0.0,"event_name":"The Cleric","player_choice":"Card Removal","floor":2.0,"gold_loss":50.0,"damage_taken":0.0},{"damage_healed":0.0,"max_hp_gain":0.0,"max_hp_loss":0.0,"gold_gain":75.0,"event_name":"World of Goop","player_choice":"Gather Gold","floor":3.0,"gold_loss":0.0,"damage_taken":11.0},{"damage_healed":0.0,"max_hp_gain":0.0,"max_hp_loss":0.0,"gold_gain":0.0,"event_name":"Back to Basics","player_choice":"Simplicity","floor":22.0,"gold_loss":0.0,"damage_taken":0.0,"cards_upgraded":["Strike_B","Strike_B","Strike_B","Defend_B","Defend_B"]},{"damage_healed":0.0,"max_hp_gain":0.0,"max_hp_loss":0.0,"gold_gain":0.0,"cards_transformed":["Strike_B","Strike_B"],"event_name":"Drug Dealer","player_choice":"Became Test Subject","floor":24.0,"gold_loss":0.0,"damage_taken":0.0,"cards_obtained":["Echo Form","Double Energy"]},{"damage_healed":21.0,"max_hp_gain":0.0,"max_hp_loss":0.0,"gold_gain":0.0,"event_name":"Winding Halls","player_choice":"Writhe","floor":39.0,"gold_loss":0.0,"damage_taken":0.0,"cards_obtained":["Writhe"]}],"is_beta":false,"boss_relics":[{"not_picked":["SlaversCollar","Empty Cage"],"picked":"Coffee Dripper"},{"not_picked":["Busted Crown","Fusion Hammer"],"picked":"Cursed Key"}],"items_purged_floors":[19,45],"is_endless":false,"potions_floor_spawned":[5,7,14,18,20,27,29,37,40,41,47,48],"ascension_level":14}}