{"host":"ormi09wwzv7sq47a","time":1613350113,"event":{"mods":["2.2 Compatiblity","AchievementEnabler","Act Like it!","BaseMod","Bestiary","Better Altar","Better Note","Better Sensory Stone","Better Silent Start","Better Skull","Better Third Choice","Better Vampires","BetterRewards","Block Reminder","Card Forge","Colored Map","Colored Powertips","Curses Come First","DeckTracker","Downfall","Highlight Path","Minty Spire (QoL Compilation)","Permanent Neow","Quick Restart","Rare Cards Sparkle","Relic Stats","Shop Mod","StSLib","The Jungle"],"gold_per_floor":[113,132,207,207,61,61,74,74,74,74,74,74,74,93,93,190,190,209,219,219,70,70,100,100,135,135,135,135,161,172,189,189,285,285,299,299,299,346,103,103,121,121,121,131,131,150,175,188,188,188,188,188,38,63,63,63,63],"floor_reached":55,"language":"ENG","playtime":3049,"items_purged":["champ:Strike","champ:Strike"],"score":1161,"play_id":"498a9a1b-a2df-4f48-b238-91ae3b41f9bb","local_time":"20210214214833","is_ascension_mode":true,"campfire_choices":[{"data":"champ:TornadoPunch","floor":6.0,"key":"SMITH"},{"data":"champ:FancyFootwork","floor":8.0,"key":"SMITH"},{"data":"Mayhem","floor":13.0,"key":"SMITH"},{"data":"champ:ShieldWall","floor":15.0,"key":"SMITH"},{"data":"champ:UltimateStance","floor":24.0,"key":"SMITH"},{"data":"champ:RisingSlash","floor":28.0,"key":"SMITH"},{"floor":32.0,"key":"REST"},{"floor":40,"key":"REST"},{"data":"champ:EnchantSword","floor":42,"key":"SMITH"},{"floor":45,"key":"RECALL"},{"data":"champ:IgnorePain","floor":49,"key":"SMITH"},{"data":"champ:GutPunch","floor":52,"key":"SMITH"}],"circlet_count":0,"master_deck":["champ:Strike","champ:Defend","champ:Defend","champ:Defend","champ:Execute+1","champ:Taunt","champ:TornadoPunch+1","champ:ShieldWall+1","champ:FancyFootwork+1","Mayhem+1","champ:RisingSlash+1","champ:UltimateStance+1","CurseOfTheBell","champ:Backstep+1","champ:TornadoPunch+1","champ:GutPunch+1","champ:Duel+1","champ:AdrenalArmor+1","champ:IgnorePain+1","champ:EnchantSword+1","champ:EnGarde+1","champ:EnGarde+1","champ:VampiricStrike","champ:FlashCut+1","champ:IronFortress"],"relics":["champ:ChampionCrown","Hammer of Thor","Seething Fire","Anvil of the Gods","Bag of Preparation","Mango","champ:DuelingGlove","Akabeko","Calling Bell","Toy Ornithopter","Gremlin Horn","WingedGreaves","Blood Vial","Medical Kit","Calipers","Turnip","Regal Pillow","champ:GladiatorsBookOfMartialProwess","Empty Cage","FossilizedHelix","Slimebound:StickyStick","Ice Cream","Dream Catcher","Anchor","hexamod:BolsterEngine"],"acts_visited":["Exordium","TheCity","TheBeyond","TheEnding"],"potions_floor_usage":[48,54,54,55,55,55],"damage_taken":[{"damage":10.0,"enemies":"Jaw Worm","floor":1.0,"turns":3.0},{"damage":0.0,"enemies":"2 Louse","floor":2.0,"turns":2.0},{"damage":10.0,"enemies":"Cultist","floor":7.0,"turns":2.0},{"damage":0.0,"enemies":"Exordium Wildlife","floor":14.0,"turns":2.0},{"damage":20.0,"enemies":"Slime Boss","floor":16.0,"turns":6.0},{"damage":22.0,"enemies":"Spheric Guardian","floor":18.0,"turns":5.0},{"damage":23.0,"enemies":"3 Byrds","floor":19.0,"turns":3.0},{"damage":27.0,"enemies":"Book of Stabbing","floor":23.0,"turns":6.0},{"damage":50.0,"enemies":"Gremlin Leader","floor":25.0,"turns":5.0},{"damage":63.0,"enemies":"Book of Stabbing","floor":29.0,"turns":6.0},{"damage":35.0,"enemies":"Snecko","floor":30.0,"turns":4.0},{"damage":20.0,"enemies":"Shelled Parasite and Fungi","floor":31.0,"turns":3.0},{"damage":62.0,"enemies":"Champ","floor":33.0,"turns":11.0},{"damage":19.0,"enemies":"3 Shapes","floor":35.0,"turns":4.0},{"damage":76.0,"enemies":"2 Orb Walkers","floor":38.0,"turns":5.0},{"damage":0,"enemies":"Orb Walker","floor":41,"turns":2},{"damage":60,"enemies":"Maw","floor":44,"turns":7},{"damage":62,"enemies":"Jaw Worm Horde","floor":46,"turns":5},{"damage":36,"enemies":"Nemesis","floor":47,"turns":7},{"damage":15,"enemies":"4 Shapes","floor":48,"turns":2},{"damage":95,"enemies":"Awakened One","floor":50,"turns":14},{"damage":118,"enemies":"Shield and Spear","floor":54,"turns":9},{"damage":81,"enemies":"The Heart","floor":55,"turns":6}],"seed_played":"663012065573828493","potions_obtained":[{"floor":7.0,"key":"PowerPotion"},{"floor":16.0,"key":"DuplicationPotion"},{"floor":18.0,"key":"SkillPotion"},{"floor":19.0,"key":"EntropicBrew"},{"floor":29.0,"key":"Dexterity Potion"},{"floor":33.0,"key":"hexamod:SoulburnPotion"},{"floor":44,"key":"Ancient Potion"},{"floor":47,"key":"Block Potion"},{"floor":54,"key":"EntropicBrew"}],"is_trial":false,"path_per_floor":["M","M","?","?","$","R","M","R","T","?","$","?","R","M","R","B",null,"M","M","?","$","?","E","R","E","T","?","R","E","M","M","R","B",null,"M","?","?","?","$","R","M","R","T","M","R","M","E","M","R","B",null,"R","$","E","B"],"character_chosen":"THE_CHAMP","items_purchased":["Bag of Preparation","champ:TornadoPunch","Akabeko","Medical Kit","Slimebound:StickyStick","Anchor"],"campfire_rested":2,"item_purchase_floors":[0,0,5,21,39,53],"current_hp_per_floor":[63,63,52,35,35,35,35,35,35,40,40,40,40,40,40,40,109,102,104,76,76,76,61,61,63,63,63,63,32,14,21,68,43,109,95,95,95,36,36,82,84,84,84,96,96,86,87,94,94,67,104,104,104,38,0,0,0],"gold":63,"neow_bonus":"","is_daily":false,"chose_seed":false,"campfire_upgraded":9,"win_rate":0.0,"timestamp":1613350113,"path_taken":["M","M","?","?","$","R","?","R","T","?","?","?","R","M","R","BOSS","M","M","?","$","?","E","R","E","T","?","R","E","M","M","R","BOSS","M","?","?","?","$","R","M","R","T","M","R","M","E","M","R","BOSS","R","$","E","BOSS"],"items_purchased_type":["Relic","Card","Relic","Relic","Relic","Relic"],"build_version":"2020-12-22","purchased_purges":2,"victory":false,"max_hp_per_floor":[104,104,104,104,104,104,104,104,104,109,109,109,109,109,109,109,109,109,109,109,109,109,109,109,109,109,109,109,109,109,109,109,109,109,109,104,104,104,104,104,104,104,104,104,104,104,104,104,104,104,104,104,104,104,104,104,104],"relic_stats":{"Blood Vial":28,"Regal Pillow":30,"Dream Catcher":0,"Gremlin Horn":[20,20],"counters":[452,2125],"Turnip":[9],"Bag of Preparation":[46],"Medical Kit":[20],"obtain_stats":[{"Guardian:StasisEgg":37,"Ginger":0,"Whetstone":26,"Sling":0,"Boot":53,"Old Coin":43,"Guardian:PickAxe":14,"Blood Vial":23,"Sundial":30,"MealTicket":0,"Kunai":53,"MerchantsRug":21,"Pear":40,"Blue Candle":0,"Eternal Feather":9,"Pen Nib":44,"Guardian:PocketSentry":6,"Akabeko":0,"MutagenicStrength":22,"Bird Faced Urn":0,"Snecko Eye":17,"Pandora\u0027s Box":34,"StrikeDummy":43,"Unceasing Top":7,"Guardian:StasisSlotReductionRelic":17,"Lantern":29,"Regal Pillow":7,"Torii":12,"Singing Bowl":21,"Guardian:StasisCodex":54,"StoneCalendar":38,"champ:ChampionCrown":0,"Bag of Preparation":21,"Ancient Tea Set":26,"Smiling Mask":30,"Cursed Key":17,"Matryoshka":9,"Shovel":40,"WingedGreaves":37,"InkBottle":47,"Lee\u0027s Waffle":0,"Golden Idol":13,"Thread and Needle":12,"PreservedInsect":17,"The Courier":34,"Omamori":46,"Seething Fire":0,"Frozen Egg 2":9,"MawBank":9,"champ:GladiatorsBookOfMartialProwess":29,"Ornamental Fan":45,"betterThird:SlimedRelic":2,"Turnip":0,"Art of War":48,"Bottled Lightning":26,"hexamod:BolsterEngine":13,"Toy Ornithopter":44,"Ice Cream":31,"champ:DuelingGlove":0,"Calipers":30,"Tiny House":17,"Gremlin Horn":26,"Nilry\u0027s Codex":25,"CeramicFish":7,"Vajra":31,"Guardian:SackOfGems":23,"Hammer of Thor":0,"Lizard Tail":0,"Centennial Puzzle":29,"HornCleat":22,"DollysMirror":31,"Strawberry":10,"Prayer Wheel":17,"Philosopher\u0027s Stone":34,"Toxic Egg 2":29,"Girya":10,"Guardian:BottledStasis":36,"Happy Flower":54,"Astrolabe":17,"Dead Branch":0,"Guardian:ModeShifter":0,"Oddly Smooth Stone":37,"Letter Opener":9,"War Paint":9,"Question Card":40,"Du-Vu Doll":0,"OrangePellets":0,"Bottled Flame":26,"Shuriken":26,"Anvil of the Gods":0,"Bronze Scales":0,"Black Star":34,"Nloth\u0027s Gift":22,"Pocketwatch":7,"Meat on the Bone":24,"Darkstone Periapt":17,"Guardian:ModeShifterPlus":34,"Mango":0,"Incense Burner":7,"Juzu Bracelet":7,"Empty Cage":17,"Dream Catcher":14,"Nunchaku":0,"Mummified Hand":8,"Slimebound:StickyStick":39,"Gambling Chip":0,"Tiny Chest":25,"Orichalcum":43,"Odd Mushroom":10,"Medical Kit":0,"White Beast Statue":21,"Mercury Hourglass":45,"Calling Bell":17,"Peace Pipe":0,"Guardian:StasisUpgradeRelic":53,"CaptainsWheel":9,"Anchor":9,"Bag of Marbles":48,"Membership Card":21,"FossilizedHelix":38,"TungstenRod":26},{"Guardian:StasisEgg":218,"Ginger":39,"Whetstone":249,"Sling":39,"Boot":346,"Old Coin":342,"Guardian:PickAxe":24,"Blood Vial":51,"Sundial":12,"MealTicket":171,"Kunai":109,"MerchantsRug":96,"Pear":320,"Blue Candle":136,"Eternal Feather":44,"Pen Nib":35,"Guardian:PocketSentry":44,"Akabeko":84,"MutagenicStrength":180,"Bird Faced Urn":225,"Snecko Eye":246,"Pandora\u0027s Box":14,"StrikeDummy":256,"Unceasing Top":69,"Guardian:StasisSlotReductionRelic":7,"Lantern":29,"Regal Pillow":329,"Torii":143,"Singing Bowl":209,"Guardian:StasisCodex":65,"StoneCalendar":189,"champ:ChampionCrown":0,"Bag of Preparation":96,"Ancient Tea Set":28,"Smiling Mask":99,"Cursed Key":177,"Matryoshka":194,"Shovel":220,"WingedGreaves":318,"InkBottle":37,"Lee\u0027s Waffle":162,"Golden Idol":5,"Thread and Needle":331,"PreservedInsect":25,"The Courier":276,"Omamori":106,"Seething Fire":0,"Frozen Egg 2":89,"MawBank":204,"champ:GladiatorsBookOfMartialProwess":439,"Ornamental Fan":423,"betterThird:SlimedRelic":40,"Turnip":66,"Art of War":133,"Bottled Lightning":10,"hexamod:BolsterEngine":45,"Toy Ornithopter":105,"Ice Cream":275,"champ:DuelingGlove":429,"Calipers":124,"Tiny House":333,"Gremlin Horn":52,"Nilry\u0027s Codex":149,"CeramicFish":305,"Vajra":30,"Guardian:SackOfGems":210,"Hammer of Thor":0,"Lizard Tail":17,"Centennial Puzzle":53,"HornCleat":50,"DollysMirror":99,"Strawberry":90,"Prayer Wheel":25,"Philosopher\u0027s Stone":186,"Toxic Egg 2":215,"Girya":80,"Guardian:BottledStasis":277,"Happy Flower":110,"Astrolabe":47,"Dead Branch":111,"Guardian:ModeShifter":0,"Oddly Smooth Stone":32,"Letter Opener":242,"War Paint":69,"Question Card":255,"Du-Vu Doll":288,"OrangePellets":111,"Bottled Flame":123,"Shuriken":97,"Anvil of the Gods":0,"Bronze Scales":162,"Black Star":100,"Nloth\u0027s Gift":209,"Pocketwatch":116,"Meat on the Bone":248,"Darkstone Periapt":25,"Guardian:ModeShifterPlus":55,"Mango":402,"Incense Burner":4,"Juzu Bracelet":168,"Empty Cage":383,"Dream Catcher":6,"Nunchaku":66,"Mummified Hand":141,"Slimebound:StickyStick":444,"Gambling Chip":348,"Tiny Chest":123,"Orichalcum":34,"Odd Mushroom":331,"Medical Kit":66,"White Beast Statue":96,"Mercury Hourglass":157,"Calling Bell":25,"Peace Pipe":76,"Guardian:StasisUpgradeRelic":109,"CaptainsWheel":4,"Anchor":21,"Bag of Marbles":63,"Membership Card":96,"FossilizedHelix":58,"TungstenRod":212},{"Guardian:StasisEgg":983,"Ginger":211,"Whetstone":1148,"Sling":211,"Boot":1601,"Old Coin":1571,"Guardian:PickAxe":121,"Blood Vial":270,"Sundial":61,"MealTicket":775,"Kunai":521,"MerchantsRug":476,"Pear":1454,"Blue Candle":609,"Eternal Feather":237,"Pen Nib":184,"Guardian:PocketSentry":237,"Akabeko":446,"MutagenicStrength":815,"Bird Faced Urn":1021,"Snecko Eye":1137,"Pandora\u0027s Box":75,"StrikeDummy":1185,"Unceasing Top":367,"Guardian:StasisSlotReductionRelic":38,"Lantern":150,"Regal Pillow":1502,"Torii":640,"Singing Bowl":955,"Guardian:StasisCodex":340,"StoneCalendar":861,"champ:ChampionCrown":0,"Bag of Preparation":476,"Ancient Tea Set":145,"Smiling Mask":485,"Cursed Key":801,"Matryoshka":883,"Shovel":992,"WingedGreaves":1450,"InkBottle":196,"Lee\u0027s Waffle":727,"Golden Idol":22,"Thread and Needle":1508,"PreservedInsect":130,"The Courier":1282,"Omamori":510,"Seething Fire":0,"Frozen Egg 2":456,"MawBank":929,"champ:GladiatorsBookOfMartialProwess":2046,"Ornamental Fan":1976,"betterThird:SlimedRelic":214,"Turnip":349,"Art of War":591,"Bottled Lightning":50,"hexamod:BolsterEngine":240,"Toy Ornithopter":504,"Ice Cream":1273,"champ:DuelingGlove":2006,"Calipers":565,"Tiny House":1521,"Gremlin Horn":274,"Nilry\u0027s Codex":664,"CeramicFish":1404,"Vajra":154,"Guardian:SackOfGems":959,"Hammer of Thor":0,"Lizard Tail":91,"Centennial Puzzle":277,"HornCleat":266,"DollysMirror":485,"Strawberry":460,"Prayer Wheel":130,"Philosopher\u0027s Stone":845,"Toxic Egg 2":974,"Girya":426,"Guardian:BottledStasis":1284,"Happy Flower":525,"Astrolabe":259,"Dead Branch":532,"Guardian:ModeShifter":0,"Oddly Smooth Stone":167,"Letter Opener":1119,"War Paint":367,"Question Card":1177,"Du-Vu Doll":1325,"OrangePellets":532,"Bottled Flame":561,"Shuriken":479,"Anvil of the Gods":0,"Bronze Scales":727,"Black Star":490,"Nloth\u0027s Gift":955,"Pocketwatch":545,"Meat on the Bone":1146,"Darkstone Periapt":130,"Guardian:ModeShifterPlus":288,"Mango":1875,"Incense Burner":18,"Juzu Bracelet":761,"Empty Cage":1775,"Dream Catcher":28,"Nunchaku":349,"Mummified Hand":631,"Slimebound:StickyStick":2073,"Gambling Chip":1619,"Tiny Chest":561,"Orichalcum":177,"Odd Mushroom":1508,"Medical Kit":349,"White Beast Statue":476,"Mercury Hourglass":698,"Calling Bell":130,"Peace Pipe":412,"Guardian:StasisUpgradeRelic":521,"CaptainsWheel":18,"Anchor":107,"Bag of Marbles":326,"Membership Card":476,"FossilizedHelix":296,"TungstenRod":962}],"Toy Ornithopter":70},"card_choices":[{"not_picked":["champ:BringItOn","champ:BladeFlurry","champ:Haymaker"],"picked":"SKIP","floor":1.0},{"not_picked":["champ:CrookedStrike","champ:Parry"],"picked":"champ:ShieldWall","floor":2.0},{"not_picked":["champ:GutPunch","champ:EnGarde"],"picked":"champ:FancyFootwork","floor":7.0},{"not_picked":["Enlightenment","Flash of Steel"],"picked":"Mayhem","floor":12.0},{"not_picked":["champ:DefensiveStyle","champ:Circumvent"],"picked":"champ:RisingSlash","floor":14.0},{"not_picked":["champ:Devastate","champ:MurderStrike"],"picked":"champ:UltimateStance","floor":16.0},{"not_picked":["champ:DefensiveStyle","champ:Encircle"],"picked":"champ:Backstep+1","floor":18.0},{"not_picked":["champ:EndlessRage","champ:GutPunch"],"picked":"champ:TornadoPunch+1","floor":19.0},{"not_picked":["champ:EnGarde","champ:BerserkersShout"],"picked":"champ:GutPunch","floor":23.0},{"not_picked":["champ:TornadoPunch","champ:Haymaker+1","champ:FanOfKnives"],"picked":"SKIP","floor":25.0},{"not_picked":["champ:PreemptiveStrike","champ:Endure"],"picked":"champ:Duel+1","floor":29.0},{"not_picked":["champ:ShieldSigil","champ:DefensiveShout"],"picked":"champ:AdrenalArmor+1","floor":30.0},{"not_picked":["champ:BerserkersShout","champ:AdrenalArmor"],"picked":"champ:IgnorePain","floor":31.0},{"not_picked":["champ:SwordThrow","champ:TripleStrike"],"picked":"champ:EnchantSword","floor":33.0},{"not_picked":["champ:GutPunch","champ:DefensiveStyle"],"picked":"champ:EnGarde+1","floor":35.0},{"not_picked":["champ:Circumvent","champ:TornadoPunch+1"],"picked":"champ:EnGarde+1","floor":41},{"not_picked":["champ:AdrenalArmor+1","champ:PerfectedStrike"],"picked":"champ:VampiricStrike","floor":44},{"not_picked":["champ:DefensiveShout+1","champ:Shatter"],"picked":"champ:FlashCut+1","floor":46},{"not_picked":["champ:GladiatorStyle","champ:GutPunch+1","champ:FlashCut+1"],"picked":"SKIP","floor":47},{"not_picked":["champ:PerfectedStrike+1","champ:DefensiveShout+1","champ:FocusedDefense+1"],"picked":"SKIP","floor":48},{"not_picked":["champ:Improvising","champ:FancyFootwork"],"picked":"champ:IronFortress","floor":54}],"player_experience":1081060,"relics_obtained":[{"floor":17.0,"key":"Toy Ornithopter"},{"floor":17.0,"key":"Gremlin Horn"},{"floor":17.0,"key":"WingedGreaves"},{"floor":23.0,"key":"Calipers"},{"floor":25.0,"key":"Turnip"},{"floor":26.0,"key":"Regal Pillow"},{"floor":29.0,"key":"champ:GladiatorsBookOfMartialProwess"},{"floor":38.0,"key":"FossilizedHelix"},{"floor":43,"key":"Ice Cream"},{"floor":47,"key":"Dream Catcher"},{"floor":54,"key":"hexamod:BolsterEngine"}],"event_choices":[{"damage_healed":0.0,"max_hp_gain":1.0,"max_hp_loss":0.0,"gold_gain":75.0,"event_name":"betterThird:BetterGoop","player_choice":"Gold","floor":3.0,"gold_loss":0.0,"damage_taken":11.0},{"damage_healed":0.0,"max_hp_gain":0.0,"max_hp_loss":0.0,"gold_gain":0.0,"event_name":"betterSkull:BetterSkull","player_choice":"UP ","floor":4.0,"gold_loss":0.0,"damage_taken":19.0,"cards_upgraded":["champ:Execute"],"relics_obtained":[]},{"damage_healed":0.0,"max_hp_gain":5.0,"max_hp_loss":0.0,"gold_gain":0.0,"event_name":"Big Fish","player_choice":"Donut","floor":10.0,"gold_loss":0.0,"damage_taken":0.0},{"damage_healed":0.0,"max_hp_gain":0.0,"max_hp_loss":0.0,"gold_gain":1.0,"event_name":"betterStone:BetterStone","player_choice":"1","floor":12.0,"gold_loss":0.0,"damage_taken":0.0},{"damage_healed":0.0,"max_hp_gain":104.0,"max_hp_loss":76.0,"gold_gain":0.0,"event_name":"betterAltar:BetterAltar","player_choice":" Vial ","floor":20.0,"potions_obtained":[],"relics_lost":[],"gold_loss":0.0,"damage_taken":28.0,"relics_obtained":["Blood Vial"]},{"damage_healed":0.0,"max_hp_gain":0.0,"max_hp_loss":5.0,"gold_gain":0.0,"event_name":"Winding Halls","player_choice":"Max HP","floor":36.0,"gold_loss":0.0,"damage_taken":0.0},{"damage_healed":0.0,"max_hp_gain":0.0,"max_hp_loss":0.0,"gold_gain":0.0,"event_name":"Tomb of Lord Red Mask","player_choice":"Ignored","floor":37.0,"gold_loss":0.0,"damage_taken":0.0},{"damage_healed":0.0,"max_hp_gain":0.0,"max_hp_loss":0.0,"gold_gain":0.0,"event_name":"Mysterious Sphere","player_choice":"Fight","floor":38.0,"gold_loss":0.0,"damage_taken":0.0}],"is_beta":false,"boss_relics":[{"not_picked":["SacredBark","Busted Crown"],"picked":"Calling Bell"},{"not_picked":["Sozu","bronze:MakeshiftBattery"],"picked":"Empty Cage"}],"items_purged_floors":[0,39],"is_endless":false,"potions_floor_spawned":[7,16,18,19,29,33,44,47,54],"killed_by":"The Heart","ascension_level":3}}