{"host":"Ringo","time":1613397980,"event":{"mods":["BaseMod","Colored Map","Conspire","Dota2Spire","Hubris","Minty Spire (QoL Compilation)","Replay The Spire","StSLib","The Construct","[IsaacMod]ÒÔÈö¼âËþ","¡¾ÒÅÎï¿¨ÅÆ¡¿REMEMod"],"gold_per_floor":[115,126,126,136,136,170,195,195,195,220,220,245,254,287,287,361,361,372,407,435,360,369,369,369],"floor_reached":23,"language":"ZHS","playtime":461,"items_purged":["Regret"],"score":886,"play_id":"afa70026-de1c-4dfe-aaee-643b2382d82f","local_time":"20210215220620","daily_mods":["SealedDeck","Vintage","Colorless Cards","Heirloom","Time Dilation","Flight","DeadlyEvents","Elite Swarm","Lethality","Binary"],"is_ascension_mode":true,"campfire_choices":[{"data":"hubris:ReadiedAction","floor":8.0,"key":"SMITH"},{"data":"ReplayTheSpireMod:LeadingStrike","floor":8.0,"key":"SMITH"},{"data":"Heavy Blade","floor":11.0,"key":"SMITH"},{"data":"Run Through","floor":11.0,"key":"SMITH"},{"data":"Shrug It Off","floor":15,"key":"SMITH"},{"data":"Thunderclap","floor":15,"key":"SMITH"}],"circlet_count":0,"master_deck":["AscendersBane","hubris:ReadiedAction+1","Headbutt","ReplayTheSpireMod:LeadingStrike+1","Run Through+1","Heavy Blade+1","Thunderclap+1","Shrug It Off+1","Twin Strike","Sword Boomerang","Anger","Replay:AllIn","J.A.X."],"relics":["Burning Blood","Busted Crown","HushsDoor","REME_ComplimentaryCards","replay:Trail_Library","EdensBlessing","Chaos","Dota2Spire:BattleFury","Gambling Chip","Golden Egg","BlankCard","Chemical X","CeramicFish","Replay:Arrowhead","Dota2Spire:OrchidMalevolence","Replay:Bottled Snecko","Replay:Bottled Flurry","Dota2Spire:PowerTreads","Cursed Key","Mango","GuppysPaw","Medical Kit","Red Mask","conspire:RoyalGoblet"],"acts_visited":["Exordium","TheCity"],"potions_floor_usage":[],"damage_taken":[{"damage":0.0,"enemies":"Small Slimes","floor":1.0,"turns":1.0},{"damage":0.0,"enemies":"Cultist","floor":2.0,"turns":1.0},{"damage":0.0,"enemies":"2 Louse","floor":4.0,"turns":1.0},{"damage":0.0,"enemies":"Lagavulin","floor":6.0,"turns":1.0},{"damage":0.0,"enemies":"Gremlin Nob","floor":7.0,"turns":1.0},{"damage":0.0,"enemies":"Replay:BlueRogue","floor":10.0,"turns":1.0},{"damage":0.0,"enemies":"3 Sentries","floor":12.0,"turns":1.0},{"damage":0,"enemies":"Lagavulin","floor":14,"turns":1},{"damage":0,"enemies":"Hexaghost","floor":16,"turns":2},{"damage":0,"enemies":"Shell Parasite","floor":18,"turns":1},{"damage":0,"enemies":"Masked Bandits","floor":19,"turns":1},{"damage":0,"enemies":"Book of Stabbing","floor":20,"turns":2},{"damage":0,"enemies":"conspire:Head Lice","floor":23,"turns":1}],"seed_played":"-6323381561842312490","potions_obtained":[{"floor":2.0,"key":"FearPotion"},{"floor":12,"key":"Dexterity Potion"}],"is_trial":true,"path_per_floor":["M","M","?","M","T","E","E","R","T","E","R","E","?","E","R","B",null,"M","?","E","$","?","E"],"character_chosen":"IRONCLAD","items_purchased":["GuppysPaw"],"campfire_rested":0,"item_purchase_floors":[17],"current_hp_per_floor":[74,75,60,66,66,72,75,75,75,75,75,75,75,75,75,75,70,70,70,70,70,70,70,70],"gold":369,"neow_bonus":"","is_daily":false,"chose_seed":false,"campfire_upgraded":6,"win_rate":0.0,"timestamp":1613397980,"path_taken":["M","M","?","M","?","E","E","R","T","E","R","E","?","E","R","BOSS","M","?","?","$","?","E"],"items_purchased_type":["Relic"],"build_version":"2020-12-18","purchased_purges":1,"victory":false,"max_hp_per_floor":[75,75,75,75,75,75,75,75,75,75,75,75,75,75,75,75,70,70,70,70,70,70,70,70],"card_choices":[],"player_experience":697814,"relics_obtained":[{"floor":1.0,"key":"Dota2Spire:BattleFury"},{"floor":2.0,"key":"Gambling Chip"},{"floor":4.0,"key":"BlankCard"},{"floor":5.0,"key":"Chemical X"},{"floor":6.0,"key":"CeramicFish"},{"floor":7.0,"key":"Replay:Arrowhead"},{"floor":9.0,"key":"Dota2Spire:OrchidMalevolence"},{"floor":10.0,"key":"Replay:Bottled Snecko"},{"floor":12,"key":"Replay:Bottled Flurry"},{"floor":14,"key":"Cursed Key"},{"floor":18,"key":"Medical Kit"},{"floor":19,"key":"Red Mask"},{"floor":20,"key":"conspire:RoyalGoblet"}],"event_choices":[{"damage_healed":0,"gold_gain":0,"player_choice":"Box","damage_taken":0,"relics_obtained":["Dota2Spire:PowerTreads"],"max_hp_gain":0,"max_hp_loss":0,"event_name":"Big Fish","floor":13,"gold_loss":0,"cards_obtained":["Regret"]},{"damage_healed":0,"gold_gain":0,"player_choice":"Fought Bandits","damage_taken":0,"max_hp_gain":0,"max_hp_loss":0,"event_name":"Masked Bandits","floor":19,"gold_loss":0},{"damage_healed":0,"gold_gain":0,"player_choice":"Obtain J.A.X.","damage_taken":0,"max_hp_gain":0,"max_hp_loss":0,"event_name":"Drug Dealer","floor":22,"gold_loss":0,"cards_obtained":["J.A.X."]}],"is_beta":true,"boss_relics":[{"not_picked":["Dota2Spire:ArmletOfMordiggian","REME_OnlineShoppingPlatform"],"picked":"Mango"},{"not_picked":[]}],"items_purged_floors":[21],"is_endless":false,"potions_floor_spawned":[2,12,14,16,18],"killed_by":"conspire:Head Lice","ascension_level":20}}