{"host":"oq9vgnvl0fi8z8ha","time":1613396366,"event":{"mods":["BaseMod","Block Reminder","ChefMod","Curses Come First","Evolution","Fox Events","Highlight Path","Minty Spire (QoL Compilation)","Relic Stats","Smile Girya","StSLib","The Bug Knight","The Runesmith","Treasure Hunter","Unceasing Turn Reminder"],"gold_per_floor":[234,268,39,39,39,39,71,90,193,210,225,242,242,271,271,370,447,465,542,567,586,586,586],"floor_reached":22,"language":"ENG","playtime":1861,"items_purged":[],"score":229,"play_id":"b08b51c7-8528-42ae-bc3e-8ff9a8927cda","local_time":"20210215063926","is_ascension_mode":true,"campfire_choices":[{"data":"HollowMod:DashSlash","floor":6,"key":"SMITH"},{"floor":15,"key":"RECALL"}],"circlet_count":0,"master_deck":["HollowMod:CycloneSlash","HollowMod:SoulStrike","HollowMod:DashSlash+1","HollowMod:NailStrikeStart","HollowMod:QuickDashStart","HollowMod:QuickDashStart","HollowMod:QuickDashStart","HollowMod:QuickDashStart","HollowMod:FocusHealStart","HollowMod:PogoStrike","HollowMod:DungDefenderAura+1","HollowMod:PerfectDash+1","Regret","TH:ArmorSpikes","HollowMod:MantisMark","HollowMod:ChannelNail","TH:CopperCoins","HollowMod:InfectionAssault","HollowMod:HuntersJournal+1","HollowMod:PureNailStrike","TH:CursedSword","HollowMod:CycloneSlash","TH:CursedSword","HollowMod:MidwifesHunger","HollowMod:CloakDash+1","TH:ElvenBoots","HollowMod:HeavyBlow","HollowMod:CornifersMapStart"],"relics":["HollowMod:VesselMask","EVO:Axolotl","foxEvents:LuckyCharm","HollowMod:PaleOreRelic","War Paint","Anchor","Pear","SlaversCollar","Ginger","Red Mask"],"acts_visited":["Exordium","TheCity"],"potions_floor_usage":[14,14,16,22],"damage_taken":[{"damage":2,"enemies":"Jaw Worm","floor":1,"turns":4},{"damage":21,"enemies":"Colosseum Slavers","floor":2,"turns":5},{"damage":24,"enemies":"Gremlin Nob","floor":7,"turns":6},{"damage":2,"enemies":"Small Slimes","floor":8,"turns":3},{"damage":5,"enemies":"Cultist","floor":10,"turns":4},{"damage":5,"enemies":"Looter","floor":11,"turns":3},{"damage":3,"enemies":"Exordium Wildlife","floor":12,"turns":4},{"damage":13,"enemies":"Lagavulin","floor":14,"turns":5},{"damage":36,"enemies":"Hexaghost","floor":16,"turns":10},{"damage":21,"enemies":"2 Thieves","floor":18,"turns":4},{"damage":28,"enemies":"Masked Bandits","floor":20,"turns":4},{"damage":21,"enemies":"Spheric Guardian","floor":21,"turns":5},{"damage":22,"enemies":"Snecko","floor":22,"turns":6}],"seed_played":"-6643668487538952148","potions_obtained":[{"floor":2,"key":"Block Potion"},{"floor":11,"key":"Regen Potion"},{"floor":12,"key":"GamblersBrew"},{"floor":14,"key":"CultistPotion"}],"is_trial":false,"path_per_floor":["M","?","$","?","$","R","E","M","T","M","M","M","?","E","R","B",null,"M","T","?","M","M"],"character_chosen":"THE_BUGKNIGHT","items_purchased":["HollowMod:PaleOreRelic","HollowMod:PerfectDash"],"campfire_rested":0,"item_purchase_floors":[3,3],"current_hp_per_floor":[82,71,71,71,71,71,53,51,51,52,53,56,56,67,67,37,92,71,71,43,22,0,0],"gold":586,"neow_bonus":"TEN_PERCENT_HP_BONUS","is_daily":false,"chose_seed":false,"campfire_upgraded":1,"win_rate":0.0,"timestamp":1613396366,"path_taken":["M","?","$","?","?","R","E","M","T","M","M","M","?","E","R","BOSS","M","?","?","M","M"],"items_purchased_type":["Relic","Card"],"build_version":"2020-12-22","purchased_purges":0,"victory":false,"max_hp_per_floor":[82,82,82,82,82,82,82,82,82,82,82,82,82,92,92,92,92,92,92,92,92,92,92],"relic_stats":{"counters":[13,63],"Ginger":[2],"War Paint":["HollowMod:PerfectDash","HollowMod:DungDefenderAura"],"obtain_stats":[{"SlaversCollar":17,"Anchor":7,"Pear":14,"HollowMod:VesselMask":0,"foxEvents:LuckyCharm":2,"Red Mask":20,"EVO:Axolotl":0,"HollowMod:PaleOreRelic":3,"Ginger":19,"War Paint":4},{"SlaversCollar":9,"Anchor":3,"Pear":8,"HollowMod:VesselMask":0,"foxEvents:LuckyCharm":2,"Red Mask":11,"EVO:Axolotl":0,"HollowMod:PaleOreRelic":2,"Ginger":10,"War Paint":2},{"SlaversCollar":44,"Anchor":15,"Pear":34,"HollowMod:VesselMask":0,"foxEvents:LuckyCharm":9,"Red Mask":52,"EVO:Axolotl":0,"HollowMod:PaleOreRelic":9,"Ginger":48,"War Paint":9}]},"card_choices":[{"not_picked":["HollowMod:HowlingWraiths","HollowMod:GreatSlash"],"picked":"HollowMod:DungDefenderAura","floor":1},{"not_picked":["TH:TreasureMap"],"picked":"TH:ArmorSpikes","floor":7},{"not_picked":["HollowMod:HowlingWraiths","HollowMod:SoulEater"],"picked":"HollowMod:MantisMark","floor":7},{"not_picked":["HollowMod:RecoilStrike","HollowMod:MothsMistake"],"picked":"HollowMod:ChannelNail","floor":8},{"not_picked":["TH:EnergyPotion"],"picked":"TH:CopperCoins","floor":9},{"not_picked":["HollowMod:SharpenedNail","HollowMod:DescendingDark"],"picked":"HollowMod:InfectionAssault","floor":10},{"not_picked":["HollowMod:DescendingDark","HollowMod:Grubsong"],"picked":"HollowMod:HuntersJournal","floor":11},{"not_picked":["HollowMod:NewInfectedGuardian","HollowMod:InfectedCysts"],"picked":"HollowMod:PureNailStrike","floor":12},{"not_picked":["TH:EnergyPotion"],"picked":"TH:CursedSword","floor":14},{"not_picked":["HollowMod:SoulShaman","HollowMod:NewLittleFool"],"picked":"HollowMod:CycloneSlash","floor":14},{"not_picked":["TH:ElvenBoots"],"picked":"TH:CursedSword","floor":16},{"not_picked":["HollowMod:AwokenDreamNail","HollowMod:VoidDash"],"picked":"HollowMod:MidwifesHunger","floor":16},{"not_picked":["HollowMod:VengefulVoid","HollowMod:SiblingsSouls"],"picked":"HollowMod:CloakDash+1","floor":18},{"not_picked":["TH:EnergyPotion"],"picked":"TH:ElvenBoots","floor":19},{"not_picked":["HollowMod:MothsMistake+1","HollowMod:SoulStrike"],"picked":"HollowMod:HeavyBlow","floor":20},{"not_picked":["HollowMod:WraithStrike+1","HollowMod:SoulEater"],"picked":"HollowMod:CornifersMapStart","floor":21}],"player_experience":210495,"relics_obtained":[{"floor":2,"key":"foxEvents:LuckyCharm"},{"floor":7,"key":"Anchor"},{"floor":14,"key":"Pear"},{"floor":19,"key":"Ginger"},{"floor":20,"key":"Red Mask"}],"event_choices":[{"damage_healed":0,"gold_gain":0,"player_choice":"Box","damage_taken":0,"relics_obtained":["War Paint"],"max_hp_gain":0,"max_hp_loss":0,"event_name":"Big Fish","floor":4,"gold_loss":0,"cards_obtained":["Regret"]},{"damage_healed":0,"gold_gain":0,"player_choice":"Forge","damage_taken":0,"max_hp_gain":0,"max_hp_loss":0,"event_name":"Accursed Blacksmith","floor":13,"gold_loss":0,"cards_upgraded":["HollowMod:HuntersJournal"]},{"damage_healed":0,"gold_gain":0,"player_choice":"Fought Bandits","damage_taken":0,"max_hp_gain":0,"max_hp_loss":0,"event_name":"Masked Bandits","floor":20,"gold_loss":0}],"is_beta":false,"boss_relics":[{"not_picked":["SacredBark","Busted Crown"],"picked":"SlaversCollar"}],"items_purged_floors":[],"is_endless":false,"potions_floor_spawned":[2,11,12,14],"killed_by":"Snecko","ascension_level":1}}