{"host":"yy1cu9q9bsxhflzi","time":1613409261,"event":{"mods":["BaseMod","DeckTracker","Minty Spire (QoL Compilation)","Quick Restart","StSLib","SuperFastMode","everything is the same but u backflip on backflip"],"gold_per_floor":[13,29,46,46,56,56,75,75,75,75,85,85,96,196,196,196,196],"floor_reached":16,"language":"KOR","playtime":296,"items_purged":[],"score":174,"play_id":"fafb85ad-5221-44c5-baaa-c64b2aaa4023","local_time":"20210216021421","is_ascension_mode":true,"campfire_choices":[{"data":"Riddle With Holes","floor":6,"key":"SMITH"},{"data":"Eviscerate","floor":8,"key":"SMITH"},{"data":"Acrobatics","floor":10,"key":"SMITH"},{"data":"Calculated Gamble","floor":12,"key":"SMITH"},{"floor":15,"key":"REST"}],"circlet_count":0,"master_deck":["AscendersBane","Strike_G","Strike_G","Strike_G","Strike_G","Defend_G","Defend_G","Defend_G","Defend_G","Survivor","Neutralize","Riddle With Holes+1","Blade Dance","Eviscerate+1","Escape Plan","Acrobatics+1","Calculated Gamble+1","Concentrate"],"relics":["Ring of the Snake"],"acts_visited":["Exordium"],"potions_floor_usage":[],"damage_taken":[{"damage":0,"enemies":"Small Slimes","floor":1,"turns":7},{"damage":3,"enemies":"Cultist","floor":2,"turns":4},{"damage":7,"enemies":"2 Louse","floor":3,"turns":3},{"damage":14,"enemies":"Looter","floor":5,"turns":3},{"damage":1,"enemies":"Large Slime","floor":7,"turns":6},{"damage":0,"enemies":"3 Louse","floor":11,"turns":3},{"damage":26,"enemies":"Lots of Slimes","floor":13,"turns":7},{"damage":18,"enemies":"Slime Boss","floor":16,"turns":7}],"seed_played":"-3758640287276433749","potions_obtained":[{"floor":7,"key":"Block Potion"},{"floor":11,"key":"SpeedPotion"}],"is_trial":false,"path_per_floor":["M","M","M","$","M","R","M","R","T","R","M","R","M","?","R","B"],"character_chosen":"THE_SILENT","items_purchased":[],"campfire_rested":1,"item_purchase_floors":[],"current_hp_per_floor":[59,56,49,49,35,35,34,34,34,34,34,34,8,8,27,9,9],"gold":196,"neow_bonus":"REMOVE_TWO","is_daily":false,"chose_seed":false,"campfire_upgraded":4,"win_rate":0.0,"timestamp":1613409261,"path_taken":["M","M","M","$","M","R","M","R","T","R","M","R","M","?","R","BOSS"],"items_purchased_type":[],"build_version":"2020-12-22","purchased_purges":0,"victory":false,"max_hp_per_floor":[66,66,66,66,66,66,66,66,66,66,66,66,66,66,66,66,66],"card_choices":[{"not_picked":["Poisoned Stab","Bane"],"picked":"Riddle With Holes","floor":1},{"not_picked":["Concentrate","Backflip"],"picked":"Blade Dance","floor":2},{"not_picked":["PiercingWail","Backflip"],"picked":"Eviscerate","floor":3},{"not_picked":["Slice","PiercingWail"],"picked":"Escape Plan","floor":5},{"not_picked":["Bane","Glass Knife"],"picked":"Acrobatics","floor":7},{"not_picked":["Cloak And Dagger","Heel Hook"],"picked":"Calculated Gamble","floor":11},{"not_picked":["Quick Slash","Cloak And Dagger"],"picked":"Concentrate","floor":13}],"player_experience":3910359,"relics_obtained":[],"event_choices":[{"damage_healed":0,"gold_gain":100,"player_choice":"Gold","damage_taken":0,"max_hp_gain":0,"max_hp_loss":0,"event_name":"Wheel of Change","floor":14,"gold_loss":0}],"is_beta":false,"boss_relics":[],"items_purged_floors":[],"is_endless":false,"potions_floor_spawned":[7,11,13],"killed_by":"Slime Boss","ascension_level":17}}