{"host":"zxkjcgzis4pm3za5","time":1613359831,"event":{"mods":["AchievementEnabler","BaseMod","Colored Map","Colored Powertips","Minty Spire (QoL Compilation)","Quick Restart","Random Character Button","Relic Sorter","Relic Stats","StSLib"],"gold_per_floor":[111,111,126,144,157,189,189,221,248,276,290,68,97,108,108,183,183,197,120,120,135,135,161,161,176,176,176,176,210,227,262,262,262,262],"floor_reached":33,"language":"ENG","playtime":1238,"items_purged":["Strike_B","Strike_B"],"score":720,"play_id":"92cc7875-bfd1-40e0-bf3b-70f620205d48","local_time":"20210215090031","is_ascension_mode":true,"campfire_choices":[{"floor":7.0,"key":"REST"},{"data":"Biased Cognition","floor":15.0,"key":"SMITH"},{"data":"Self Repair","floor":24.0,"key":"SMITH"},{"data":"Turbo","floor":27.0,"key":"SMITH"},{"data":"Loop","floor":32,"key":"SMITH"}],"circlet_count":0,"master_deck":["AscendersBane","Strike_B+1","Strike_B","Defend_B","Defend_B","Defend_B","Zap+1","Dualcast","Beam Cell","Cold Snap+1","Ball Lightning","Leap","Compile Driver","Coolheaded","Biased Cognition+1","Self Repair+1","Tempest","Electrodynamics","Sweeping Beam+1","Conserve Battery","Go for the Eyes+1","Turbo+1","Biased Cognition+1","Aggregate","Loop+1"],"relics":["Cracked Core","Lantern","Whetstone","Bag of Preparation","Toy Ornithopter","Membership Card","Darkstone Periapt","Coffee Dripper","Calipers","HornCleat","Bronze Scales","Pear"],"acts_visited":["TheCity"],"potions_floor_usage":[30,33],"damage_taken":[{"damage":5.0,"enemies":"Small Slimes","floor":1.0,"turns":3.0},{"damage":0.0,"enemies":"Cultist","floor":3.0,"turns":3.0},{"damage":2.0,"enemies":"2 Louse","floor":4.0,"turns":3.0},{"damage":9.0,"enemies":"Exordium Wildlife","floor":5.0,"turns":4.0},{"damage":28.0,"enemies":"Gremlin Nob","floor":6.0,"turns":4.0},{"damage":31.0,"enemies":"Lagavulin","floor":8.0,"turns":5.0},{"damage":0.0,"enemies":"Gremlin Nob","floor":10.0,"turns":2.0},{"damage":0.0,"enemies":"Large Slime","floor":11.0,"turns":3.0},{"damage":4.0,"enemies":"3 Sentries","floor":13.0,"turns":5.0},{"damage":3.0,"enemies":"Exordium Thugs","floor":14.0,"turns":4.0},{"damage":23.0,"enemies":"Hexaghost","floor":16.0,"turns":9.0},{"damage":0.0,"enemies":"3 Byrds","floor":18.0,"turns":1.0},{"damage":10.0,"enemies":"2 Thieves","floor":21.0,"turns":3.0},{"damage":31.0,"enemies":"Book of Stabbing","floor":23.0,"turns":5.0},{"damage":0.0,"enemies":"Sentry and Sphere","floor":25.0,"turns":3.0},{"damage":15.0,"enemies":"Slavers","floor":29.0,"turns":2.0},{"damage":17,"enemies":"Shelled Parasite and Fungi","floor":30,"turns":4},{"damage":15,"enemies":"Gremlin Leader","floor":31,"turns":4},{"damage":68,"enemies":"Automaton","floor":33,"turns":6}],"seed_played":"4940982778544451900","potions_obtained":[{"floor":6.0,"key":"SteroidPotion"},{"floor":8.0,"key":"EssenceOfSteel"},{"floor":10.0,"key":"LiquidMemories"},{"floor":14.0,"key":"SmokeBomb"},{"floor":18.0,"key":"Strength Potion"},{"floor":25.0,"key":"CultistPotion"},{"floor":29.0,"key":"DuplicationPotion"}],"is_trial":false,"path_per_floor":["M","?","M","M","M","E","R","E","T","E","M","$","E","M","R","B",null,"M","$","?","M","T","E","R","M","T","R","?","E","M","E","R","B"],"character_chosen":"DEFECT","items_purchased":["Membership Card","Self Repair","Conserve Battery"],"campfire_rested":1,"item_purchase_floors":[12,12,19],"current_hp_per_floor":[59,59,59,57,48,20,41,10,10,10,10,10,18,22,22,11,56,56,56,56,58,58,34,34,44,44,44,44,29,27,32,32,0,0],"gold":262,"neow_bonus":"UPGRADE_CARD","is_daily":false,"chose_seed":false,"campfire_upgraded":4,"win_rate":0.0,"timestamp":1613359831,"path_taken":["M","?","M","M","M","E","R","E","T","E","?","$","E","M","R","BOSS","M","$","?","M","?","E","R","M","T","R","?","E","?","E","R","BOSS"],"items_purchased_type":["Relic","Card","Card"],"build_version":"2020-12-22","purchased_purges":2,"victory":false,"max_hp_per_floor":[71,71,71,71,71,71,71,71,71,71,71,71,71,71,71,71,71,71,71,71,71,71,71,71,71,71,71,71,71,71,81,81,81,81],"relic_stats":{"Darkstone Periapt":0,"counters":[19,73],"Bronze Scales":[54],"Bag of Preparation":[26],"Whetstone":["Strike_B","Cold Snap"],"obtain_stats":[{"Darkstone Periapt":13,"Lantern":6,"Calipers":23,"HornCleat":26,"Pear":31,"Bronze Scales":29,"Bag of Preparation":9,"Coffee Dripper":17,"Whetstone":8,"Membership Card":12,"Cracked Core":0,"Toy Ornithopter":10},{"Darkstone Periapt":9,"Lantern":5,"Calipers":14,"HornCleat":15,"Pear":18,"Bronze Scales":16,"Bag of Preparation":6,"Coffee Dripper":11,"Whetstone":6,"Membership Card":8,"Cracked Core":0,"Toy Ornithopter":7},{"Darkstone Periapt":32,"Lantern":17,"Calipers":54,"HornCleat":57,"Pear":67,"Bronze Scales":59,"Bag of Preparation":22,"Coffee Dripper":45,"Whetstone":22,"Membership Card":27,"Cracked Core":0,"Toy Ornithopter":24}],"Toy Ornithopter":25},"card_choices":[{"not_picked":["Conserve Battery","Compile Driver"],"picked":"Beam Cell","floor":1.0},{"not_picked":["Beam Cell","White Noise"],"picked":"Cold Snap","floor":3.0},{"not_picked":["Steam","Turbo"],"picked":"Ball Lightning","floor":4.0},{"not_picked":["Compile Driver","Ball Lightning"],"picked":"Leap","floor":5.0},{"not_picked":["Steam","Amplify"],"picked":"Compile Driver","floor":6.0},{"not_picked":["Go for the Eyes","Beam Cell"],"picked":"Coolheaded","floor":8.0},{"not_picked":["Coolheaded","Scrape"],"picked":"Biased Cognition","floor":10.0},{"not_picked":["Stack","Force Field","Blizzard"],"picked":"SKIP","floor":11.0},{"not_picked":["Go for the Eyes","Redo","Compile Driver"],"picked":"SKIP","floor":13.0},{"not_picked":["Barrage","Thunder Strike"],"picked":"Tempest","floor":14.0},{"not_picked":["Meteor Strike","Amplify"],"picked":"Electrodynamics","floor":16.0},{"not_picked":["Compile Driver","Cold Snap"],"picked":"Sweeping Beam+1","floor":18.0},{"not_picked":["Coolheaded","Lockon"],"picked":"Go for the Eyes+1","floor":21.0},{"not_picked":["Consume","Blizzard","Stack"],"picked":"SKIP","floor":23.0},{"not_picked":["Hologram","Aggregate"],"picked":"Turbo","floor":25.0},{"not_picked":["Beam Cell+1","Cold Snap","Streamline"],"picked":"SKIP","floor":29.0},{"not_picked":["Coolheaded","Electrodynamics"],"picked":"Aggregate","floor":30},{"not_picked":["Stack","Cold Snap"],"picked":"Loop","floor":31}],"player_experience":372186,"relics_obtained":[{"floor":6.0,"key":"Lantern"},{"floor":8.0,"key":"Whetstone"},{"floor":9.0,"key":"Bag of Preparation"},{"floor":10.0,"key":"Toy Ornithopter"},{"floor":13.0,"key":"Darkstone Periapt"},{"floor":23.0,"key":"Calipers"},{"floor":26.0,"key":"HornCleat"},{"floor":29.0,"key":"Bronze Scales"},{"floor":31,"key":"Pear"}],"event_choices":[{"cards_removed":["Defend_B"],"damage_healed":0.0,"max_hp_gain":0.0,"max_hp_loss":0.0,"gold_gain":0.0,"event_name":"Bonfire Elementals","player_choice":"Offered Basic","floor":2.0,"gold_loss":0.0,"damage_taken":0.0},{"damage_healed":0.0,"max_hp_gain":0.0,"max_hp_loss":0.0,"gold_gain":0.0,"event_name":"Cursed Tome","player_choice":"Ignored","floor":20.0,"gold_loss":0.0,"damage_taken":0.0},{"damage_healed":0.0,"max_hp_gain":0.0,"max_hp_loss":0.0,"gold_gain":0.0,"event_name":"Duplicator","player_choice":"Copied","floor":28.0,"gold_loss":0.0,"damage_taken":0.0,"cards_obtained":["Biased Cognition"]}],"is_beta":false,"boss_relics":[{"not_picked":["SlaversCollar","Philosopher\u0027s Stone"],"picked":"Coffee Dripper"}],"items_purged_floors":[12,19],"is_endless":false,"potions_floor_spawned":[6,8,10,14,18,25,29],"killed_by":"Automaton","ascension_level":20}}