{"host":"bp3tm7tvk8nf4kb2","time":1613358658,"event":{"mods":["2.2 Compatiblity","AchievementEnabler","BaseMod","Bestiary","Better Match","Better Third Choice","BetterRewards","Colored Map","Colored Powertips","Curses Come First","DeckTracker","Downfall","Friendly Minions","Googly Eyes","Halation","Highlight Path","Lobotomy","LobotomyExtend","Marisa????????","Minty Spire (QoL Compilation)","Morshu Shopkeeper - ENHANCED","Permanent Neow","Quick Restart","Rare Cards Sparkle","Reorder Act Four","Replay The Spire","Shop Mod","Spicy Shops","StSLib","The Marked","TheBandit","TheSwordswoman","Waifu the Spire","Wide Potions","everything is the same but u backflip on backflip"],"gold_per_floor":[109,34,34,34,0,0,0,0],"floor_reached":7,"language":"ENG","playtime":145,"items_purged":["Defend_R"],"score":41,"play_id":"88d45c69-65dd-44f1-8351-dadce26da275","local_time":"20210214191058","is_ascension_mode":true,"campfire_choices":[{"floor":6,"key":"REST"}],"circlet_count":0,"master_deck":["Strike_R+1","Strike_R","Strike_R+1","Strike_R","Strike_R","Defend_R","Defend_R","Defend_R","Bash","PunishingBird","Rampage","Inflame"],"relics":["Burning Blood","CogitoBucket","LetterFromLob","halation:PinkSoulGem"],"acts_visited":["Exordium"],"potions_floor_usage":[],"damage_taken":[{"damage":11,"enemies":"2 Louse","floor":1,"turns":3},{"damage":101,"enemies":"Gremlin Nob","floor":7,"turns":2}],"seed_played":"3378953308232878808","potions_obtained":[],"is_trial":false,"path_per_floor":["M","$","?","?","$","R","E"],"character_chosen":"IRONCLAD","items_purchased":["Inflame"],"campfire_rested":1,"item_purchase_floors":[5],"current_hp_per_floor":[75,75,59,59,59,80,0,0],"gold":0,"neow_bonus":"","is_daily":false,"chose_seed":false,"campfire_upgraded":0,"win_rate":0.0,"timestamp":1613358658,"path_taken":["M","$","?","?","?","R","E"],"items_purchased_type":["Card"],"build_version":"2020-12-22","purchased_purges":1,"victory":false,"max_hp_per_floor":[80,80,80,80,80,80,80,80],"card_choices":[{"not_picked":["SpiderBud","UniverseFragment"],"picked":"PunishingBird","floor":1},{"not_picked":["ReplayTheSpireMod:Strike From Hell","Flame Barrier"],"picked":"Rampage","floor":1}],"player_experience":68081,"relics_obtained":[{"floor":1,"key":"LetterFromLob"}],"event_choices":[{"damage_healed":75,"gold_gain":0,"player_choice":"Upgrade","damage_taken":16,"max_hp_gain":0,"max_hp_loss":80,"event_name":"betterThird:BetterShining","floor":3,"gold_loss":0,"cards_upgraded":["Strike_R","Strike_R"]}],"is_beta":false,"boss_relics":[],"items_purged_floors":[2],"is_endless":false,"potions_floor_spawned":[],"killed_by":"Gremlin Nob","ascension_level":2}}