{"host":"0unxf5n5bucfuoy7","time":1613431632,"event":{"mods":["Act Like it!","AlwaysNeverKeys","Ascension Reborn","Aspiration","BaseMod","Beaked The Cultist","Better Altar","Better Match","Better Note","Better Sensory Stone","Better Third Choice","Better Vampires","Challenge The Spire","Conspire","Custom Start","DeckTracker","Downfall","Elementarium","Fiend Mod","Friendly Minions","GifTheSpireLib","GungeonMod","Hallownest","Hubris","Infinite Spire","Marked Mod","Minty Spire (QoL Compilation)","Permanent Neow","Potionbrewer","Practice Mode","Quick Restart","Random Character Button","Relic Filter","Relic Sorter","Replay The Spire","Spikes Relics","StSLib","Stuff the Spire","The Bug Knight","The Death Knight","The Disciple","The Exalted","The Hierophant","The Necromancer","The Spell Scribe","Trackpad","Transform Curses","Wandering Minibosses"],"gold_per_floor":[116,128,28,28,128,128,128],"floor_reached":6,"language":"ENG","playtime":216,"items_purged":[],"score":34,"play_id":"6a590918-dbc7-4ca9-bfc6-474f91e3869c","local_time":"20210215182712","is_ascension_mode":false,"campfire_choices":[],"circlet_count":0,"master_deck":["Bromod:Strike_Bro","Bromod:Strike_Bro","Bromod:Defend_Bro","Bromod:Defend_Bro","Bromod:Defend_Bro","Bromod:Defend_Bro","Bromod:SlashDash","Bromod:SlashDash","Bromod:SlashDash","Bromod:TargetCracker","Bromod:ArchwingLauncher","Bromod:FinishingTouch","Ghostly","Bromod:Rage+1"],"relics":["Bromod:Ordis","Bromod:AscarisDevice"],"acts_visited":["Exordium"],"potions_floor_usage":[],"damage_taken":[{"damage":0.0,"enemies":"Jaw Worm","floor":1.0,"turns":4.0},{"damage":0.0,"enemies":"Small Slimes","floor":2.0,"turns":3.0},{"damage":7,"enemies":"Replay:BlueRogue","floor":6,"turns":3}],"seed_played":"-5914245626662547362","potions_obtained":[],"is_trial":false,"path_per_floor":["M","M","?","?","?","E"],"character_chosen":"THE_EXALTED","items_purchased":[],"campfire_rested":0,"item_purchase_floors":[],"current_hp_per_floor":[75,75,75,75,75,68,68],"gold":128,"neow_bonus":"THREE_CARDS","is_daily":false,"chose_seed":false,"campfire_upgraded":0,"win_rate":0.0,"timestamp":1613431632,"path_taken":["M","M","?","?","?","E"],"items_purchased_type":[],"build_version":"2020-12-22","purchased_purges":0,"victory":false,"max_hp_per_floor":[75,75,75,75,75,75,75],"card_choices":[{"not_picked":["Bromod:BodyCount","Bromod:SlashDash"],"picked":"Bromod:TargetCracker","floor":0.0},{"not_picked":["Bromod:FastHands","Bromod:Patagium"],"picked":"Bromod:ArchwingLauncher","floor":1.0},{"not_picked":["Bromod:ShatteringImpact","Bromod:ArchwingLauncher"],"picked":"Bromod:FinishingTouch","floor":2.0}],"player_experience":140632,"relics_obtained":[],"event_choices":[{"damage_healed":0.0,"max_hp_gain":0.0,"max_hp_loss":0.0,"gold_gain":0.0,"event_name":"conspire:LoneGhost","player_choice":"Argue","floor":3.0,"gold_loss":0.0,"damage_taken":0.0},{"damage_healed":0,"gold_gain":100,"player_choice":"Pray","damage_taken":0,"max_hp_gain":0,"max_hp_loss":0,"event_name":"Golden Shrine","floor":5,"gold_loss":0}],"is_beta":false,"boss_relics":[],"items_purged_floors":[],"is_endless":false,"potions_floor_spawned":[],"killed_by":"Replay:BlueRogue","ascension_level":0}}