{"host":"gtoa8h4im74f14p0","time":1613419949,"event":{"mods":["AchievementEnabler","BaseMod","Better Silent Start","Block Reminder","Colored Powertips","Custom Start","Downfall","Hermit","Minty Spire (QoL Compilation)","Reliquary","Shop Mod","StSLib","Swap Starting Deck Mod","The Cursed","The Marked"],"gold_per_floor":[116,47,58,333,345,345,375,6,33,63,63,77,77,91,91,186,186,205,205,224,6,16,16,16,16],"floor_reached":24,"language":"ENG","playtime":1580,"items_purged":[],"score":206,"play_id":"279d2e13-bfda-4f95-b7c5-884e24afca46","local_time":"20210215151229","is_ascension_mode":false,"campfire_choices":[{"floor":6,"key":"REST"},{"floor":11,"key":"REST"},{"data":"TheCursedMod:HellfireBreathing","floor":15,"key":"SMITH"},{"data":"TheCursedMod:CursedWand","floor":23,"key":"SMITH"}],"circlet_count":0,"master_deck":["TheCursedMod:Strike_TheCursed","TheCursedMod:Strike_TheCursed","TheCursedMod:Strike_TheCursed","TheCursedMod:Strike_TheCursed","TheCursedMod:Defend_TheCursed","TheCursedMod:Defend_TheCursed","TheCursedMod:Defend_TheCursed","TheCursedMod:Defend_TheCursed","TheCursedMod:CursedWand+1","TheCursedMod:CleanUpWorkshop","TheCursedMod:Dregs","TheCursedMod:CursedStaff","TheCursedMod:SpitefulPlan","TheCursedMod:LuckyCharm","Regret","TheCursedMod:RapidMovement","TheCursedMod:HellfireBreathing+1","TheCursedMod:CircleOfCorruption","TheCursedMod:DemonSword","TheCursedMod:SpitefulStrike","TheCursedMod:WearCloak","TheCursedMod:CircleOfCorruption","TheCursedMod:VoidForm","TheCursedMod:Stretching+1","TheCursedMod:CursedShiv","TheCursedMod:RapidMovement"],"relics":["TheCursedMod:BlackMagic101","Lantern","reliquary:HotPoker","reliquary:FerryPass","Letter Opener","HornCleat","Busted Crown","Bronze Scales"],"acts_visited":["Exordium","TheCity"],"potions_floor_usage":[7,16,20],"damage_taken":[{"damage":0,"enemies":"2 Louse","floor":1,"turns":4},{"damage":0,"enemies":"Cultist","floor":3,"turns":3},{"damage":10,"enemies":"Small Slimes","floor":5,"turns":3},{"damage":16,"enemies":"Lagavulin","floor":7,"turns":8},{"damage":16,"enemies":"3 Sentries","floor":10,"turns":7},{"damage":7,"enemies":"Blue Slaver","floor":12,"turns":4},{"damage":5,"enemies":"Red Slaver","floor":14,"turns":3},{"damage":39,"enemies":"Hexaghost","floor":16,"turns":10},{"damage":31,"enemies":"2 Thieves","floor":18,"turns":4},{"damage":15,"enemies":"3 Byrds","floor":20,"turns":4},{"damage":21,"enemies":"Snecko","floor":22,"turns":5},{"damage":22,"enemies":"Gremlin Leader","floor":24,"turns":4}],"seed_played":"3467318565119118799","potions_obtained":[{"floor":3,"key":"Dexterity Potion"},{"floor":5,"key":"Block Potion"},{"floor":7,"key":"Guardian:BlockOnCardUsePotion"},{"floor":16,"key":"Fire Potion"},{"floor":18,"key":"Ancient Potion"},{"floor":20,"key":"Explosive Potion"}],"is_trial":false,"path_per_floor":["M","$","M","?","M","R","E","$","T","E","R","M","?","M","R","B",null,"M","?","M","$","M","R","E"],"character_chosen":"THE_CURSED","items_purchased":["TheCursedMod:SpitefulPlan","reliquary:HotPoker","TheCursedMod:CircleOfCorruption","TheCursedMod:DemonSword","TheCursedMod:CursedShiv","Bronze Scales","TheCursedMod:RapidMovement"],"campfire_rested":2,"item_purchase_floors":[2,8,8,8,21,21,21],"current_hp_per_floor":[82,82,82,82,72,82,66,66,66,50,74,67,67,62,62,23,82,51,51,36,36,15,15,0,0],"gold":16,"neow_bonus":"TEN_PERCENT_HP_BONUS","is_daily":false,"chose_seed":false,"campfire_upgraded":2,"win_rate":0.0,"timestamp":1613419949,"path_taken":["M","$","M","?","M","R","E","$","T","E","R","?","?","M","R","BOSS","M","?","M","$","?","R","E"],"items_purchased_type":["Card","Relic","Card","Card","Card","Relic","Card"],"build_version":"2020-12-22","purchased_purges":0,"victory":false,"max_hp_per_floor":[82,82,82,82,82,82,82,82,82,82,82,82,82,82,82,82,82,82,82,82,82,82,82,82,82],"card_choices":[{"not_picked":["TheCursedMod:WearCloak","TheCursedMod:TacticalStrike"],"picked":"TheCursedMod:CursedStaff","floor":1},{"not_picked":["TheCursedMod:Torture","TheCursedMod:CursedMace"],"picked":"TheCursedMod:LuckyCharm","floor":3},{"not_picked":["TheCursedMod:VitalStrike","TheCursedMod:CircleOfFocus"],"picked":"TheCursedMod:RapidMovement","floor":5},{"not_picked":["TheCursedMod:CircleOfCorruption","TheCursedMod:RavingStaff"],"picked":"TheCursedMod:HellfireBreathing","floor":7},{"not_picked":["TheCursedMod:RavingStaff","TheCursedMod:Stretching"],"picked":"TheCursedMod:SpitefulStrike","floor":10},{"not_picked":["TheCursedMod:ManaBullet","TheCursedMod:Stretching"],"picked":"TheCursedMod:WearCloak","floor":12},{"not_picked":["TheCursedMod:TacticalStrike","TheCursedMod:CircleOfAmplification"],"picked":"TheCursedMod:CircleOfCorruption","floor":14},{"not_picked":["TheCursedMod:StunningStrike","TheCursedMod:NeowsMight"],"picked":"TheCursedMod:VoidForm","floor":16},{"not_picked":[],"picked":"TheCursedMod:Stretching+1","floor":18},{"not_picked":["TheCursedMod:FuryStrike"],"picked":"SKIP","floor":20},{"not_picked":["TheCursedMod:RavingStaff"],"picked":"SKIP","floor":22}],"player_experience":66952,"relics_obtained":[{"floor":7,"key":"Lantern"},{"floor":9,"key":"reliquary:FerryPass"},{"floor":10,"key":"Letter Opener"}],"event_choices":[{"damage_healed":0,"gold_gain":275,"player_choice":"Desecrate","damage_taken":0,"max_hp_gain":0,"max_hp_loss":0,"event_name":"Golden Shrine","floor":4,"gold_loss":0,"cards_obtained":["Regret"]},{"damage_healed":0,"gold_gain":0,"player_choice":"Box","damage_taken":0,"relics_obtained":["HornCleat"],"max_hp_gain":0,"max_hp_loss":0,"event_name":"Big Fish","floor":13,"gold_loss":0,"cards_obtained":["Regret"]},{"cards_removed":["Regret"],"damage_healed":0,"gold_gain":0,"player_choice":"Purged","damage_taken":0,"max_hp_gain":0,"max_hp_loss":0,"event_name":"Purifier","floor":19,"gold_loss":0}],"is_beta":false,"boss_relics":[{"not_picked":["SacredBark","Snecko Eye"],"picked":"Busted Crown"}],"items_purged_floors":[],"is_endless":false,"potions_floor_spawned":[3,5,7,16,18,20],"killed_by":"Gremlin Leader","ascension_level":0}}