{"host":"f5gffvlv6a66yqkd","time":1613369410,"event":{"mods":["2.2 Compatiblity","BaseMod","Colored Map","Custom Start","DeckTracker","Keyboard Shortcuts","Minty Spire (QoL Compilation)","Permanent Neow","Quick Restart","Relic Stats","StSLib","SuperFastMode"],"gold_per_floor":[110,129,204,220,240,240,265,277,314,326,338,350,381,422,434,550,562,593,530,552,479,491,503,530,542,554,306,333,333,349,364,364,468,468,486,498,720,732,744,770,820,820,820,820,820,833,906,925,925,925,925],"floor_reached":50,"language":"KOR","playtime":970,"items_purged":["Strike_P"],"score":696,"play_id":"d11ddf1c-fab9-433d-8a25-65c877a9d22a","local_time":"20210215151010","is_ascension_mode":true,"campfire_choices":[{"data":"Eruption","floor":6.0,"key":"SMITH"},{"data":"CrushJoints","floor":8.0,"key":"SMITH"},{"data":"WheelKick","floor":11.0,"key":"SMITH"},{"data":"Halt","floor":15.0,"key":"SMITH"},{"floor":23.0,"key":"RECALL"},{"data":"MentalFortress","floor":29.0,"key":"SMITH"},{"data":"Brilliance","floor":32.0,"key":"SMITH"},{"floor":42,"key":"REST"},{"data":"Omniscience","floor":44,"key":"SMITH"},{"floor":49,"key":"REST"}],"circlet_count":0,"master_deck":["Defend_P","Defend_P","Defend_P","Eruption+1","Vigilance","CarveReality","CrushJoints+1","Halt+1","WheelKick+1","EmptyBody","Brilliance+1","Adaptation+1","MentalFortress+1","Omniscience+1","TalkToTheHand+1","Flash of Steel","Finesse"],"relics":["PureWater","MawBank","Toy Ornithopter","Sundial","Omamori","VioletLotus","TungstenRod","Bag of Preparation","Bag of Marbles","Red Mask","SacredBark","Oddly Smooth Stone","Turnip","Frozen Egg 2"],"acts_visited":["Exordium","TheCity","TheBeyond"],"potions_floor_usage":[40,40,40,48],"damage_taken":[{"damage":0.0,"enemies":"Cultist","floor":1.0,"turns":4.0},{"damage":0.0,"enemies":"Jaw Worm","floor":2.0,"turns":4.0},{"damage":0.0,"enemies":"Small Slimes","floor":4.0,"turns":3.0},{"damage":3.0,"enemies":"Red Slaver","floor":5.0,"turns":2.0},{"damage":0.0,"enemies":"2 Fungi Beasts","floor":13.0,"turns":2.0},{"damage":0.0,"enemies":"Gremlin Nob","floor":14.0,"turns":2.0},{"damage":29.0,"enemies":"Hexaghost","floor":16.0,"turns":6.0},{"damage":13.0,"enemies":"Shell Parasite","floor":18.0,"turns":4.0},{"damage":0.0,"enemies":"Chosen","floor":20.0,"turns":3.0},{"damage":0.0,"enemies":"Shelled Parasite and Fungi","floor":24.0,"turns":2.0},{"damage":0.0,"enemies":"Masked Bandits","floor":28.0,"turns":3.0},{"damage":0.0,"enemies":"Centurion and Healer","floor":30.0,"turns":3.0},{"damage":0.0,"enemies":"Snecko","floor":31.0,"turns":3.0},{"damage":22.0,"enemies":"Champ","floor":33.0,"turns":7.0},{"damage":0.0,"enemies":"3 Shapes","floor":35.0,"turns":1.0},{"damage":0.0,"enemies":"Orb Walker","floor":36.0,"turns":2.0},{"damage":12.0,"enemies":"Jaw Worm Horde","floor":38.0,"turns":5.0},{"damage":12.0,"enemies":"Writhing Mass","floor":39.0,"turns":4.0},{"damage":33,"enemies":"Reptomancer","floor":40,"turns":5},{"damage":2,"enemies":"Mind Bloom Boss Battle","floor":41,"turns":8},{"damage":15,"enemies":"Transient","floor":46,"turns":5},{"damage":17,"enemies":"Jaw Worm Horde","floor":48,"turns":3},{"damage":26,"enemies":"Time Eater","floor":50,"turns":3}],"seed_played":"-5075240814841723588","potions_obtained":[{"floor":1.0,"key":"Swift Potion"},{"floor":5.0,"key":"SpeedPotion"},{"floor":14.0,"key":"GamblersBrew"},{"floor":18.0,"key":"DuplicationPotion"},{"floor":28.0,"key":"EssenceOfSteel"},{"floor":30.0,"key":"SpeedPotion"},{"floor":36.0,"key":"Strength Potion"},{"floor":40,"key":"DuplicationPotion"},{"floor":46,"key":"Weak Potion"}],"is_trial":false,"path_per_floor":["M","M","?","M","M","R","T","R","T","T","R","?","M","E","R","B",null,"M","?","M","?","?","R","M","?","T","$","?","R","M","M","R","B",null,"M","M","?","M","M","E","?","R","T","R","?","M","T","M","R","B"],"character_chosen":"WATCHER","items_purchased":["MentalFortress","Bag of Marbles"],"campfire_rested":2,"item_purchase_floors":[27,27],"current_hp_per_floor":[65,65,54,54,51,51,51,51,51,51,51,51,51,51,51,22,60,47,47,47,47,47,47,52,52,52,52,52,52,52,52,52,30,62,62,62,62,50,38,20,18,39,39,39,30,15,15,3,24,0,0],"gold":925,"neow_bonus":"REMOVE_CARD","is_daily":false,"chose_seed":false,"campfire_upgraded":7,"win_rate":0.0,"timestamp":1613369410,"path_taken":["M","M","?","M","M","R","?","R","T","?","R","?","M","E","R","BOSS","M","?","M","?","?","R","M","?","T","$","?","R","?","M","R","BOSS","M","M","?","M","M","E","?","R","T","R","?","M","?","M","R","BOSS"],"items_purchased_type":["Card","Relic"],"build_version":"2020-12-22","purchased_purges":1,"victory":false,"max_hp_per_floor":[72,72,72,72,72,72,72,72,72,72,72,72,72,72,72,72,72,72,72,72,72,72,72,72,72,72,72,72,72,72,72,72,72,72,72,72,72,72,72,72,72,72,72,72,72,72,72,72,72,72,72],"relic_stats":{"counters":[23,84],"Sundial":[20],"VioletLotus":[17],"Turnip":[0],"Bag of Preparation":[26],"MawBank":240,"obtain_stats":[{"SacredBark":34,"Oddly Smooth Stone":40,"Omamori":14,"Bag of Preparation":26,"Frozen Egg 2":47,"MawBank":7,"Sundial":10,"VioletLotus":17,"Turnip":41,"Bag of Marbles":27,"Red Mask":28,"PureWater":0,"Toy Ornithopter":9,"TungstenRod":21},{"SacredBark":14,"Oddly Smooth Stone":19,"Omamori":6,"Bag of Preparation":10,"Frozen Egg 2":21,"MawBank":4,"Sundial":4,"VioletLotus":7,"Turnip":20,"Bag of Marbles":10,"Red Mask":11,"PureWater":0,"Toy Ornithopter":4,"TungstenRod":9},{"SacredBark":48,"Oddly Smooth Stone":65,"Omamori":17,"Bag of Preparation":32,"Frozen Egg 2":78,"MawBank":13,"Sundial":13,"VioletLotus":23,"Turnip":73,"Bag of Marbles":32,"Red Mask":35,"PureWater":0,"Toy Ornithopter":13,"TungstenRod":30}],"Toy Ornithopter":25,"TungstenRod":14},"card_choices":[{"not_picked":["SashWhip","SignatureMove"],"picked":"CarveReality","floor":1.0},{"not_picked":["Fasting2","SashWhip"],"picked":"CrushJoints","floor":2.0},{"not_picked":["Protect","Meditate"],"picked":"Halt","floor":4.0},{"not_picked":["Crescendo","Evaluate"],"picked":"WheelKick","floor":5.0},{"not_picked":["Perseverance","Fasting2"],"picked":"EmptyBody","floor":13.0},{"not_picked":["LikeWater","EmptyBody"],"picked":"Brilliance","floor":14.0},{"not_picked":["EmptyBody","Protect","ClearTheMind+1"],"picked":"SKIP","floor":18.0},{"not_picked":["Crescendo+1","SandsOfTime"],"picked":"Adaptation+1","floor":20.0},{"not_picked":["Devotion","Evaluate","SashWhip"],"picked":"SKIP","floor":24.0},{"not_picked":["SashWhip","BattleHymn","Halt"],"picked":"SKIP","floor":30.0},{"not_picked":["JustLucky","EmptyMind","Prostrate"],"picked":"SKIP","floor":31.0},{"not_picked":["LessonLearned","Devotion"],"picked":"Omniscience","floor":33.0},{"not_picked":["Wallop","SandsOfTime+1","Consecrate+1"],"picked":"SKIP","floor":35.0},{"not_picked":["Fasting2+1","JustLucky","FollowUp+1"],"picked":"SKIP","floor":36.0},{"not_picked":["CrushJoints","EmptyFist+1","BowlingBash+1"],"picked":"SKIP","floor":38.0},{"not_picked":["MasterReality","Evaluate+1","Conclude+1"],"picked":"SKIP","floor":39.0},{"not_picked":["Ragnarok","Crescendo+1","EmptyBody+1"],"picked":"SKIP","floor":40},{"not_picked":["CarveReality+1","FlurryOfBlows"],"picked":"TalkToTheHand+1","floor":41},{"not_picked":["Secret Technique","Blind"],"picked":"Flash of Steel","floor":45},{"not_picked":["Panacea","Sadistic Nature"],"picked":"Finesse","floor":45},{"not_picked":["Collect+1","Worship","SashWhip+1"],"picked":"SKIP","floor":46},{"not_picked":["FlyingSleeves+1","CrushJoints","Consecrate"],"picked":"SKIP","floor":48}],"player_experience":1470170,"relics_obtained":[{"floor":7.0,"key":"MawBank"},{"floor":9.0,"key":"Toy Ornithopter"},{"floor":10.0,"key":"Sundial"},{"floor":14.0,"key":"Omamori"},{"floor":26.0,"key":"Bag of Preparation"},{"floor":28.0,"key":"Red Mask"},{"floor":40,"key":"Oddly Smooth Stone"},{"floor":41,"key":"Turnip"},{"floor":47,"key":"Frozen Egg 2"}],"event_choices":[{"damage_healed":0.0,"max_hp_gain":0.0,"max_hp_loss":0.0,"gold_gain":75.0,"event_name":"World of Goop","player_choice":"Gather Gold","floor":3.0,"gold_loss":0.0,"damage_taken":11.0},{"cards_removed":["Strike_P"],"damage_healed":0.0,"max_hp_gain":0.0,"max_hp_loss":0.0,"gold_gain":0.0,"event_name":"Purifier","player_choice":"Purged","floor":12.0,"gold_loss":0.0,"damage_taken":0.0},{"cards_removed":["Strike_P"],"damage_healed":0.0,"max_hp_gain":0.0,"max_hp_loss":0.0,"gold_gain":0.0,"event_name":"Beggar","player_choice":"Gave Gold","floor":19.0,"gold_loss":75.0,"damage_taken":0.0},{"damage_healed":0.0,"max_hp_gain":0.0,"max_hp_loss":0.0,"gold_gain":0.0,"event_name":"Addict","player_choice":"Obtained Relic","floor":21.0,"gold_loss":85.0,"damage_taken":0.0,"relics_obtained":["TungstenRod"]},{"cards_removed":["Strike_P"],"damage_healed":0.0,"max_hp_gain":0.0,"max_hp_loss":0.0,"gold_gain":0.0,"event_name":"Back to Basics","player_choice":"Elegance","floor":22.0,"gold_loss":0.0,"damage_taken":0.0},{"damage_healed":0.0,"max_hp_gain":0.0,"max_hp_loss":0.0,"gold_gain":0.0,"event_name":"Vampires","player_choice":"Ignored","floor":25.0,"gold_loss":0.0,"damage_taken":0.0},{"damage_healed":0.0,"max_hp_gain":0.0,"max_hp_loss":0.0,"gold_gain":0.0,"event_name":"Masked Bandits","player_choice":"Fought Bandits","floor":28.0,"gold_loss":0.0,"damage_taken":0.0},{"damage_healed":0.0,"max_hp_gain":0.0,"max_hp_loss":0.0,"gold_gain":222.0,"event_name":"Tomb of Lord Red Mask","player_choice":"Wore Mask","floor":37.0,"gold_loss":0.0,"damage_taken":0.0},{"damage_healed":0,"gold_gain":0,"player_choice":"Fight","damage_taken":0,"max_hp_gain":0,"max_hp_loss":0,"event_name":"MindBloom","floor":41,"gold_loss":0},{"damage_healed":0,"gold_gain":0,"player_choice":"Memory 3","damage_taken":10,"max_hp_gain":0,"max_hp_loss":0,"event_name":"SensoryStone","floor":45,"gold_loss":0}],"is_beta":false,"boss_relics":[{"not_picked":["Empty Cage","SlaversCollar"],"picked":"VioletLotus"},{"not_picked":["Snecko Eye","Runic Dome"],"picked":"SacredBark"}],"items_purged_floors":[27],"is_endless":false,"potions_floor_spawned":[1,5,14,18,20,28,30,31,36,40,46],"killed_by":"Time Eater","ascension_level":7}}