{"host":"6j58jkkyymxffvqd","time":1613402867,"event":{"mods":["2.2 Compatiblity","Astrologer","Bard","BaseMod","DeckTracker","Hermit","Hubris","Infinite Spire","Lobotomy","LobotomyExtend","Minty Spire (QoL Compilation)","Prisma Mod","Replay The Spire","StSLib","The Blue Laboratory","The Cursed","The Disciple","The Necromancer","TheBandit","UnlockEverythingMod"],"gold_per_floor":[100,100,112,129,129,129,129],"floor_reached":6,"language":"ENG","playtime":441,"items_purged":[],"score":40,"play_id":"8f2ba753-89c4-4bd0-8697-0e3a107a699f","local_time":"20210216002747","is_ascension_mode":true,"campfire_choices":[],"circlet_count":0,"master_deck":["SpecialBullet","SpecialBullet","SpecialBullet","SpecialBullet","SpecialBullet","SpecialBullet","SpecialBullet","SpecialBullet","SecurityCode","ControlCode","ExtractionCode","RapturousDream","Noise","Soda","NothingThere"],"relics":["CogitoBucket","NeowsBlessing","LetterFromLob","infinitespire:CheckeredPen"],"acts_visited":["Exordium"],"potions_floor_usage":[],"damage_taken":[{"damage":0.0,"enemies":"Small Slimes","floor":1.0,"turns":1.0},{"damage":0.0,"enemies":"infinitespire:Voidling","floor":2.0,"turns":1.0},{"damage":0.0,"enemies":"Jaw Worm","floor":3.0,"turns":2.0},{"damage":30,"enemies":"Large Slime","floor":4,"turns":6},{"damage":62,"enemies":"Gremlin Nob","floor":6,"turns":3}],"seed_played":"-4576003151773528218","potions_obtained":[{"floor":1.0,"key":"FearPotion"}],"is_trial":false,"path_per_floor":["M","M","M","M","?","E"],"character_chosen":"Angela","items_purchased":[],"campfire_rested":0,"item_purchase_floors":[],"current_hp_per_floor":[70,70,70,51,51,0,0],"gold":129,"neow_bonus":"THREE_ENEMY_KILL","is_daily":false,"chose_seed":false,"campfire_upgraded":0,"win_rate":0.0,"timestamp":1613402867,"path_taken":["M","M","M","M","?","E"],"items_purchased_type":[],"build_version":"2020-12-22","purchased_purges":0,"victory":false,"max_hp_per_floor":[70,70,70,70,70,70,70],"card_choices":[{"not_picked":["FourthMatchFlame"],"picked":"RapturousDream","floor":1.0},{"not_picked":["InTheNameOfLoveAndHate","BlackSwan_ego"],"picked":"SKIP","floor":1.0},{"not_picked":["Hornet"],"picked":"Noise","floor":2.0},{"not_picked":["WristCuter","Wingbeat"],"picked":"Soda","floor":3},{"not_picked":["FieryBird","SingingMachine"],"picked":"NothingThere","floor":4},{"not_picked":["Loneliness","Lantern","Horn"],"picked":"SKIP","floor":4},{"not_picked":["Lantern","Penitence","SomewhereSpear"],"picked":"SKIP","floor":4}],"player_experience":63485,"relics_obtained":[{"floor":1.0,"key":"LetterFromLob"}],"event_choices":[{"damage_healed":0,"gold_gain":0,"player_choice":"Gave Potion","damage_taken":0,"relics_obtained":["infinitespire:CheckeredPen"],"max_hp_gain":0,"max_hp_loss":0,"event_name":"WeMeetAgain","floor":5,"gold_loss":0}],"is_beta":false,"boss_relics":[],"items_purged_floors":[],"is_endless":false,"potions_floor_spawned":[1],"killed_by":"Gremlin Nob","ascension_level":1}}