{"host":"xsuxkwaivmtd234a","time":1613410019,"event":{"mods":["BaseMod","Bestiary","Colored Map","Filter the Spire","Minty Spire (QoL Compilation)","Relic Stats","StSLib"],"gold_per_floor":[116,126,86,106,119,161,161,196,196,230,4,46,11,11,11,116,116,137,37,46,55,154,154,191,191,218,218,246,273,273,282,282,396,450,471,229,247,60,2,2,26,68,68,102,150,150,183,210,210,210,210,210,27,70,70],"floor_reached":56,"language":"ENG","playtime":8282,"items_purged":["Strike_R","Strike_R"],"score":1629,"play_id":"3b90d118-6e0b-461f-8a82-e9d1866a6d19","local_time":"20210215122659","is_ascension_mode":true,"campfire_choices":[{"floor":7.0,"key":"REST"},{"data":"Uppercut","floor":15.0,"key":"SMITH"},{"floor":23.0,"key":"REST"},{"data":"Feed","floor":25.0,"key":"SMITH"},{"data":"Shockwave","floor":27.0,"key":"SMITH"},{"data":"Limit Break","floor":32.0,"key":"SMITH"},{"data":"Demon Form","floor":40.0,"key":"SMITH"},{"floor":46.0,"key":"RECALL"},{"data":"Enlightenment","floor":49.0,"key":"SMITH"},{"data":"Shockwave","floor":52,"key":"SMITH"}],"circlet_count":0,"master_deck":["Bash","Carnage","Anger","Disarm","Thunderclap","Reaper","Corruption","Uppercut+1","Limit Break+1","Carnage","Shockwave+1","Feed+1","True Grit+1","Demon Form+1","Exhume","Juggernaut","Sever Soul","Warcry","Pummel","Entrench","Clothesline","Shrug It Off+1","Flame Barrier","Heavy Blade","Ghostly Armor","Shockwave+1","Fire Breathing+1","Heavy Blade+1","Magnetism","Enlightenment+1","PanicButton","Shrug It Off","Fiend Fire+1"],"relics":["Runic Pyramid","CeramicFish","Paper Frog","Blue Candle","Ornamental Fan","Strange Spoon","Lantern","Snecko Eye","Mercury Hourglass","Darkstone Periapt","Blood Vial","TungstenRod","Pandora\u0027s Box","Medical Kit","ClockworkSouvenir","Akabeko","Anchor","Molten Egg 2","FossilizedHelix","InkBottle","OrangePellets","Self Forming Clay"],"acts_visited":["Exordium","TheCity","TheBeyond","TheEnding"],"potions_floor_usage":[],"damage_taken":[{"damage":3.0,"enemies":"2 Louse","floor":1.0,"turns":3.0},{"damage":0.0,"enemies":"Cultist","floor":2.0,"turns":2.0},{"damage":0.0,"enemies":"Small Slimes","floor":4.0,"turns":2.0},{"damage":8.0,"enemies":"Blue Slaver","floor":5.0,"turns":2.0},{"damage":15.0,"enemies":"3 Sentries","floor":6.0,"turns":7.0},{"damage":14.0,"enemies":"Gremlin Nob","floor":8.0,"turns":3.0},{"damage":39.0,"enemies":"Lagavulin","floor":10.0,"turns":8.0},{"damage":16.0,"enemies":"Gremlin Nob","floor":12.0,"turns":4.0},{"damage":25.0,"enemies":"The Guardian","floor":16.0,"turns":13.0},{"damage":28.0,"enemies":"Chosen","floor":18.0,"turns":7.0},{"damage":13.0,"enemies":"Book of Stabbing","floor":24.0,"turns":4.0},{"damage":1.0,"enemies":"Spheric Guardian","floor":28.0,"turns":3.0},{"damage":4.0,"enemies":"Slavers","floor":29.0,"turns":3.0},{"damage":41.0,"enemies":"Automaton","floor":33.0,"turns":7.0},{"damage":3.0,"enemies":"Orb Walker","floor":35.0,"turns":3.0},{"damage":0.0,"enemies":"3 Darklings","floor":37.0,"turns":3.0},{"damage":10.0,"enemies":"Sphere and 2 Shapes","floor":41.0,"turns":4.0},{"damage":0.0,"enemies":"Giant Head","floor":42.0,"turns":5.0},{"damage":8.0,"enemies":"Nemesis","floor":44.0,"turns":5.0},{"damage":25.0,"enemies":"2 Orb Walkers","floor":45.0,"turns":4.0},{"damage":0.0,"enemies":"Giant Head","floor":47.0,"turns":6.0},{"damage":47,"enemies":"Awakened One","floor":50,"turns":11},{"damage":74,"enemies":"Shield and Spear","floor":54,"turns":13},{"damage":46,"enemies":"The Heart","floor":55,"turns":9}],"seed_played":"-8033499881036062630","potions_obtained":[{"floor":1.0,"key":"Weak Potion"},{"floor":3.0,"key":"Regen Potion"},{"floor":3.0,"key":"AttackPotion"},{"floor":5.0,"key":"PowerPotion"},{"floor":6.0,"key":"Energy Potion"},{"floor":16.0,"key":"Explosive Potion"},{"floor":28.0,"key":"SteroidPotion"},{"floor":44.0,"key":"FearPotion"}],"is_trial":false,"path_per_floor":["M","M","?","M","M","E","R","E","T","E","$","E","?","$","R","B",null,"M","$","?","?","?","R","E","R","T","R","M","E","?","?","R","B",null,"M","$","M","$","?","R","M","E","T","E","?","R","E","?","R","B",null,"R","$","E","B",null],"character_chosen":"IRONCLAD","items_purchased":["Strange Spoon","Medical Kit","Flame Barrier","Heavy Blade","ClockworkSouvenir","Ghostly Armor","OrangePellets","Shrug It Off"],"campfire_rested":2,"item_purchase_floors":[11,36,36,36,38,38,53,53],"current_hp_per_floor":[77,77,77,77,69,54,78,64,64,44,44,28,48,48,48,30,68,44,44,44,44,44,68,62,62,62,62,67,79,79,79,79,62,82,88,88,88,88,88,88,82,88,88,100,93,93,112,103,103,78,104,104,104,62,81],"gold":70,"neow_bonus":"BOSS_RELIC","is_daily":false,"chose_seed":false,"campfire_upgraded":7,"win_rate":0.0,"timestamp":1613410019,"path_taken":["M","M","?","M","?","E","R","E","T","E","?","E","?","$","R","BOSS","M","$","?","?","?","R","E","R","T","R","M","E","?","?","R","BOSS","M","$","?","$","?","R","?","E","T","E","?","R","E","?","R","BOSS","R","$","E","BOSS"],"items_purchased_type":["Relic","Relic","Card","Card","Relic","Card","Relic","Card"],"build_version":"2020-12-22","purchased_purges":2,"victory":true,"max_hp_per_floor":[80,80,80,80,80,80,80,80,80,80,80,80,80,80,80,80,80,80,80,80,80,80,80,80,80,80,80,84,88,88,88,88,88,88,88,88,88,88,88,88,92,96,96,100,108,108,112,112,112,112,112,112,112,116,120],"relic_stats":{"Darkstone Periapt":0,"counters":[24,131],"Self Forming Clay":[48],"CeramicFish":270,"Blue Candle":[2],"Medical Kit":[9],"Mercury Hourglass":[282],"Blood Vial":20,"Strange Spoon":[101],"OrangePellets":[6],"Ornamental Fan":[96],"Snecko Eye":[107,91,98,83],"Pandora\u0027s Box":["Juggernaut","Sever Soul","Warcry","Pummel","Entrench","Clothesline"],"obtain_stats":[{"Darkstone Periapt":24,"Lantern":12,"Self Forming Clay":54,"CeramicFish":6,"Blue Candle":9,"Medical Kit":36,"Burning Blood":0,"Akabeko":39,"Mercury Hourglass":20,"ClockworkSouvenir":38,"Blood Vial":26,"Strange Spoon":11,"OrangePellets":53,"Anchor":42,"Ornamental Fan":10,"Snecko Eye":17,"Pandora\u0027s Box":34,"Molten Egg 2":44,"TungstenRod":29,"FossilizedHelix":45,"InkBottle":47,"Runic Pyramid":0,"Paper Frog":8},{"Darkstone Periapt":11,"Lantern":8,"Self Forming Clay":23,"CeramicFish":5,"Blue Candle":6,"Medical Kit":15,"Burning Blood":0,"Akabeko":16,"Mercury Hourglass":10,"ClockworkSouvenir":16,"Blood Vial":11,"Strange Spoon":7,"OrangePellets":22,"Anchor":18,"Ornamental Fan":7,"Snecko Eye":9,"Pandora\u0027s Box":14,"Molten Egg 2":19,"TungstenRod":13,"FossilizedHelix":20,"InkBottle":21,"Runic Pyramid":0,"Paper Frog":6},{"Darkstone Periapt":55,"Lantern":31,"Self Forming Clay":122,"CeramicFish":16,"Blue Candle":19,"Medical Kit":71,"Burning Blood":0,"Akabeko":74,"Mercury Hourglass":51,"ClockworkSouvenir":74,"Blood Vial":55,"Strange Spoon":27,"OrangePellets":109,"Anchor":83,"Ornamental Fan":27,"Snecko Eye":44,"Pandora\u0027s Box":68,"Molten Egg 2":88,"TungstenRod":61,"FossilizedHelix":92,"InkBottle":98,"Runic Pyramid":0,"Paper Frog":19}],"TungstenRod":55,"InkBottle":[12]},"card_choices":[{"not_picked":["Perfected Strike","Burning Pact"],"picked":"Carnage","floor":1.0},{"not_picked":["Perfected Strike","Flex","Blood for Blood"],"picked":"SKIP","floor":2.0},{"not_picked":["Headbutt","Clash"],"picked":"Anger","floor":4.0},{"not_picked":["Carnage","Dual Wield"],"picked":"Disarm","floor":5.0},{"not_picked":["Rage","Sentinel"],"picked":"Thunderclap","floor":6.0},{"not_picked":["Bloodletting","Hemokinesis"],"picked":"Reaper","floor":8.0},{"not_picked":["True Grit","Reckless Charge"],"picked":"Corruption","floor":10.0},{"not_picked":["Fire Breathing","Shockwave"],"picked":"Uppercut","floor":12.0},{"not_picked":["Reaper","Berserk"],"picked":"Limit Break","floor":16.0},{"not_picked":["Havoc","Rampage"],"picked":"Carnage","floor":18.0},{"not_picked":["Disarm","Hemokinesis"],"picked":"Feed","floor":24.0},{"not_picked":["Clash","Anger"],"picked":"True Grit+1","floor":28.0},{"not_picked":["Headbutt+1","Clash","Rampage"],"picked":"SKIP","floor":29.0},{"not_picked":["Corruption","Limit Break"],"picked":"Exhume","floor":33.0},{"not_picked":["Infernal Blade+1","Thunderclap"],"picked":"Shrug It Off+1","floor":35.0},{"not_picked":["Seeing Red","Dropkick","Cleave+1"],"picked":"SKIP","floor":37.0},{"not_picked":["Thunderclap+1","Anger+1"],"picked":"Shockwave","floor":41.0},{"not_picked":["Twin Strike+1","Cleave"],"picked":"Fire Breathing+1","floor":42.0},{"not_picked":["Cleave+1","Flex"],"picked":"Heavy Blade+1","floor":44.0},{"not_picked":["Offering","Inflame+1","Heavy Blade+1"],"picked":"SKIP","floor":47.0},{"not_picked":["Deep Breath","Panacea"],"picked":"Magnetism","floor":48.0},{"not_picked":["Secret Technique","Forethought"],"picked":"Enlightenment","floor":48.0},{"not_picked":["Impatience","Mind Blast+1"],"picked":"PanicButton","floor":48.0},{"not_picked":["Combust+1","Havoc"],"picked":"Fiend Fire+1","floor":54}],"player_experience":1258412,"relics_obtained":[{"floor":6.0,"key":"CeramicFish"},{"floor":8.0,"key":"Paper Frog"},{"floor":9.0,"key":"Blue Candle"},{"floor":10.0,"key":"Ornamental Fan"},{"floor":12.0,"key":"Lantern"},{"floor":24.0,"key":"Darkstone Periapt"},{"floor":26.0,"key":"Blood Vial"},{"floor":29.0,"key":"TungstenRod"},{"floor":42.0,"key":"Anchor"},{"floor":44.0,"key":"Molten Egg 2"},{"floor":45.0,"key":"FossilizedHelix"},{"floor":47.0,"key":"InkBottle"},{"floor":54,"key":"Self Forming Clay"}],"event_choices":[{"damage_healed":0.0,"max_hp_gain":0.0,"max_hp_loss":0.0,"gold_gain":0.0,"event_name":"The Woman in Blue","player_choice":"Bought 3 Potions","floor":3.0,"gold_loss":0.0,"damage_taken":0.0},{"damage_healed":20.0,"max_hp_gain":0.0,"max_hp_loss":0.0,"gold_gain":0.0,"event_name":"The Cleric","player_choice":"Healed","floor":13.0,"gold_loss":35.0,"damage_taken":0.0},{"damage_healed":0.0,"max_hp_gain":0.0,"max_hp_loss":0.0,"gold_gain":0.0,"event_name":"Addict","player_choice":"Stole Relic","floor":20.0,"gold_loss":0.0,"damage_taken":0.0,"relics_obtained":["Mercury Hourglass"],"cards_obtained":["Shame"]},{"damage_healed":0.0,"max_hp_gain":0.0,"max_hp_loss":0.0,"gold_gain":0.0,"event_name":"The Library","player_choice":"Read","floor":21.0,"gold_loss":0.0,"damage_taken":0.0,"cards_obtained":["Shockwave"]},{"damage_healed":0.0,"max_hp_gain":0.0,"max_hp_loss":0.0,"gold_gain":99.0,"event_name":"Nest","player_choice":"Stole From Cult","floor":22.0,"gold_loss":0.0,"damage_taken":0.0},{"cards_removed":["Shame"],"damage_healed":0.0,"max_hp_gain":0.0,"max_hp_loss":0.0,"gold_gain":0.0,"event_name":"Back to Basics","player_choice":"Elegance","floor":30.0,"gold_loss":0.0,"damage_taken":0.0},{"cards_removed":["Strike_R"],"damage_healed":0.0,"max_hp_gain":0.0,"max_hp_loss":0.0,"gold_gain":0.0,"event_name":"NoteForYourself","player_choice":"Took Card","floor":31.0,"gold_loss":0.0,"damage_taken":0.0,"cards_obtained":["Demon Form"]},{"damage_healed":0.0,"max_hp_gain":0.0,"max_hp_loss":0.0,"gold_gain":0.0,"event_name":"WeMeetAgain","player_choice":"Paid Gold","floor":39.0,"gold_loss":58.0,"damage_taken":0.0,"relics_obtained":["Akabeko"]},{"damage_healed":0.0,"max_hp_gain":0.0,"max_hp_loss":0.0,"gold_gain":0.0,"event_name":"Mysterious Sphere","player_choice":"Fight","floor":45.0,"gold_loss":0.0,"damage_taken":0.0},{"damage_healed":0.0,"max_hp_gain":0.0,"max_hp_loss":0.0,"gold_gain":0.0,"event_name":"SensoryStone","player_choice":"Memory 3","floor":48.0,"gold_loss":0.0,"damage_taken":10.0}],"is_beta":false,"boss_relics":[{"not_picked":["Calling Bell","Cursed Key"],"picked":"Snecko Eye"},{"not_picked":["SacredBark","Empty Cage"],"picked":"Pandora\u0027s Box"}],"items_purged_floors":[11,19],"is_endless":false,"potions_floor_spawned":[1,5,6,16,28,29,33,35,42,44],"ascension_level":5}}