{"host":"oi6p1guiqfwwvxym","time":1613419005,"event":{"mods":["BaseMod","Bestiary","Colored Map","Minty Spire (QoL Compilation)","Relic Stats"],"gold_per_floor":[116,131,149,149,27,53,53,67,92,119,44,44,64,98,98,176,176,187,187,187],"floor_reached":19,"language":"ENG","playtime":867,"items_purged":["Strike_R"],"score":374,"play_id":"9cf434dc-34d2-47f5-b19b-6ca07cd8a9da","local_time":"20210215115645","is_ascension_mode":true,"campfire_choices":[{"data":"Carnage","floor":7,"key":"SMITH"},{"data":"Infernal Blade","floor":12,"key":"SMITH"},{"data":"Feel No Pain","floor":15,"key":"SMITH"}],"circlet_count":0,"master_deck":["AscendersBane","Strike_R","Strike_R","Strike_R","Defend_R","Defend_R","Defend_R","Defend_R","Bash","Seeing Red","Headbutt","Infernal Blade+1","Feel No Pain+1","Carnage+1","Spot Weakness","Clothesline","Shrug It Off","Feed","Pommel Strike"],"relics":["Burning Blood","Oddly Smooth Stone","Red Skull","PreservedInsect","Dream Catcher","Orichalcum","Philosopher\u0027s Stone"],"acts_visited":["Exordium","TheCity"],"potions_floor_usage":[6,10],"damage_taken":[{"damage":5,"enemies":"Cultist","floor":1,"turns":4},{"damage":6,"enemies":"Small Slimes","floor":2,"turns":5},{"damage":7,"enemies":"Jaw Worm","floor":3,"turns":3},{"damage":14,"enemies":"3 Sentries","floor":6,"turns":10},{"damage":8,"enemies":"Blue Slaver","floor":8,"turns":3},{"damage":11,"enemies":"Gremlin Nob","floor":10,"turns":3},{"damage":8,"enemies":"Looter","floor":13,"turns":3},{"damage":10,"enemies":"Lagavulin","floor":14,"turns":5},{"damage":18,"enemies":"Slime Boss","floor":16,"turns":9},{"damage":24,"enemies":"Spheric Guardian","floor":18,"turns":5},{"damage":48,"enemies":"Masked Bandits","floor":19,"turns":3}],"seed_played":"-6038183682344501650","potions_obtained":[{"floor":1,"key":"HeartOfIron"},{"floor":3,"key":"SmokeBomb"},{"floor":8,"key":"AttackPotion"},{"floor":13,"key":"ElixirPotion"}],"is_trial":false,"path_per_floor":["M","M","M","?","$","E","R","M","T","E","$","R","M","E","R","B",null,"M","?"],"character_chosen":"IRONCLAD","items_purchased":["Feel No Pain","Carnage"],"campfire_rested":0,"item_purchase_floors":[5,5],"current_hp_per_floor":[69,69,68,68,68,60,60,58,58,53,53,53,51,47,47,35,65,47,0,0],"gold":187,"neow_bonus":"RANDOM_COMMON_RELIC","is_daily":false,"chose_seed":false,"campfire_upgraded":3,"win_rate":0.0,"timestamp":1613419005,"path_taken":["M","M","M","?","$","E","R","M","T","E","?","R","M","E","R","BOSS","M","?"],"items_purchased_type":["Card","Card"],"build_version":"2020-12-22","purchased_purges":1,"victory":false,"max_hp_per_floor":[75,75,75,75,75,75,75,75,75,75,75,75,75,75,75,75,75,75,75,75],"relic_stats":{"Dream Catcher":0,"counters":[11,53],"PreservedInsect":52,"Orichalcum":[42],"obtain_stats":[{"Dream Catcher":10,"Oddly Smooth Stone":0,"Philosopher\u0027s Stone":17,"PreservedInsect":9,"Orichalcum":14,"Burning Blood":0,"Red Skull":6},{"Dream Catcher":6,"Oddly Smooth Stone":0,"Philosopher\u0027s Stone":9,"PreservedInsect":5,"Orichalcum":8,"Burning Blood":0,"Red Skull":4},{"Dream Catcher":28,"Oddly Smooth Stone":0,"Philosopher\u0027s Stone":45,"PreservedInsect":25,"Orichalcum":36,"Burning Blood":0,"Red Skull":22}],"Burning Blood":60},"card_choices":[{"not_picked":["Body Slam","Heavy Blade"],"picked":"Seeing Red","floor":1},{"not_picked":["Heavy Blade","Rage"],"picked":"Headbutt","floor":2},{"not_picked":["Body Slam","True Grit"],"picked":"Infernal Blade","floor":3},{"not_picked":["Wild Strike","Seeing Red"],"picked":"Spot Weakness","floor":6},{"not_picked":["Anger","Havoc"],"picked":"Clothesline","floor":8},{"not_picked":["Clothesline","Clash","Dual Wield"],"picked":"SKIP","floor":10},{"not_picked":["Carnage","Twin Strike","Bloodletting"],"picked":"SKIP","floor":13},{"not_picked":["Twin Strike","Clothesline"],"picked":"Shrug It Off","floor":14},{"not_picked":["Reaper","Demon Form"],"picked":"Feed","floor":16},{"not_picked":["Clothesline","Warcry"],"picked":"Pommel Strike","floor":18}],"player_experience":441343,"relics_obtained":[{"floor":6,"key":"Red Skull"},{"floor":9,"key":"PreservedInsect"},{"floor":10,"key":"Dream Catcher"},{"floor":14,"key":"Orichalcum"}],"event_choices":[{"cards_removed":["Strike_R"],"damage_healed":0,"gold_gain":0,"player_choice":"Offered Basic","damage_taken":0,"max_hp_gain":0,"max_hp_loss":0,"event_name":"Bonfire Elementals","floor":4,"gold_loss":0},{"damage_healed":0,"gold_gain":0,"player_choice":"Fought Bandits","damage_taken":0,"max_hp_gain":0,"max_hp_loss":0,"event_name":"Masked Bandits","floor":19,"gold_loss":0}],"is_beta":false,"boss_relics":[{"not_picked":["SlaversCollar","Astrolabe"],"picked":"Philosopher\u0027s Stone"}],"items_purged_floors":[11],"is_endless":false,"potions_floor_spawned":[1,3,8,13],"killed_by":"Masked Bandits","ascension_level":20}}