{"host":"mo324zvkdr1xwprd","time":1613398575,"event":{"mods":["A Penny For Your Troubles","BaseMod","Better Note","Better Third Choice","BetterRewards","Hermit","Highlight Path","Hubris","Infinite Spire","Minty Spire (QoL Compilation)","Quick Restart","Rare Cards Sparkle","Shop Mod","StSLib","The Cursed","The Hierophant","Transform Curses"],"gold_per_floor":[109,122,135,38,38,38,38],"floor_reached":6,"language":"ENG","playtime":303,"items_purged":[],"score":72,"play_id":"445d7f74-b36e-4ea3-b6dd-50c455e1e6bc","local_time":"20210215141615","is_ascension_mode":true,"campfire_choices":[],"circlet_count":0,"master_deck":["AscendersBane","Strike_G","Strike_G","Strike_G","Strike_G","Strike_G","Defend_G","Defend_G","Defend_G","Defend_G","Defend_G","Survivor","Neutralize","Good Instincts","Accuracy","Trip","Deflect","Violence","Masterful Stab","Masterful Stab","Deflect","Bandage Up","Burn+1"],"relics":["Ring of the Snake","hubris:Potato","Lantern","hubris:Metronome","Red Mask","Question Card","Shovel","Ornamental Fan"],"acts_visited":["Exordium"],"potions_floor_usage":[6],"damage_taken":[{"damage":0.0,"enemies":"Small Slimes","floor":1.0,"turns":3.0},{"damage":0.0,"enemies":"Jaw Worm","floor":2.0,"turns":2.0},{"damage":0.0,"enemies":"2 Louse","floor":3.0,"turns":1.0},{"damage":27,"enemies":"Nightmare","floor":6,"turns":6}],"seed_played":"-7092270774253092179","potions_obtained":[{"floor":3.0,"key":"Fire Potion"}],"is_trial":false,"path_per_floor":["M","M","M","$","?","NM"],"character_chosen":"THE_SILENT","items_purchased":["Lantern","Accuracy","Question Card","Ornamental Fan","Trip","Deflect","Violence","Bandage Up"],"campfire_rested":0,"item_purchase_floors":[0,0,0,0,0,0,0,4],"current_hp_per_floor":[17,17,17,17,17,0,0],"gold":38,"neow_bonus":"","is_daily":false,"chose_seed":false,"campfire_upgraded":0,"win_rate":0.0,"timestamp":1613398575,"path_taken":["M","M","M","$","?","E"],"items_purchased_type":["Relic","Card","Relic","Relic","Card","Card","Card","Card"],"build_version":"2020-12-22","purchased_purges":0,"victory":false,"max_hp_per_floor":[66,66,66,66,66,66,66],"card_choices":[{"not_picked":["hubris:SlightOfHand","Dodge and Roll","Tactician"],"picked":"Masterful Stab","floor":1.0},{"not_picked":["Poisoned Stab","Dash","Well Laid Plans"],"picked":"Masterful Stab","floor":2.0},{"not_picked":["PiercingWail","Crippling Poison","Dagger Throw"],"picked":"Deflect","floor":3.0}],"player_experience":673334,"relics_obtained":[],"event_choices":[{"damage_healed":17.0,"max_hp_gain":0.0,"max_hp_loss":66.0,"gold_gain":0.0,"event_name":"betterThird:BetterShining","player_choice":"Embrace Burn","floor":5.0,"gold_loss":0.0,"damage_taken":0.0}],"is_beta":false,"boss_relics":[],"items_purged_floors":[],"is_endless":false,"potions_floor_spawned":[3],"killed_by":"Nightmare","ascension_level":20}}