{"host":"juzxcsbtp4zm18uq","time":1613349523,"event":{"mods":["BaseMod","Colored Map","DeckTracker","Highlight Path","Minty Spire (QoL Compilation)","Relic Stats"],"gold_per_floor":[119,132,22,22,34,65,65,78,128,128,153,172,44,58,58,161,161,174,174,159,171,171,171,202,202,202,219,62,62,62,62,62,163,163,173,186,186,197,47,77,77,40,40,58,58,70,96,115,115,115],"floor_reached":51,"language":"ENG","playtime":9736,"items_purged":["Strike_B"],"score":702,"play_id":"e535efa9-4074-45ce-b28d-41f73ee80e55","local_time":"20210215003843","is_ascension_mode":false,"campfire_choices":[{"floor":7.0,"key":"REST"},{"floor":15.0,"key":"REST"},{"floor":23.0,"key":"REST"},{"floor":25.0,"key":"REST"},{"data":"Machine Learning","floor":30.0,"key":"SMITH"},{"data":"Enlightenment","floor":32.0,"key":"SMITH"},{"data":"Creative AI","floor":41,"key":"SMITH"},{"floor":49,"key":"REST"}],"circlet_count":0,"master_deck":["Strike_B","Strike_B","Defend_B","Defend_B","Zap","Dualcast","Coolheaded","Stack","Sweeping Beam","Enlightenment+1","FTL","Creative AI+1","Conserve Battery","Streamline","Storm+1","Discovery","Hologram","Machine Learning+1","Static Discharge+1","Conserve Battery","Compile Driver","Compile Driver","Steam+1","Static Discharge","Conserve Battery+1","Darkness+1","Fission+1","Double Energy+1","Capacitor","Storm+1","Defragment","White Noise+1","Iron Wave","Consume+1","Self Repair+1"],"relics":["FrozenCore","Mummified Hand","Blood Vial","Pear","MealTicket","Toxic Egg 2","Nloth\u0027s Gift","Empty Cage","Shuriken","Kunai","Vajra"],"acts_visited":["Exordium","TheCity","TheBeyond"],"potions_floor_usage":[44,47,50,50],"damage_taken":[{"damage":2.0,"enemies":"2 Louse","floor":1.0,"turns":2.0},{"damage":8.0,"enemies":"Small Slimes","floor":2.0,"turns":3.0},{"damage":4.0,"enemies":"Jaw Worm","floor":5.0,"turns":4.0},{"damage":21.0,"enemies":"3 Sentries","floor":6.0,"turns":7.0},{"damage":8.0,"enemies":"Exordium Thugs","floor":8.0,"turns":7.0},{"damage":26.0,"enemies":"Gremlin Gang","floor":12.0,"turns":6.0},{"damage":5.0,"enemies":"Looter","floor":14.0,"turns":3.0},{"damage":30.0,"enemies":"Slime Boss","floor":16.0,"turns":6.0},{"damage":4.0,"enemies":"Shell Parasite","floor":18.0,"turns":6.0},{"damage":13.0,"enemies":"2 Thieves","floor":20.0,"turns":4.0},{"damage":29.0,"enemies":"3 Cultists","floor":21.0,"turns":5.0},{"damage":25.0,"enemies":"Book of Stabbing","floor":24.0,"turns":6.0},{"damage":11.0,"enemies":"Shelled Parasite and Fungi","floor":27.0,"turns":6.0},{"damage":72.0,"enemies":"Automaton","floor":33.0,"turns":12.0},{"damage":10,"enemies":"Orb Walker","floor":35,"turns":3},{"damage":11,"enemies":"3 Shapes","floor":36,"turns":4},{"damage":13,"enemies":"Sphere and 2 Shapes","floor":38,"turns":6},{"damage":13,"enemies":"Nemesis","floor":40,"turns":7},{"damage":0,"enemies":"4 Shapes","floor":44,"turns":2},{"damage":10,"enemies":"3 Darklings","floor":46,"turns":4},{"damage":5,"enemies":"Giant Head","floor":47,"turns":5},{"damage":22,"enemies":"Sphere and 2 Shapes","floor":48,"turns":4},{"damage":102,"enemies":"Awakened One","floor":50,"turns":9}],"seed_played":"-2236979183384641644","potions_obtained":[{"floor":6.0,"key":"SkillPotion"},{"floor":14.0,"key":"Energy Potion"},{"floor":16.0,"key":"Explosive Potion"},{"floor":18.0,"key":"Swift Potion"},{"floor":21.0,"key":"PotionOfCapacity"},{"floor":24.0,"key":"FairyPotion"},{"floor":27.0,"key":"ColorlessPotion"},{"floor":33.0,"key":"PowerPotion"},{"floor":38,"key":"Fire Potion"},{"floor":46,"key":"CultistPotion"},{"floor":47,"key":"Ancient Potion"}],"is_trial":false,"path_per_floor":["M","M","$","?","M","E","R","M","T","?","T","M","$","M","R","B",null,"M","?","M","M","T","R","E","R","T","M","$","?","R","?","R","B",null,"M","M","?","M","$","E","R","$","T","M","?","M","E","M","R","B",null],"character_chosen":"DEFECT","items_purchased":["Sweeping Beam","Enlightenment","Storm","Discovery","Static Discharge","Conserve Battery+1","Darkness+1","Capacitor","Defragment"],"campfire_rested":5,"item_purchase_floors":[3,3,13,13,28,28,28,39,42],"current_hp_per_floor":[80,72,72,72,68,47,71,63,63,82,82,56,56,53,77,52,82,78,78,67,45,55,82,64,91,91,86,92,92,92,92,92,20,89,79,70,70,59,74,63,63,78,78,80,80,72,69,49,75,12],"gold":115,"neow_bonus":"TEN_PERCENT_HP_BONUS","is_daily":false,"chose_seed":false,"campfire_upgraded":3,"win_rate":0.0,"timestamp":1613349523,"path_taken":["M","M","$","?","M","E","R","M","T","?","?","M","$","M","R","BOSS","M","?","M","?","?","R","E","R","T","M","$","?","R","?","R","BOSS","M","?","?","M","$","E","R","$","T","M","?","M","E","?","R","BOSS"],"items_purchased_type":["Card","Card","Card","Card","Card","Card","Card","Card","Card"],"build_version":"2020-12-22","purchased_purges":1,"victory":true,"max_hp_per_floor":[82,82,82,82,82,82,82,82,82,82,82,82,82,82,82,82,82,82,82,82,82,92,92,92,92,92,92,92,92,92,92,92,92,89,89,89,89,89,89,89,89,89,89,89,89,89,89,89,89,89],"relic_stats":{"Blood Vial":27,"counters":[23,121],"Mummified Hand":[119],"Shuriken":[3],"MealTicket":36,"Nloth\u0027s Gift":1,"Kunai":[3],"obtain_stats":[{"Pear":22,"Vajra":47,"Empty Cage":34,"FrozenCore":17,"Blood Vial":9,"Mummified Hand":6,"Shuriken":40,"MealTicket":24,"Nloth\u0027s Gift":31,"Kunai":43,"Toxic Egg 2":26,"Cracked Core":0,"Toy Ornithopter":11},{"Pear":11,"Vajra":21,"Empty Cage":14,"FrozenCore":8,"Blood Vial":5,"Mummified Hand":4,"Shuriken":18,"MealTicket":12,"Nloth\u0027s Gift":13,"Kunai":18,"Toxic Egg 2":12,"Cracked Core":0,"Toy Ornithopter":5},{"Pear":53,"Vajra":108,"Empty Cage":77,"FrozenCore":38,"Blood Vial":23,"Mummified Hand":16,"Shuriken":97,"MealTicket":59,"Nloth\u0027s Gift":65,"Kunai":97,"Toxic Egg 2":59,"Cracked Core":0,"Toy Ornithopter":23}],"FrozenCore":[31]},"card_choices":[{"not_picked":["Go for the Eyes","Skim"],"picked":"Coolheaded","floor":1.0},{"not_picked":["Darkness","Glacier"],"picked":"Stack","floor":2.0},{"not_picked":["Rip and Tear","Compile Driver"],"picked":"FTL","floor":5.0},{"not_picked":["Consume","Glacier"],"picked":"Creative AI","floor":6.0},{"not_picked":["Skim","Barrage"],"picked":"Conserve Battery","floor":8.0},{"not_picked":["Darkness","Lockon"],"picked":"Streamline","floor":12.0},{"not_picked":["Stack","Barrage"],"picked":"Hologram","floor":14.0},{"not_picked":["Seek","Fission"],"picked":"Machine Learning","floor":16.0},{"not_picked":["Leap","Barrage"],"picked":"Static Discharge+1","floor":18.0},{"not_picked":["Consume","Genetic Algorithm"],"picked":"Conserve Battery","floor":20.0},{"not_picked":["Gash","Ball Lightning"],"picked":"Compile Driver","floor":21.0},{"not_picked":["Ball Lightning","Leap"],"picked":"Compile Driver","floor":24.0},{"not_picked":["Scrape","Steam Power+1"],"picked":"Steam+1","floor":27.0},{"not_picked":["Creative AI","Seek+1"],"picked":"Fission+1","floor":33.0},{"not_picked":["Redo+1","Cold Snap+1"],"picked":"Double Energy+1","floor":35},{"not_picked":["Rip and Tear","Redo+1","Tempest+1"],"picked":"SKIP","floor":36},{"not_picked":["Cold Snap+1","Hologram+1","Blizzard"],"picked":"SKIP","floor":38},{"not_picked":["Go for the Eyes+1","Lockon"],"picked":"Storm+1","floor":40},{"not_picked":["Fission+1","Conserve Battery+1"],"picked":"White Noise+1","floor":44},{"not_picked":["Go for the Eyes+1","Darkness+1","Genetic Algorithm+1"],"picked":"SKIP","floor":46},{"not_picked":["Conserve Battery+1","Streamline+1"],"picked":"Consume+1","floor":47},{"not_picked":["Leap+1","Reinforced Body+1"],"picked":"Self Repair+1","floor":48}],"player_experience":10556,"relics_obtained":[{"floor":6.0,"key":"Mummified Hand"},{"floor":9.0,"key":"Blood Vial"},{"floor":11.0,"key":"Toy Ornithopter"},{"floor":22.0,"key":"Pear"},{"floor":24.0,"key":"MealTicket"},{"floor":26.0,"key":"Toxic Egg 2"},{"floor":40,"key":"Shuriken"},{"floor":43,"key":"Kunai"},{"floor":47,"key":"Vajra"}],"event_choices":[{"damage_healed":0.0,"max_hp_gain":0.0,"max_hp_loss":0.0,"gold_gain":0.0,"event_name":"Golden Wing","player_choice":"Ignored","floor":4.0,"gold_loss":0.0,"damage_taken":0.0},{"damage_healed":20.0,"max_hp_gain":0.0,"max_hp_loss":0.0,"gold_gain":0.0,"event_name":"Mushrooms","player_choice":"Healed and dodged fight","floor":10.0,"gold_loss":0.0,"damage_taken":0.0,"cards_obtained":["Parasite"]},{"damage_healed":0.0,"max_hp_gain":0.0,"max_hp_loss":0.0,"gold_gain":0.0,"event_name":"Accursed Blacksmith","player_choice":"Forge","floor":19.0,"gold_loss":0.0,"damage_taken":0.0,"cards_upgraded":["Storm"]},{"damage_healed":0.0,"max_hp_gain":0.0,"max_hp_loss":0.0,"gold_gain":0.0,"event_name":"Ghosts","player_choice":"Ignored","floor":29.0,"gold_loss":0.0,"damage_taken":0.0},{"damage_healed":0.0,"max_hp_gain":0.0,"max_hp_loss":0.0,"gold_gain":0.0,"event_name":"N\u0027loth","player_choice":"Traded Relic","floor":31.0,"relics_lost":["Toy Ornithopter"],"gold_loss":0.0,"damage_taken":0.0,"relics_obtained":["Nloth\u0027s Gift"]},{"cards_removed":["Strike_B"],"damage_healed":0,"gold_gain":0,"player_choice":"Removed Attack","damage_taken":0,"max_hp_gain":0,"max_hp_loss":0,"event_name":"Falling","floor":37,"gold_loss":0},{"cards_removed":["Defend_B"],"damage_healed":0,"gold_gain":0,"player_choice":"Took Card","damage_taken":0,"max_hp_gain":0,"max_hp_loss":0,"event_name":"NoteForYourself","floor":45,"gold_loss":0,"cards_obtained":["Iron Wave"]}],"is_beta":false,"boss_relics":[{"not_picked":["Tiny House","Astrolabe"],"picked":"FrozenCore"},{"not_picked":["Sozu","Velvet Choker"],"picked":"Empty Cage"}],"items_purged_floors":[39],"is_endless":false,"potions_floor_spawned":[6,14,16,18,21,24,27,33,38,46,47],"ascension_level":0}}