{"host":"wsd05vng5ye8i513","time":1613410965,"event":{"mods":["Act Like it!","BaseMod","KinomotoSakuraMod(木之本樱)","Minty Spire (QoL Compilation)","Replay The Spire","StSLib","WarShipGirlsR/战舰少女R mod","【遗物卡牌】REMEMod"],"gold_per_floor":[116,135,135,343,343,343,356,397,420,445,445,458,472,324,324,455,455,476,391,12,30,32,32],"floor_reached":22,"language":"ZHS","playtime":1423,"items_purged":["Injury","rmod:stealaluminum+1"],"score":186,"play_id":"e69cb2f2-a954-4848-846c-727bb4277529","local_time":"20210216014245","is_ascension_mode":false,"campfire_choices":[{"data":"rmod:stealaluminum","floor":6,"key":"SMITH"},{"data":"rmod:intelligenceanalysis","floor":15,"key":"SMITH"}],"circlet_count":0,"master_deck":["rmod:strick","rmod:strick","rmod:strick","rmod:strick","rmod:defend","rmod:defend","rmod:defend","rmod:defend","rmod:basicallowance","rmod:maingunfire","rmod:gendarmerie","rmod:openingtorpedo+1","rmod:firesupport","rmod:intelligenceanalysis+1","rmod:ammunitionsupply","rmod:salvage","rmod:fletcherpendant","rmod:goodsister","rmod:windflower","rmod:bulid","rmod:aggressivemary","rmod:diamondstrike"],"relics":["rmod:firstchargereward","REME_ComplimentaryCards","ReplayTheSpireMod:TigerMarble","Golden Idol","Replay:Bottled Flurry","Ancient Tea Set","Black Star","Replay:Ringing Soul","Replay:Wax Seal"],"acts_visited":["Exordium","TheCity"],"potions_floor_usage":[12],"damage_taken":[{"damage":0,"enemies":"2 Louse","floor":1,"turns":2},{"damage":5,"enemies":"Jaw Worm","floor":2,"turns":4},{"damage":9,"enemies":"Cultist","floor":7,"turns":4},{"damage":26,"enemies":"Gremlin Nob","floor":8,"turns":4},{"damage":7,"enemies":"Blue Slaver","floor":10,"turns":3},{"damage":0,"enemies":"Gremlin Gang","floor":12,"turns":3},{"damage":0,"enemies":"Red Slaver","floor":13,"turns":2},{"damage":15,"enemies":"Hexaghost","floor":16,"turns":9},{"damage":14,"enemies":"Shell Parasite","floor":18,"turns":5},{"damage":28,"enemies":"Spheric Guardian","floor":21,"turns":5},{"damage":48,"enemies":"Centurion and Healer","floor":22,"turns":5}],"seed_played":"364713097970406474","potions_obtained":[{"floor":1,"key":"Strength Potion"},{"floor":8,"key":"LiquidBronze"},{"floor":10,"key":"Elixir"},{"floor":12,"key":"GamblersBrew"}],"is_trial":false,"path_per_floor":["M","M","?","?","?","R","M","E","T","M","?","M","M","$","R","B",null,"M","?","$","M","M"],"character_chosen":"PRAEFECT","items_purchased":["rmod:goodsister","Replay:Wax Seal","rmod:bulid","rmod:aggressivemary","rmod:diamondstrike"],"campfire_rested":0,"item_purchase_floors":[14,20,20,20,20],"current_hp_per_floor":[82,77,74,74,74,74,65,39,39,32,32,32,32,32,32,17,82,68,68,71,43,0,0],"gold":32,"neow_bonus":"TEN_PERCENT_HP_BONUS","is_daily":false,"chose_seed":false,"campfire_upgraded":2,"win_rate":0.0,"timestamp":1613410965,"path_taken":["M","M","?","?","?","R","M","E","T","?","?","?","M","$","R","BOSS","M","?","$","M","M"],"items_purchased_type":["Card","Relic","Card","Card","Card"],"build_version":"2020-12-22","purchased_purges":2,"victory":false,"max_hp_per_floor":[82,82,82,82,82,82,82,82,82,82,82,82,82,82,82,82,82,82,82,85,85,85,85],"card_choices":[{"not_picked":["rmod:punchline","rmod:tearstotiara"],"picked":"rmod:gendarmerie","floor":1},{"not_picked":["rmod:ammunitionsupply","rmod:lonelyqueen"],"picked":"rmod:openingtorpedo","floor":2},{"not_picked":["rmod:advancebysurprise","rmod:luckystar"],"picked":"rmod:firesupport","floor":4},{"not_picked":["rmod:aluminumsupply","rmod:circuitoustactics","rmod:punchline"],"picked":"SKIP","floor":7},{"not_picked":["rmod:spoils","rmod:u235"],"picked":"rmod:intelligenceanalysis","floor":8},{"not_picked":["rmod:aluminumsupply","rmod:unsinkable"],"picked":"rmod:ammunitionsupply","floor":10},{"not_picked":["rmod:launchingtorpedo","rmod:capitalist"],"picked":"rmod:salvage","floor":12},{"not_picked":["rmod:unsinkable","rmod:luckystar","rmod:aluminumsupply"],"picked":"SKIP","floor":13},{"not_picked":["rmod:saltedfish","rmod:secretscript"],"picked":"rmod:windflower","floor":16},{"not_picked":["rmod:luckystar","rmod:supportescort","rmod:ammunitionsupply"],"picked":"SKIP","floor":18},{"not_picked":["rmod:ammunitionsupply","rmod:generalist","rmod:aviationdawn"],"picked":"SKIP","floor":21}],"player_experience":7950,"relics_obtained":[{"floor":8,"key":"Replay:Bottled Flurry"},{"floor":9,"key":"Ancient Tea Set"}],"event_choices":[{"damage_healed":0,"gold_gain":0,"player_choice":"Success","damage_taken":3,"relics_obtained":["ReplayTheSpireMod:TigerMarble"],"max_hp_gain":0,"max_hp_loss":0,"event_name":"Scrap Ooze","floor":3,"gold_loss":0},{"damage_healed":0,"gold_gain":0,"player_choice":"Take Wound","damage_taken":0,"relics_obtained":["Golden Idol"],"max_hp_gain":0,"max_hp_loss":0,"event_name":"Golden Idol","floor":5,"gold_loss":0,"cards_obtained":["Injury"]},{"damage_healed":0,"gold_gain":0,"player_choice":"Forge","damage_taken":0,"max_hp_gain":0,"max_hp_loss":0,"event_name":"Accursed Blacksmith","floor":11,"gold_loss":0,"cards_upgraded":["rmod:openingtorpedo"]},{"damage_healed":0,"gold_gain":0,"player_choice":"Obtained Relic","damage_taken":0,"relics_obtained":["Replay:Ringing Soul"],"max_hp_gain":0,"max_hp_loss":0,"event_name":"Addict","floor":19,"gold_loss":85}],"is_beta":false,"boss_relics":[{"not_picked":["Replay:Wanted Poster","REME_DuelDisc"],"picked":"Black Star"}],"items_purged_floors":[14,20],"is_endless":false,"potions_floor_spawned":[1,8,10,12,13],"killed_by":"Centurion and Healer","ascension_level":0}}