{"host":"mgc7o2tpy0ck407l","time":1613423981,"event":{"mods":["Alarm Clock","BaseMod","Better Altar","Better Match","Better Note","Better Sensory Stone","Better Skull","Better Third Choice","Better Vampires","BetterRewards","Block Reminder","Bossed Relics","Challenge The Spire","Colored Map","Colored Powertips","Curses Come First","DeckTracker","Disable Question Mark Monsters","Displayed Cursed Tome","Infinite Spire","Key Reminder","Minty Spire (QoL Compilation)","Permanent Neow","Quick Restart","Rare Cards Sparkle","Relic Sorter","Reliquary","Reorder Act Four","Replay The Spire","Shop Mod","Smile Girya","Spicy Shops","StSLib","SuperFastMode","Transform Curses","Unceasing Turn Reminder"],"gold_per_floor":[634,348,376,402,436,436,147,72,100,135,160,160,160,81,113,148,182,210],"floor_reached":19,"language":"ENG","playtime":1036,"items_purged":["Strike_G","Strike_G","Replay:Hysterical Blindness","Spreading Infection"],"score":595,"play_id":"fdf7e610-d6da-4d0b-a60d-edc2bcfabe2c","local_time":"20210215161941","daily_mods":["challengethespire:Bronze Difficulty","challengethespire:Elite Rush","Uncertain Future"],"is_ascension_mode":false,"campfire_choices":[{"data":"Calculated Gamble","floor":13,"key":"SMITH"}],"circlet_count":0,"master_deck":["Strike_G","Defend_G","Defend_G","Defend_G","Defend_G","Defend_G","Survivor","Neutralize","Cloak And Dagger","Footwork","Calculated Gamble+1","Heel Hook","Prepared","Hidden Blade","Flash of Steel","Acrobatics","Hidden Blade","Prepared","Adrenaline","Calculated Gamble+1","Reflex","Eviscerate","Prepared","Prepared"],"relics":["Ring of the Snake","Black Star","Sling","PreservedInsect","Membership Card","Iron Hammer","reliquary:Bookmark","ReplayTheSpireMod:Lightbulb","infinitespire:WardingShard","Ice Cream","MealTicket","Replay:Baseball","infinitespire:Magic Flask","Replay:Ancient Bell","Nunchaku","Shuriken","FossilizedHelix","Lantern","reliquary:CitrusReamer","Bottled Tornado","ReplayTheSpireMod:Ninjato","reliquary:SharkskinSheath","reliquary:HotPoker","reliquary:PurpleTingedLeaf","infinitespire:Bottled Soul","Replay:Drink Me","DollysMirror","Vampiric Spirits","Basket Of Snakes","Replay:Bottled Snecko","infinitespire:Beetle Shell","Strawberry","Unceasing Top","infinitespire:EmpoweringShard","reliquary:Stiletto"],"acts_visited":["Exordium"],"potions_floor_usage":[9],"damage_taken":[{"damage":0,"enemies":"3 Sentries","floor":3,"turns":6},{"damage":0,"enemies":"Gremlin Nob","floor":4,"turns":3},{"damage":0,"enemies":"Lagavulin","floor":5,"turns":5},{"damage":0,"enemies":"Gremlin Leader","floor":9,"turns":4},{"damage":0,"enemies":"Book of Stabbing","floor":10,"turns":3},{"damage":0,"enemies":"Slavers","floor":11,"turns":2},{"damage":0,"enemies":"Nemesis","floor":15,"turns":1},{"damage":0,"enemies":"Reptomancer","floor":16,"turns":1},{"damage":0,"enemies":"Giant Head","floor":17,"turns":1},{"damage":0,"enemies":"Shield and Spear","floor":18,"turns":1}],"seed_played":"3140668440709353426","potions_obtained":[{"floor":3,"key":"Swift Potion"},{"floor":4,"key":"FearPotion"},{"floor":5,"key":"FearPotion"},{"floor":11,"key":"Weak Potion"}],"is_trial":true,"path_per_floor":["$","$","E","E","E","T","$","$","E","E","E","T","R","$","E","E","E","E",null],"character_chosen":"THE_SILENT","items_purchased":["Membership Card","Iron Hammer","Cloak And Dagger","Footwork","Calculated Gamble","Heel Hook","reliquary:Bookmark","Flash of Steel","Acrobatics","Lantern","reliquary:CitrusReamer","DollysMirror"],"campfire_rested":0,"item_purchase_floors":[1,1,1,1,2,2,2,7,7,7,8,14],"current_hp_per_floor":[70,70,70,70,70,70,70,70,70,70,70,53,53,53,53,53,60,60],"gold":210,"neow_bonus":"","is_daily":false,"chose_seed":false,"campfire_upgraded":1,"win_rate":0.0,"timestamp":1613423981,"path_taken":["$","$","E","E","E","T","$","$","E","E","E","T","R","$","E","E","E","E"],"items_purchased_type":["Relic","Relic","Card","Card","Card","Card","Relic","Card","Card","Relic","Relic","Relic"],"build_version":"2020-12-22","purchased_purges":4,"victory":true,"max_hp_per_floor":[70,70,70,70,70,70,70,70,70,70,70,53,53,53,53,53,60,60],"card_choices":[{"not_picked":["Writhe","Replay:Hysterical Blindness"],"picked":"CommonCold","floor":6},{"not_picked":["Amnesia","Regret"],"picked":"Spreading Infection","floor":6},{"not_picked":["Regret","AbeCurse"],"picked":"Replay:Hysterical Blindness","floor":6}],"player_experience":773338,"relics_obtained":[{"floor":3,"key":"ReplayTheSpireMod:Lightbulb"},{"floor":3,"key":"infinitespire:WardingShard"},{"floor":4,"key":"Ice Cream"},{"floor":4,"key":"MealTicket"},{"floor":5,"key":"Replay:Baseball"},{"floor":5,"key":"infinitespire:Magic Flask"},{"floor":9,"key":"Bottled Tornado"},{"floor":9,"key":"ReplayTheSpireMod:Ninjato"},{"floor":10,"key":"reliquary:SharkskinSheath"},{"floor":10,"key":"reliquary:HotPoker"},{"floor":11,"key":"reliquary:PurpleTingedLeaf"},{"floor":11,"key":"infinitespire:Bottled Soul"},{"floor":15,"key":"Vampiric Spirits"},{"floor":15,"key":"Basket Of Snakes"},{"floor":16,"key":"Replay:Bottled Snecko"},{"floor":16,"key":"infinitespire:Beetle Shell"},{"floor":17,"key":"Strawberry"},{"floor":17,"key":"Unceasing Top"},{"floor":18,"key":"infinitespire:EmpoweringShard"},{"floor":18,"key":"reliquary:Stiletto"}],"event_choices":[],"is_beta":false,"boss_relics":[{"not_picked":["ReplayTheSpireMod:SealedPack","Ectoplasm"],"picked":"Replay:Ancient Bell"},{"not_picked":["reliquary:PartyBalloon","reliquary:Buckler"],"picked":"Nunchaku"},{"not_picked":["reliquary:Firecrackers","Meat on the Bone"],"picked":"Shuriken"},{"not_picked":["Lizard Tail","StoneCalendar"],"picked":"FossilizedHelix"},{"not_picked":["infinitespire:Cupcake","Snecko Scales"],"picked":"Replay:Drink Me"}],"items_purged_floors":[1,2,7,7],"is_endless":false,"potions_floor_spawned":[3,4,5,11,15,18],"ascension_level":0}}