{"host":"ggy1mjjy92c62u6a","time":1613365888,"event":{"mods":["10 clothes from DAL","ATMod(∞¢Ë™Mod)","Act Like it!","BaseMod","Colored Powertips","GifTheSpireLib","Infinite Spire","Library of Ruina","Library of Ruina Extra","Lobotomy","LobotomyExtend","Minty Spire (QoL Compilation)","Quick Restart","Relic Filter Mod","Relic Stats","Reliquary","Replay The Spire","Shop Mod","Spicy Shops","StSLib","SuperFastMode","TestMod","°æπ¶ƒ‹Mod°øªÏ„Á÷Æª∑–ﬁ∏¥≤π∂°","°æ“≈ŒÔMod°øÀ¿¡È∑® ¶NEW","°æ“≈ŒÔø®≈∆°øREMEMod"],"gold_per_floor":[112,112,130,147,147,176,176,205,252,269,269,269,269,282,282,311,329,329,329,361,361,393,416,416,520,520],"floor_reached":16,"language":"ZHS","playtime":638,"items_purged":[],"score":506,"play_id":"4dc97c55-a076-4867-8f74-8a2b2fc33c55","local_time":"20210215131128","is_ascension_mode":true,"campfire_choices":[{"data":"UnforgettableMelody","floor":7.0,"key":"SMITH"},{"data":"AT_ChampionStep","floor":6,"key":"SMITH"},{"data":"GrazeTheGrass","floor":15,"key":"SMITH"}],"circlet_count":0,"master_deck":["AscendersBane","DegradedFairy","DegradedFairy","DegradedFairy","DegradedChain","DegradedChain","DegradedLock","DegradedPillar","DegradedShockwave","AT_ChampionStep+1","DegradedFairy","UnforgettableMelody+1","GrazeTheGrass","GrazeTheGrass+1"],"relics":["PageOfLibrarian","REME_ComplimentaryCards","AT_ATBox","testmod-TestBox","CogitoBucket","RabbitCall","testmod-ConstraintPeriapt","The Courier","testmod-AssaultLearning","PageOfLaetitia","testmod-Acrobat","LaetitiaHeart","LetterFromLob","ChangeAnything","PageOfForsakenMurderer","reliquary:HotPoker","InkBottle","ReplayTheSpireMod:TigerMarble","SkinProphecy"],"acts_visited":["Exordium"],"potions_floor_usage":[4,14,14],"damage_taken":[{"damage":0.0,"enemies":"Cultist","floor":1.0,"turns":2.0},{"damage":0.0,"enemies":"2 Louse","floor":3.0,"turns":1.0},{"damage":0.0,"enemies":"Jaw Worm","floor":4.0,"turns":1.0},{"damage":0.0,"enemies":"Lagavulin","floor":6.0,"turns":2.0},{"damage":0.0,"enemies":"Gremlin Nob","floor":8.0,"turns":2.0},{"damage":0.0,"enemies":"Large Slime","floor":10.0,"turns":1.0},{"damage":12.0,"enemies":"2 Louse","floor":1.0,"turns":4.0},{"damage":0,"enemies":"Jaw Worm","floor":5,"turns":1},{"damage":0,"enemies":"Gremlin Nob","floor":7,"turns":2},{"damage":0,"enemies":"Small Slimes","floor":8,"turns":1},{"damage":6,"enemies":"Lagavulin","floor":11,"turns":2},{"damage":4,"enemies":"Gremlin Nob","floor":13,"turns":2},{"damage":38,"enemies":"2 Fungi Beasts","floor":14,"turns":5},{"damage":52,"enemies":"Fading Forest","floor":16,"turns":10}],"seed_played":"-3575121658533152182","potions_obtained":[{"floor":8.0,"key":"Swift Potion"},{"floor":4,"key":"Elixir"},{"floor":4,"key":"testmod-SpacePotion"},{"floor":4,"key":"Energy Potion"},{"floor":7,"key":"DuplicationPotion"},{"floor":11,"key":"EssenceOfSteel"}],"is_trial":false,"path_per_floor":["M","?","M","M","?","E","R","E","T","M","M","?","?","?","M","R","E","M","T","?","E","AVR","E","M","R","B"],"character_chosen":"Librarian","items_purchased":[],"campfire_rested":0,"item_purchase_floors":[],"current_hp_per_floor":[54,54,56,57,57,58,58,59,59,72,77,77,77,77,77,79,79,79,79,74,74,71,33,33,0,0],"gold":520,"neow_bonus":"","is_daily":false,"chose_seed":false,"campfire_upgraded":3,"win_rate":0.0,"timestamp":1613365888,"path_taken":["M","?","M","?","?","E","R","E","T","?","M","?","?","?","M","R","E","?","T","?","E","AVR","E","M","R","BOSS"],"items_purchased_type":[],"build_version":"2020-12-22","purchased_purges":0,"victory":false,"max_hp_per_floor":[90,90,90,90,90,90,90,90,90,90,95,95,95,95,95,95,95,95,95,95,95,95,95,95,97,97],"relic_stats":{"counters":[16,38],"obtain_stats":[{"RabbitCall":0,"AT_ATBox":0,"testmod-TestBox":0,"The Courier":5,"testmod-ConstraintPeriapt":0,"SkinProphecy":14,"PageOfLibrarian":0,"CogitoBucket":0,"reliquary:HotPoker":9,"LaetitiaHeart":10,"PageOfForsakenMurderer":7,"testmod-AssaultLearning":6,"testmod-Acrobat":9,"PageOfLaetitia":8,"LetterFromLob":1,"ReplayTheSpireMod:TigerMarble":13,"ChangeAnything":1,"InkBottle":11,"REME_ComplimentaryCards":0},{"RabbitCall":0,"AT_ATBox":0,"testmod-TestBox":0,"The Courier":3,"testmod-ConstraintPeriapt":0,"SkinProphecy":15,"PageOfLibrarian":0,"CogitoBucket":0,"reliquary:HotPoker":11,"LaetitiaHeart":5,"PageOfForsakenMurderer":10,"testmod-AssaultLearning":4,"testmod-Acrobat":5,"PageOfLaetitia":5,"LetterFromLob":1,"ReplayTheSpireMod:TigerMarble":13,"ChangeAnything":8,"InkBottle":12,"REME_ComplimentaryCards":0},{"RabbitCall":0,"AT_ATBox":0,"testmod-TestBox":0,"The Courier":4,"testmod-ConstraintPeriapt":0,"SkinProphecy":28,"PageOfLibrarian":0,"CogitoBucket":0,"reliquary:HotPoker":18,"LaetitiaHeart":8,"PageOfForsakenMurderer":17,"testmod-AssaultLearning":6,"testmod-Acrobat":8,"PageOfLaetitia":8,"LetterFromLob":2,"ReplayTheSpireMod:TigerMarble":22,"ChangeAnything":14,"InkBottle":20,"REME_ComplimentaryCards":0}],"InkBottle":[4]},"card_choices":[{"not_picked":["WildCard","Faith","GuidanceOfTheGears","ElectricShock","NightInTheBackstreets","HighKick","Overpower","Outburst","Riposte"],"picked":"SKIP","floor":1.0},{"not_picked":["WrathOfTorment","ViolentFlame","FaintMemories","StrongStrike","StayCalm","Multislash","SkitterAway","AsThePrescriptOrders","EnergyCycle"],"picked":"SKIP","floor":3.0},{"not_picked":["ClassAndRespect","AutonomousRush","SinglePointStab","SunsetBlade","SavageMode","Rampage_lor","NightInTheBackstreets","BindingArms","Parry"],"picked":"SKIP","floor":4.0},{"not_picked":["Quickness","FleetEdge","EndlessBattle","BizarreAttack","Fence","Zzzzzap","DesperateStruggle","QuickAttack"],"picked":"UnforgettableMelody","floor":6.0},{"not_picked":["UpbeatPerformance","Punishment","SunsetBlade","NonstopAssault","Rewind","PreparedMind","BiteOff","StructuralAnalysis","Castigation"],"picked":"SKIP","floor":8.0},{"not_picked":["BizarreAttack","SinglePointStab","Reload","UnavoidableGaze","Unlock1","Eject","MindWhip","TendonChords","HardRehearsal"],"picked":"SKIP","floor":1.0},{"not_picked":["OpportunitySpotted","UncannyStrike","AlloutWar","NightInTheBackstreets","QuickAttack","NonstopAssault","Diversion","UpbeatPerformance"],"picked":"GrazeTheGrass","floor":5},{"not_picked":["MultiHit","GuardingStance","ExtremeEdge","SuppressingShot","CrackOfDawn","WillOfThePrescript","ForTheFamily","FleetFootsteps","Thrust"],"picked":"SKIP","floor":7},{"not_picked":["Diversion","TasteMyFlamingBat","FervidEmotions","SpearedSweep","SunsetBlade","ForcefulGesture","NightInTheBackstreets","PreemptiveStrike","Punishment"],"picked":"SKIP","floor":8},{"not_picked":["IngredientHunt","EnergyCycle","Rewind","FierceCharge","Leap_lor","TheRedNotes","DesperateStruggle","FleetFootsteps","SunsetBlade"],"picked":"SKIP","floor":11},{"not_picked":["Parry","NightInTheBackstreets","SinglePointStab","IngredientHunt","MultiBlock","IronWall","UpbeatPerformance","CircusKnives","WillBeTasty"],"picked":"SKIP","floor":13},{"not_picked":["IronWall","AsThePrescriptOrders","HiddenBlade","DefenseOrder","SmokingPipe","EnergyShield","DimensionalRift","HandleRequest"],"picked":"GrazeTheGrass","floor":14}],"player_experience":125689,"relics_obtained":[{"floor":1.0,"key":"LetterFromLob"},{"floor":5.0,"key":"The Courier"},{"floor":6.0,"key":"testmod-AssaultLearning"},{"floor":8.0,"key":"PageOfLaetitia"},{"floor":9.0,"key":"testmod-Acrobat"},{"floor":1.0,"key":"LetterFromLob"},{"floor":7,"key":"PageOfForsakenMurderer"},{"floor":9,"key":"reliquary:HotPoker"},{"floor":11,"key":"InkBottle"},{"floor":13,"key":"ReplayTheSpireMod:TigerMarble"}],"event_choices":[{"damage_healed":0.0,"max_hp_gain":0.0,"max_hp_loss":0.0,"gold_gain":0.0,"event_name":"Wheel of Change","player_choice":"Relic","floor":5.0,"gold_loss":0.0,"damage_taken":0.0},{"damage_healed":0.0,"max_hp_gain":5.0,"max_hp_loss":0.0,"gold_gain":0.0,"event_name":"Big Fish","player_choice":"Donut","floor":2.0,"gold_loss":0.0,"damage_taken":0.0},{"damage_healed":0,"gold_gain":0,"player_choice":"Got Potions","damage_taken":0,"max_hp_gain":0,"max_hp_loss":0,"event_name":"Lab","floor":4,"gold_loss":0}],"is_beta":false,"boss_relics":[],"items_purged_floors":[],"is_endless":false,"potions_floor_spawned":[1,3,8,7,11],"killed_by":"Fading Forest","ascension_level":11}}