{"host":"p55ahgraoahruc9a","time":1613401760,"event":{"mods":["AchievementEnabler","BaseMod","Colored Map","Keyboard Shortcuts","Minty Spire (QoL Compilation)","Permanent Neow","Quick Restart"],"gold_per_floor":[111,124,138,63,77,106,106,140,140,140,151,168,168,187,187,187,187],"floor_reached":16,"language":"KOR","playtime":700,"items_purged":["Strike_R"],"score":137,"play_id":"a8c82c99-a430-4299-bd63-4f54a7527cea","local_time":"20210216000920","is_ascension_mode":true,"campfire_choices":[{"floor":7.0,"key":"REST"},{"data":"Body Slam","floor":13.0,"key":"SMITH"},{"floor":15.0,"key":"REST"}],"circlet_count":0,"master_deck":["Strike_R","Strike_R","Strike_R","Defend_R","Defend_R","Defend_R","Defend_R","Bash","Limit Break","Sword Boomerang","Armaments","Flex","Ghostly Armor","Thunderclap","Body Slam+1","Shrug It Off"],"relics":["Burning Blood","Letter Opener","Mummified Hand","Calipers"],"acts_visited":["Exordium"],"potions_floor_usage":[],"damage_taken":[{"damage":3.0,"enemies":"Jaw Worm","floor":1.0,"turns":5.0},{"damage":2.0,"enemies":"Small Slimes","floor":2.0,"turns":4.0},{"damage":0.0,"enemies":"2 Louse","floor":3.0,"turns":2.0},{"damage":11.0,"enemies":"Looter","floor":5.0,"turns":2.0},{"damage":44.0,"enemies":"Lagavulin","floor":6.0,"turns":9.0},{"damage":23.0,"enemies":"Gremlin Nob","floor":8.0,"turns":4.0},{"damage":9.0,"enemies":"Exordium Wildlife","floor":11.0,"turns":3.0},{"damage":14.0,"enemies":"Blue Slaver","floor":12.0,"turns":4.0},{"damage":0.0,"enemies":"3 Louse","floor":14.0,"turns":2.0},{"damage":48,"enemies":"Hexaghost","floor":16,"turns":9}],"seed_played":"-7446970216670954613","potions_obtained":[{"floor":2.0,"key":"SneckoOil"},{"floor":6.0,"key":"FearPotion"},{"floor":8.0,"key":"SteroidPotion"}],"is_trial":false,"path_per_floor":["M","M","M","$","M","E","R","E","T","?","M","M","R","M","R","B"],"character_chosen":"IRONCLAD","items_purchased":[],"campfire_rested":2,"item_purchase_floors":[],"current_hp_per_floor":[59,63,69,69,64,26,50,33,33,26,23,15,15,21,45,0,0],"gold":187,"neow_bonus":"THREE_RARE_CARDS","is_daily":false,"chose_seed":false,"campfire_upgraded":1,"win_rate":0.0,"timestamp":1613401760,"path_taken":["M","M","M","$","M","E","R","E","T","?","M","M","R","M","R","BOSS"],"items_purchased_type":[],"build_version":"2020-12-22","purchased_purges":1,"victory":false,"max_hp_per_floor":[80,80,80,80,80,80,80,80,80,80,80,80,80,80,80,80,80],"card_choices":[{"not_picked":["Brutality","Fiend Fire"],"picked":"Limit Break","floor":0.0},{"not_picked":["Twin Strike","Hemokinesis"],"picked":"Sword Boomerang","floor":1.0},{"not_picked":["Spot Weakness","Entrench"],"picked":"Armaments","floor":2.0},{"not_picked":["Perfected Strike","Rampage"],"picked":"Flex","floor":3.0},{"not_picked":["Clash","Sever Soul"],"picked":"Ghostly Armor","floor":5.0},{"not_picked":["Corruption","Iron Wave","True Grit"],"picked":"SKIP","floor":6.0},{"not_picked":["Rage","Wild Strike","Anger"],"picked":"SKIP","floor":8.0},{"not_picked":["Warcry","Flex"],"picked":"Thunderclap","floor":11.0},{"not_picked":["Wild Strike","Second Wind"],"picked":"Body Slam","floor":12.0},{"not_picked":["Bloodletting","Clothesline"],"picked":"Shrug It Off","floor":14.0}],"player_experience":100762,"relics_obtained":[{"floor":6.0,"key":"Letter Opener"},{"floor":8.0,"key":"Mummified Hand"},{"floor":9.0,"key":"Calipers"}],"event_choices":[{"cards_removed":["Strike_R"],"damage_healed":0.0,"max_hp_gain":0.0,"max_hp_loss":0.0,"gold_gain":0.0,"event_name":"Golden Wing","player_choice":"Card Removal","floor":10.0,"gold_loss":0.0,"damage_taken":7.0}],"is_beta":false,"boss_relics":[],"items_purged_floors":[4],"is_endless":false,"potions_floor_spawned":[2,6,8],"killed_by":"Hexaghost","ascension_level":4}}