{"host":"jksq986fwerfio60","time":1613400341,"event":{"mods":["BaseMod","Colored Map","Colored Powertips","Downfall","Hermit","Jorbs\u0027s Wanderer Trilogy","Marisa¡]Ãú«B¡@Å]²z¨F¡^","Minty Spire (QoL Compilation)","Replay The Spire","Shop Mod","StSLib","The Construct","UnlockEverythingMod"],"gold_per_floor":[99,99,113,126,145,160,160,171,10,26,37,50,50,66,61,61,61,61],"floor_reached":16,"language":"ZHS","playtime":1327,"items_purged":["sneckomod:Strike"],"score":100,"play_id":"8c7b11a5-0799-409c-b2e9-32b8ef889bf7","local_time":"20210215224541","is_ascension_mode":false,"campfire_choices":[],"circlet_count":0,"master_deck":["sneckomod:Strike","sneckomod:Strike","sneckomod:Defend","sneckomod:Defend","sneckomod:Defend","sneckomod:TailWhip","sneckomod:SnekBite+1","Sneak Up","sneckomod:DiceBlock","sneckomod:Unknown0Cost","sneckomod:Unknown1Cost","sneckomod:Nope","sneckomod:UnknownUncommonAttack","sneckomod:DiceCrush","sneckomod:UnknownRareAttack","sneckomod:WideSting","sneckomod:UnlimitedRolls","sneckomod:UnknownUncommonAttack","A Thousand Cuts","sneckomod:UnknownUncommonAttack","sneckomod:DiceBoulder"],"relics":["sneckomod:SneckoSoul","Replay:Bottled Snecko"],"acts_visited":["Exordium"],"potions_floor_usage":[16,16,16],"damage_taken":[{"damage":3,"enemies":"2 Louse","floor":3,"turns":3},{"damage":0,"enemies":"Cultist","floor":4,"turns":3},{"damage":6,"enemies":"Jaw Worm","floor":5,"turns":4},{"damage":15,"enemies":"Red Slaver","floor":6,"turns":4},{"damage":1,"enemies":"2 Fungi Beasts","floor":8,"turns":4},{"damage":0,"enemies":"downfall:FleeingMerchant","floor":9,"turns":4},{"damage":2,"enemies":"Blue Slaver","floor":10,"turns":4},{"damage":20,"enemies":"Exordium Thugs","floor":11,"turns":4},{"damage":12,"enemies":"3 Louse","floor":12,"turns":3},{"damage":16,"enemies":"Large Slime","floor":14,"turns":6},{"damage":4,"enemies":"2 Fungi Beasts","floor":15,"turns":3},{"damage":25,"enemies":"WA_ARCHETYPE_RETAIN","floor":16,"turns":5}],"seed_played":"3421171838993085906","potions_obtained":[{"floor":4,"key":"SteroidPotion"},{"floor":8,"key":"SmokeBomb"},{"floor":10,"key":"DuplicationPotion"},{"floor":14,"key":"LifebloodPotion"}],"is_trial":false,"path_per_floor":["R_BF","?","M","M","M","M","T","M","$","M","M","M","R","M","M","B"],"character_chosen":"THE_SNECKO","items_purchased":["sneckomod:UnknownRareAttack"],"campfire_rested":0,"item_purchase_floors":[9],"current_hp_per_floor":[99,99,96,96,90,75,75,74,74,72,52,40,40,24,20,0,0,0],"gold":61,"neow_bonus":"TEN_PERCENT_HP_BONUS","is_daily":false,"chose_seed":false,"campfire_upgraded":0,"win_rate":0.0,"timestamp":1613400341,"path_taken":["R_BF","?","M","M","M","M","T","M","$","M","M","?","R","M","M","BOSS"],"items_purchased_type":["Card"],"build_version":"2020-12-22","purchased_purges":1,"victory":false,"max_hp_per_floor":[99,99,99,99,99,99,99,99,99,99,99,99,99,99,99,99,99,99],"card_choices":[{"not_picked":["sneckomod:DefensiveFlair","sneckomod:UnknownVulnerable"],"picked":"sneckomod:DiceBlock","floor":3},{"not_picked":["sneckomod:RainOfDice","sneckomod:UnknownDraw"],"picked":"sneckomod:Unknown0Cost","floor":4},{"not_picked":["sneckomod:ImprovisedGuard","sneckomod:UnknownCommonSkill"],"picked":"sneckomod:Unknown1Cost","floor":5},{"not_picked":["sneckomod:QuickMove","sneckomod:SnakeSap"],"picked":"sneckomod:Nope","floor":6},{"not_picked":["sneckomod:SoulRoll","sneckomod:Unknown1Cost"],"picked":"sneckomod:UnknownUncommonAttack","floor":8},{"not_picked":["sneckomod:RainOfDice","sneckomod:UnknownStrike"],"picked":"sneckomod:DiceCrush","floor":9},{"not_picked":["sneckomod:UnknownBlock","sneckomod:Unknown1Cost"],"picked":"sneckomod:WideSting","floor":10},{"not_picked":["sneckomod:DiceCrush","sneckomod:UnknownBlock"],"picked":"sneckomod:UnlimitedRolls","floor":11},{"not_picked":["sneckomod:UnknownBlock","sneckomod:Unknown2Cost"],"picked":"sneckomod:UnknownUncommonAttack","floor":12},{"not_picked":["sneckomod:ImprovisedGuard","sneckomod:Unknown1Cost"],"picked":"sneckomod:UnknownUncommonAttack","floor":14},{"not_picked":["sneckomod:DiceBlock","sneckomod:DiceCrush"],"picked":"sneckomod:DiceBoulder","floor":15}],"player_experience":22525,"relics_obtained":[{"floor":7,"key":"Replay:Bottled Snecko"}],"event_choices":[],"is_beta":false,"boss_relics":[],"items_purged_floors":[9],"is_endless":false,"potions_floor_spawned":[4,8,10,11,12,14],"killed_by":"WA_ARCHETYPE_RETAIN","ascension_level":0}}