{"host":"97k3n5kp0psabqmo","time":1613423385,"event":{"mods":["BaseMod","Colored Powertips","Minty Spire (QoL Compilation)","StSLib"],"gold_per_floor":[210,221,101,118,18,18,52,65,65,80,80,80,80,90,90,190,190,203,185,185,195,47,47,47],"floor_reached":23,"language":"ENG","playtime":846,"items_purged":["Strike_G","Strike_G"],"score":222,"play_id":"d00eff09-26c3-429d-a060-d5942f24319e","local_time":"20210215160945","is_ascension_mode":true,"campfire_choices":[{"data":"Neutralize","floor":6,"key":"SMITH"},{"floor":13,"key":"REST"},{"floor":15,"key":"REST"}],"circlet_count":0,"master_deck":["Strike_G+1","Strike_G+1","Defend_G","Defend_G","Defend_G","Survivor","Neutralize+1","PiercingWail","Deadly Poison","Blade Dance","Concentrate","Cloak And Dagger","Backstab","Accuracy","A Thousand Cuts","PiercingWail","Acrobatics","Footwork"],"relics":["Ring of the Snake","Whetstone","Matryoshka","Empty Cage","Oddly Smooth Stone"],"acts_visited":["Exordium","TheCity"],"potions_floor_usage":[10,16,19],"damage_taken":[{"damage":0,"enemies":"Cultist","floor":1,"turns":4},{"damage":7,"enemies":"Jaw Worm","floor":2,"turns":6},{"damage":1,"enemies":"2 Louse","floor":4,"turns":3},{"damage":30,"enemies":"Gremlin Nob","floor":7,"turns":5},{"damage":21,"enemies":"Exordium Wildlife","floor":8,"turns":5},{"damage":2,"enemies":"Exordium Thugs","floor":10,"turns":5},{"damage":5,"enemies":"3 Louse","floor":14,"turns":2},{"damage":35,"enemies":"The Guardian","floor":16,"turns":10},{"damage":19,"enemies":"Chosen","floor":18,"turns":5},{"damage":8,"enemies":"2 Thieves","floor":19,"turns":4},{"damage":10,"enemies":"Snake Plant","floor":21,"turns":6},{"damage":30,"enemies":"3 Cultists","floor":23,"turns":4}],"seed_played":"770586474364241202","potions_obtained":[{"floor":8,"key":"Energy Potion"},{"floor":10,"key":"PowerPotion"},{"floor":16,"key":"Fruit Juice"}],"is_trial":false,"path_per_floor":["M","M","$","M","$","R","E","M","T","M","$","?","R","M","R","B",null,"M","M","?","M","$","M"],"character_chosen":"THE_SILENT","items_purchased":["Blade Dance","Oddly Smooth Stone"],"campfire_rested":2,"item_purchase_floors":[3,22],"current_hp_per_floor":[70,63,63,62,62,62,32,11,11,9,9,9,30,25,46,11,70,51,48,34,24,24,0,0],"gold":47,"neow_bonus":"HUNDRED_GOLD","is_daily":false,"chose_seed":false,"campfire_upgraded":1,"win_rate":0.0,"timestamp":1613423385,"path_taken":["M","M","$","M","$","R","E","M","T","?","$","?","R","M","R","BOSS","M","?","?","M","$","M"],"items_purchased_type":["Card","Relic"],"build_version":"2020-12-22","purchased_purges":2,"victory":false,"max_hp_per_floor":[70,70,70,70,70,70,70,70,70,70,70,70,70,70,70,70,70,70,75,80,80,80,80,80],"card_choices":[{"not_picked":["Reflex","Skewer"],"picked":"PiercingWail","floor":1},{"not_picked":["Deflect","Dodge and Roll"],"picked":"Deadly Poison","floor":2},{"not_picked":["Flying Knee","Deflect","Dagger Spray"],"picked":"SKIP","floor":4},{"not_picked":["Setup","Dagger Spray"],"picked":"Concentrate","floor":7},{"not_picked":["Flechettes","Infinite Blades"],"picked":"Cloak And Dagger","floor":8},{"not_picked":["Choke","Endless Agony"],"picked":"Backstab","floor":10},{"not_picked":["Underhanded Strike","Bane"],"picked":"Accuracy","floor":14},{"not_picked":["Venomology","Tools of the Trade"],"picked":"A Thousand Cuts","floor":16},{"not_picked":["Slice+1","Sucker Punch"],"picked":"PiercingWail","floor":18},{"not_picked":["Well Laid Plans","Dagger Spray"],"picked":"Acrobatics","floor":19},{"not_picked":["Slice+1","Dodge and Roll+1"],"picked":"Footwork","floor":21}],"player_experience":64925,"relics_obtained":[{"floor":7,"key":"Whetstone"},{"floor":9,"key":"Matryoshka"}],"event_choices":[{"cards_removed":["Strike_G"],"damage_healed":0,"gold_gain":0,"player_choice":"Card Removal","damage_taken":0,"max_hp_gain":0,"max_hp_loss":0,"event_name":"Wheel of Change","floor":12,"gold_loss":0},{"damage_healed":0,"gold_gain":0,"player_choice":"Shed Blood","damage_taken":19,"max_hp_gain":5,"max_hp_loss":0,"event_name":"Forgotten Altar","floor":20,"gold_loss":0}],"is_beta":false,"boss_relics":[{"not_picked":["Runic Dome","Velvet Choker"],"picked":"Empty Cage"}],"items_purged_floors":[3,5],"is_endless":false,"potions_floor_spawned":[8,10,16],"killed_by":"3 Cultists","ascension_level":3}}