{"host":"9rehsd5oi9uaydbk","time":1613367279,"event":{"mods":["AchievementEnabler","Act Like it!","BaseMod","Colored Powertips","Curses Come First","Downfall","Hallownest","Hermit","Hubris","Jorbs\u0027s Wanderer Trilogy","Minty Spire (QoL Compilation)","Reliquary","Shop Mod","StSLib","The Bug Knight","The Runesmith"],"gold_per_floor":[119,38,38,38,49,49,49,104,104,104,104,122,147,179,179,179,179],"floor_reached":16,"language":"ENG","playtime":637,"items_purged":[],"score":96,"play_id":"147b8fdd-8ce4-400e-9030-7f9f043052c3","local_time":"20210215003439","is_ascension_mode":false,"campfire_choices":[{"floor":6,"key":"REST"},{"floor":11,"key":"RECALL"},{"floor":15,"key":"REST"}],"circlet_count":0,"master_deck":["hermit:Strike_Hermit","hermit:Strike_Hermit","hermit:Strike_Hermit","hermit:Strike_Hermit","hermit:Defend_Hermit","hermit:Defend_Hermit","hermit:Defend_Hermit","hermit:Defend_Hermit","hermit:Snapshot","hermit:Covet+1","hermit:LowProfile","hermit:ShadowCloak+1","hermit:EyeOfTheStorm+1","hermit:HighNoon","hermit:Grudge"],"relics":["hermit:Momento","NeowsBlessing","Blue Candle","Boot","NlothsMask","reliquary:PorcupineQuills"],"acts_visited":["Exordium"],"potions_floor_usage":[14],"damage_taken":[{"damage":0,"enemies":"Jaw Worm","floor":1,"turns":1},{"damage":0,"enemies":"Small Slimes","floor":5,"turns":1},{"damage":0,"enemies":"2 Louse","floor":12,"turns":1},{"damage":26,"enemies":"3 Sentries","floor":14,"turns":9},{"damage":72,"enemies":"Hexaghost","floor":16,"turns":15}],"seed_played":"-899197744676223653","potions_obtained":[{"floor":12,"key":"champ:CounterPotion"}],"is_trial":false,"path_per_floor":["M","$","?","?","M","R","?","T","T","?","R","M","T","E","R","B"],"character_chosen":"HERMIT","items_purchased":["hermit:ShadowCloak"],"campfire_rested":2,"item_purchase_floors":[2],"current_hp_per_floor":[75,75,60,55,55,75,75,75,75,75,75,75,75,49,71,0,0],"gold":179,"neow_bonus":"THREE_ENEMY_KILL","is_daily":false,"chose_seed":false,"campfire_upgraded":0,"win_rate":0.0,"timestamp":1613367279,"path_taken":["M","$","?","?","M","R","?","?","T","?","R","?","?","E","R","BOSS"],"items_purchased_type":["Card"],"build_version":"2020-12-22","purchased_purges":0,"victory":false,"max_hp_per_floor":[75,75,75,75,75,75,75,75,75,75,75,75,75,75,75,75,75],"card_choices":[{"not_picked":["hermit:CalledShot","hermit:Misfire"],"picked":"hermit:LowProfile","floor":1},{"not_picked":["hermit:LowProfile","hermit:Ricochet"],"picked":"hermit:EyeOfTheStorm","floor":5},{"not_picked":["hermit:Dive","hermit:HighCaliber"],"picked":"hermit:HighNoon","floor":12},{"not_picked":["hermit:Feint","hermit:Vantage"],"picked":"hermit:Grudge","floor":14}],"player_experience":197826,"relics_obtained":[{"floor":8,"key":"Boot"},{"floor":14,"key":"reliquary:PorcupineQuills"}],"event_choices":[{"damage_healed":0,"gold_gain":0,"player_choice":"Entered Light","damage_taken":15,"max_hp_gain":0,"max_hp_loss":0,"event_name":"Shining Light","floor":3,"gold_loss":0,"cards_upgraded":["hermit:ShadowCloak","hermit:Covet"]},{"damage_healed":0,"gold_gain":0,"player_choice":"Grow","damage_taken":0,"max_hp_gain":0,"max_hp_loss":0,"event_name":"Living Wall","floor":7,"gold_loss":0,"cards_upgraded":["hermit:EyeOfTheStorm"]},{"damage_healed":0,"gold_gain":0,"player_choice":"Trade","damage_taken":0,"relics_obtained":["NlothsMask"],"max_hp_gain":0,"max_hp_loss":0,"event_name":"FaceTrader","floor":10,"gold_loss":0}],"is_beta":false,"boss_relics":[],"items_purged_floors":[],"is_endless":false,"potions_floor_spawned":[12],"killed_by":"Hexaghost","ascension_level":0}}