{"host":"elopfwcg7dlszy37","time":1613407231,"event":{"mods":["BaseMod","BetterRewards","Conspire","Hubris","Infinite Spire","Marisa????????","Minty Spire (QoL Compilation)","Replay The Spire","Shop Mod","StSLib"],"gold_per_floor":[119,213,213,213,163,188,45,58,106,154,219,219,266,327,418,559,559,602,602,552,618,650,706,706,758,785,609,652,691,691,722,722,873,873,901,977,575,603,683,736,788,848,848,247,290,337,337,364,364,428],"floor_reached":51,"language":"ENG","playtime":1268,"items_purged":["After Image","Flying Knee","Prepared"],"score":1466,"play_id":"f2e43af3-2412-4f11-88f7-abe10e13d1e9","local_time":"20210215114031","daily_mods":["SealedDeck","Vintage","Heirloom","Time Dilation","Flight","DeadlyEvents"],"is_ascension_mode":true,"campfire_choices":[{"data":"Storm of Steel","floor":24,"key":"SMITH"},{"floor":32,"key":"DIG"},{"data":"Adrenaline","floor":47,"key":"SMITH"},{"data":"Blade Dance","floor":49,"key":"SMITH"}],"circlet_count":0,"master_deck":["Slice","Slice+1","Dagger Spray+1","conspire:DoublingDagger+1","Hidden Blade+1","Hidden Blade+1","Blade Dance+1","Backflip","Cloak And Dagger","Adrenaline+1","Storm of Steel+1","Slice+1","Dagger Spray+1","AbeCurse","Accuracy+1","Blade Dance","Calculated Gamble+1"],"relics":["Ring of the Snake","hubris:Potato","hubris:Metronome","Strawberry","TwistedFunnel","hubris:MysteriousPyramids","Replay:Bandana","Snake Skull","Pantograph","Vajra","The Courier","Bottled Flame","Replay:Bottled Eggs","Molten Egg 2","infinitespire:Satchel","Replay:Baseball","Anchor","MerchantsRug","Replay:Wax Seal","PreservedInsect","Dream Catcher","Letter Opener","Lizard Tail","Abe\u0027s Treasure","Gremlin Horn","Bird Faced Urn","Ninja Scroll","Nunchaku","Smiling Mask","infinitespire:WardingShard","ReplayTheSpireMod:Ninjato","infinitespire:Beetle Shell","Bag of Preparation","Regal Pillow","Ice Cream","Toxic Egg 2","conspire:TreasureMap","Meat on the Bone","Ancient Tea Set","Whetstone"],"acts_visited":["Exordium","TheCity","TheBeyond"],"potions_floor_usage":[14,16,33,41,41,50,50],"damage_taken":[{"damage":0,"enemies":"Small Slimes","floor":1,"turns":1},{"damage":0,"enemies":"Gremlin Nob","floor":6,"turns":2},{"damage":0,"enemies":"conspire:RoseBush","floor":8,"turns":1},{"damage":0,"enemies":"Lagavulin","floor":10,"turns":2},{"damage":4,"enemies":"3 Sentries","floor":11,"turns":3},{"damage":0,"enemies":"Replay:BlueRogue","floor":13,"turns":1},{"damage":0,"enemies":"3 Sentries","floor":14,"turns":2},{"damage":0,"enemies":"The Guardian","floor":16,"turns":3},{"damage":0,"enemies":"3 Byrds","floor":18,"turns":1},{"damage":0,"enemies":"conspire:Head Lice","floor":21,"turns":2},{"damage":0,"enemies":"Shell Parasite","floor":22,"turns":1},{"damage":12,"enemies":"Book of Stabbing","floor":23,"turns":2},{"damage":0,"enemies":"Gremlin Leader","floor":25,"turns":1},{"damage":0,"enemies":"Slavers","floor":28,"turns":1},{"damage":0,"enemies":"Centurion and Healer","floor":29,"turns":2},{"damage":0,"enemies":"Snake Plant","floor":31,"turns":1},{"damage":14,"enemies":"Automaton","floor":33,"turns":4},{"damage":0,"enemies":"3 Shapes","floor":35,"turns":1},{"damage":0,"enemies":"2 Orb Walkers","floor":36,"turns":1},{"damage":0,"enemies":"Orb Walker","floor":38,"turns":1},{"damage":0,"enemies":"Reptomancer","floor":40,"turns":1},{"damage":19,"enemies":"R_Hoarder","floor":41,"turns":3},{"damage":0,"enemies":"Giant Head","floor":42,"turns":1},{"damage":0,"enemies":"Nemesis","floor":45,"turns":1},{"damage":0,"enemies":"R_Hoarder","floor":46,"turns":1},{"damage":0,"enemies":"Jaw Worm Horde","floor":48,"turns":1},{"damage":0,"enemies":"Awakened One","floor":50,"turns":2}],"seed_played":"-6908280474703570385","potions_obtained":[{"floor":10,"key":"Energy Potion"},{"floor":13,"key":"Block Potion"},{"floor":14,"key":"SteroidPotion"},{"floor":16,"key":"Block Potion"},{"floor":18,"key":"Ancient Potion"},{"floor":33,"key":"AttackPotion"},{"floor":38,"key":"Explosive Potion"},{"floor":41,"key":"Dexterity Potion"},{"floor":48,"key":"Ancient Potion"}],"is_trial":true,"path_per_floor":["M","?","?","?","?","E","$","M","T","E","E","$","E","E","R","B",null,"M","?","?","E","M","E","R","E","T","$","E","M","T","M","R","B",null,"M","?","$","M","T","E","E","E","T","$","E","E","R","M","R","B",null],"character_chosen":"THE_SILENT","items_purchased":["TwistedFunnel","MerchantsRug","Ninja Scroll","Nunchaku","Ice Cream","Toxic Egg 2","conspire:TreasureMap"],"campfire_rested":0,"item_purchase_floors":[7,27,37,37,44,44,44],"current_hp_per_floor":[70,42,42,42,42,49,49,49,49,49,45,45,45,45,45,70,77,77,77,77,77,77,65,65,65,65,65,65,65,65,65,65,63,77,77,77,77,77,77,77,59,61,61,61,63,65,65,67,67,78],"gold":428,"neow_bonus":"","is_daily":false,"chose_seed":false,"campfire_upgraded":3,"win_rate":0.0,"timestamp":1613407231,"path_taken":["M","?","?","?","?","?","?","?","T","E","?","?","E","E","R","BOSS","M","?","?","?","?","E","R","E","T","$","E","?","?","M","R","BOSS","M","?","?","?","?","E","E","?","T","$","E","E","R","M","R","BOSS"],"items_purchased_type":["Relic","Relic","Relic","Relic","Relic","Relic","Relic"],"build_version":"2020-12-22","purchased_purges":3,"victory":true,"max_hp_per_floor":[70,70,70,70,70,77,77,77,77,77,77,77,77,77,77,77,77,77,77,77,77,77,77,77,77,77,77,77,77,77,77,77,77,77,77,77,77,77,77,77,78,78,78,78,78,78,78,78,78,78],"card_choices":[{"not_picked":["Leg Sweep","Dagger Throw"],"picked":"Backflip","floor":2},{"not_picked":["Acrobatics","Poisoned Stab"],"picked":"After Image","floor":6},{"not_picked":["PiercingWail","ReplayTheSpireMod:Exploit Weakness","Acrobatics"],"picked":"SKIP","floor":10},{"not_picked":["Finisher","Deadly Poison","ReplayTheSpireMod:Scrap Shanks"],"picked":"SKIP","floor":11},{"not_picked":["Quick Slash","hubris:Sniper","Endless Agony"],"picked":"SKIP","floor":13},{"not_picked":["Dash","Fluid Movement"],"picked":"Cloak And Dagger","floor":14},{"not_picked":["Atom Bomb","A Thousand Cuts"],"picked":"Adrenaline","floor":16},{"not_picked":["Caltrops","All Out Attack+1","Catalyst"],"picked":"SKIP","floor":21},{"not_picked":["hubris:TrickCloak+1","conspire:DoublingDagger"],"picked":"Storm of Steel","floor":23},{"not_picked":["Quick Slash+1","Distraction"],"picked":"Slice+1","floor":25},{"not_picked":["Outmaneuver+1","Die Die Die+1"],"picked":"Dagger Spray+1","floor":28},{"not_picked":["Poison Darts","Unload+1"],"picked":"Accuracy+1","floor":40},{"not_picked":["Quick Slash+1","Riddle With Holes+1"],"picked":"Blade Dance","floor":41},{"not_picked":["Quick Slash+1","Fluid Movement","Venomology"],"picked":"SKIP","floor":42},{"not_picked":["Reflex+1","hubris:Sniper+1"],"picked":"Calculated Gamble+1","floor":45},{"not_picked":["Predator+1","All Out Attack+1","Choke+1"],"picked":"SKIP","floor":46}],"player_experience":351290,"relics_obtained":[{"floor":1,"key":"hubris:Metronome"},{"floor":6,"key":"Strawberry"},{"floor":8,"key":"hubris:MysteriousPyramids"},{"floor":9,"key":"Replay:Bandana"},{"floor":10,"key":"Snake Skull"},{"floor":11,"key":"Pantograph"},{"floor":13,"key":"Vajra"},{"floor":14,"key":"The Courier"},{"floor":18,"key":"Bottled Flame"},{"floor":21,"key":"Replay:Bottled Eggs"},{"floor":22,"key":"Molten Egg 2"},{"floor":23,"key":"infinitespire:Satchel"},{"floor":25,"key":"Replay:Baseball"},{"floor":26,"key":"Anchor"},{"floor":28,"key":"Replay:Wax Seal"},{"floor":29,"key":"PreservedInsect"},{"floor":30,"key":"Dream Catcher"},{"floor":31,"key":"Letter Opener"},{"floor":32,"key":"Lizard Tail"},{"floor":35,"key":"Gremlin Horn"},{"floor":36,"key":"Bird Faced Urn"},{"floor":38,"key":"Smiling Mask"},{"floor":39,"key":"infinitespire:WardingShard"},{"floor":40,"key":"ReplayTheSpireMod:Ninjato"},{"floor":41,"key":"infinitespire:Beetle Shell"},{"floor":42,"key":"Bag of Preparation"},{"floor":43,"key":"Regal Pillow"},{"floor":45,"key":"Meat on the Bone"},{"floor":46,"key":"Ancient Tea Set"},{"floor":48,"key":"Whetstone"}],"event_choices":[{"damage_healed":0,"gold_gain":0,"player_choice":"Grow","damage_taken":0,"max_hp_gain":0,"max_hp_loss":0,"event_name":"Living Wall","floor":3,"gold_loss":0,"cards_upgraded":["conspire:DoublingDagger"]},{"damage_healed":0,"gold_gain":0,"player_choice":"Leave","damage_taken":0,"max_hp_gain":0,"max_hp_loss":0,"event_name":"conspire:Investor","floor":4,"gold_loss":0},{"cards_removed":["Sucker Punch"],"damage_healed":0,"gold_gain":0,"player_choice":"Card Removal","damage_taken":0,"max_hp_gain":0,"max_hp_loss":0,"event_name":"The Cleric","floor":5,"gold_loss":50},{"damage_healed":0,"gold_gain":0,"player_choice":"Bet on Murderer","damage_taken":0,"max_hp_gain":0,"max_hp_loss":0,"event_name":"The Joust","floor":20,"gold_loss":50},{"damage_healed":0,"gold_gain":0,"player_choice":"Fight","damage_taken":0,"max_hp_gain":0,"max_hp_loss":0,"event_name":"Mysterious Sphere","floor":36,"gold_loss":0}],"is_beta":false,"boss_relics":[{"not_picked":["hubris:BlackHole","Astrolabe","Snecko Eye"]},{"not_picked":["Kintsugi","Replay:Drink Me"],"picked":"Abe\u0027s Treasure"}],"items_purged_floors":[27,37,44],"is_endless":false,"potions_floor_spawned":[10,13,14,16,18,29,31,33,35,38,41,48],"ascension_level":1}}