{"host":"bpnwh7vpv9k3tssc","time":1613393268,"event":{"mods":["BaseMod","Colored Map","Colored Powertips","Curses Come First","Highlight Path","Minty Spire (QoL Compilation)","Quick Restart","Random Character Button","Relic Sorter","StSLib"],"gold_per_floor":[119,137,117,137,155,155,190,190,217,229,242,111,111,137,149,161,161],"floor_reached":16,"language":"ENG","playtime":579,"items_purged":["Strike_R"],"score":187,"play_id":"aa5ac95d-dbbf-4308-a33a-ad3e966ce49b","local_time":"20210215134748","is_ascension_mode":true,"campfire_choices":[{"data":"Body Slam","floor":6,"key":"SMITH"},{"data":"Entrench","floor":8,"key":"SMITH"},{"data":"True Grit","floor":15,"key":"SMITH"}],"circlet_count":0,"master_deck":["AscendersBane","Strike_R","Strike_R","Strike_R","Strike_R","Defend_R","Defend_R","Defend_R","Defend_R","Bash","Twin Strike","Seeing Red","Flame Barrier","Body Slam+1","Entrench+1","Feel No Pain","True Grit+1","True Grit"],"relics":["Burning Blood","Omamori","Centennial Puzzle","Bag of Preparation","MawBank"],"acts_visited":[],"potions_floor_usage":[7,7,7,16],"damage_taken":[{"damage":7,"enemies":"Jaw Worm","floor":1,"turns":3},{"damage":6,"enemies":"Cultist","floor":2,"turns":4},{"damage":9,"enemies":"2 Louse","floor":4,"turns":2},{"damage":14,"enemies":"Lots of Slimes","floor":5,"turns":5},{"damage":12,"enemies":"Lagavulin","floor":7,"turns":6},{"damage":1,"enemies":"Large Slime","floor":10,"turns":5},{"damage":6,"enemies":"Looter","floor":11,"turns":2},{"damage":26,"enemies":"Exordium Wildlife","floor":14,"turns":7},{"damage":35,"enemies":"Slime Boss","floor":16,"turns":7}],"seed_played":"7835560880691943489","potions_obtained":[{"floor":3,"key":"EntropicBrew"},{"floor":4,"key":"Block Potion"},{"floor":10,"key":"Strength Potion"}],"is_trial":false,"path_per_floor":["M","M","?","M","M","R","E","R","T","M","M","$","?","M","R","B"],"character_chosen":"IRONCLAD","items_purchased":["True Grit"],"campfire_rested":0,"item_purchase_floors":[12],"current_hp_per_floor":[67,67,67,64,56,56,50,50,50,55,55,55,55,35,35,0,0],"gold":161,"neow_bonus":"RANDOM_COMMON_RELIC","is_daily":false,"chose_seed":false,"campfire_upgraded":3,"win_rate":0.0,"timestamp":1613393268,"path_taken":["M","M","?","?","M","R","E","R","T","M","M","$","?","?","R","BOSS"],"items_purchased_type":["Card"],"build_version":"2020-12-22","purchased_purges":1,"victory":false,"max_hp_per_floor":[75,75,75,75,75,75,75,75,75,75,75,75,75,75,75,75,75],"card_choices":[{"not_picked":["Anger","Carnage"],"picked":"Twin Strike","floor":1},{"not_picked":["Spot Weakness","Bloodletting"],"picked":"Seeing Red","floor":2},{"not_picked":["Uppercut","Rage"],"picked":"Flame Barrier","floor":4},{"not_picked":["Iron Wave","Warcry"],"picked":"Body Slam","floor":5},{"not_picked":["Cleave","Dark Embrace"],"picked":"Entrench","floor":7},{"not_picked":["Clash","Offering","Perfected Strike"],"picked":"SKIP","floor":10},{"not_picked":["Rupture","Clothesline"],"picked":"Feel No Pain","floor":11},{"not_picked":["Headbutt","Anger"],"picked":"True Grit","floor":14}],"player_experience":394486,"relics_obtained":[{"floor":7,"key":"Centennial Puzzle"},{"floor":9,"key":"Bag of Preparation"}],"event_choices":[{"damage_healed":0,"gold_gain":0,"player_choice":"Bought 1 Potion","damage_taken":0,"max_hp_gain":0,"max_hp_loss":0,"event_name":"The Woman in Blue","floor":3,"gold_loss":0},{"damage_healed":0,"gold_gain":0,"player_choice":"Gave Potion","damage_taken":0,"relics_obtained":["MawBank"],"max_hp_gain":0,"max_hp_loss":0,"event_name":"WeMeetAgain","floor":13,"gold_loss":0}],"is_beta":false,"boss_relics":[],"items_purged_floors":[12],"is_endless":false,"potions_floor_spawned":[4,5,10,11],"killed_by":"Slime Boss","ascension_level":16}}