{"host":"wmrrle71ao22fxdw","time":1613385570,"event":{"mods":["BaseMod","Colored Map","Minty Spire (QoL Compilation)"],"gold_per_floor":[110,12,27,46,58,93,93,109,109,109,109,450,466,489,489,613,613,628,174,195,220,238,238,261,297,297,297,6,6,47,62,62,182,182,195,70,129,149,212,248,248,273,273,287,302,322,50,65,65,65,65],"floor_reached":50,"language":"ENG","playtime":2970,"items_purged":["Shame","Strike_P","Writhe"],"score":578,"play_id":"b628f4e5-674b-4284-a97d-cbdc13a63144","local_time":"20210215113930","is_ascension_mode":false,"campfire_choices":[{"data":"Consecrate","floor":7.0,"key":"SMITH"},{"floor":15.0,"key":"REST"},{"data":"Tantrum","floor":23.0,"key":"SMITH"},{"floor":27.0,"key":"REST"},{"data":"Protect","floor":32.0,"key":"SMITH"},{"floor":41.0,"key":"REST"},{"floor":49.0,"key":"REST"}],"circlet_count":0,"master_deck":["Strike_P+1","Strike_P","Strike_P","Defend_P","Defend_P","Defend_P","Defend_P","Eruption","Vigilance","FlyingSleeves","EmptyFist+1","Consecrate+1","SashWhip","DeusExMachina","WheelKick","Crescendo","ClearTheMind","Conclude","DeusExMachina","Tantrum+1","CutThroughFate","FlurryOfBlows","EmptyBody","Protect+1","Halt+1","WheelKick","MasterReality","SandsOfTime","EmptyBody+1","TalkToTheHand","Fasting2+1","ThirdEye+1","Injury","Injury","EmptyMind","Worship","Halt+1","MentalFortress","InnerPeace"],"relics":["PureWater","FossilizedHelix","Whetstone","Matryoshka","Omamori","Golden Idol","Old Coin","Cursed Key","Orichalcum","HandDrill","Prayer Wheel","Nunchaku","Gremlin Horn","Letter Opener","Eternal Feather","Question Card","SlaversCollar","Ice Cream","Turnip","Lantern","Pen Nib","Bronze Scales","InkBottle","Art of War"],"acts_visited":["Exordium","TheCity","TheBeyond"],"potions_floor_usage":[50,50,50,50,50,50],"damage_taken":[{"damage":0.0,"enemies":"Cultist","floor":1.0,"turns":3.0},{"damage":2.0,"enemies":"2 Louse","floor":3.0,"turns":3.0},{"damage":0.0,"enemies":"Small Slimes","floor":4.0,"turns":1.0},{"damage":0.0,"enemies":"Looter","floor":5.0,"turns":2.0},{"damage":13.0,"enemies":"3 Sentries","floor":6.0,"turns":7.0},{"damage":0.0,"enemies":"3 Louse","floor":8.0,"turns":3.0},{"damage":2.0,"enemies":"Lagavulin","floor":12.0,"turns":6.0},{"damage":0.0,"enemies":"Blue Slaver","floor":13.0,"turns":1.0},{"damage":0.0,"enemies":"2 Fungi Beasts","floor":14.0,"turns":2.0},{"damage":22.0,"enemies":"Hexaghost","floor":16.0,"turns":9.0},{"damage":25.0,"enemies":"Shell Parasite","floor":18.0,"turns":5.0},{"damage":0.0,"enemies":"Spheric Guardian","floor":20.0,"turns":3.0},{"damage":0.0,"enemies":"Snecko","floor":21.0,"turns":3.0},{"damage":14.0,"enemies":"Snake Plant","floor":22.0,"turns":3.0},{"damage":0.0,"enemies":"Centurion and Healer","floor":24.0,"turns":3.0},{"damage":15.0,"enemies":"Slavers","floor":25.0,"turns":3.0},{"damage":12.0,"enemies":"Gremlin Leader","floor":30.0,"turns":3.0},{"damage":2.0,"enemies":"Shelled Parasite and Fungi","floor":31.0,"turns":5.0},{"damage":9.0,"enemies":"Champ","floor":33.0,"turns":7.0},{"damage":15.0,"enemies":"3 Shapes","floor":35.0,"turns":3.0},{"damage":40.0,"enemies":"2 Orb Walkers","floor":37.0,"turns":4.0},{"damage":0.0,"enemies":"Orb Walker","floor":38.0,"turns":3.0},{"damage":0.0,"enemies":"Mind Bloom Boss Battle","floor":39.0,"turns":4.0},{"damage":15.0,"enemies":"Nemesis","floor":40.0,"turns":5.0},{"damage":0.0,"enemies":"Sphere and 2 Shapes","floor":44.0,"turns":3.0},{"damage":0.0,"enemies":"Transient","floor":45.0,"turns":5.0},{"damage":0.0,"enemies":"Writhing Mass","floor":46.0,"turns":4.0},{"damage":12.0,"enemies":"Jaw Worm Horde","floor":48.0,"turns":4.0},{"damage":152,"enemies":"Time Eater","floor":50,"turns":8}],"seed_played":"-487485562330074923","potions_obtained":[{"floor":1.0,"key":"SkillPotion"},{"floor":5.0,"key":"GamblersBrew"},{"floor":6.0,"key":"FearPotion"},{"floor":12.0,"key":"AttackPotion"},{"floor":24.0,"key":"Block Potion"},{"floor":33.0,"key":"Swift Potion"},{"floor":37.0,"key":"SteroidPotion"},{"floor":39.0,"key":"EntropicBrew"},{"floor":45.0,"key":"CultistPotion"}],"is_trial":false,"path_per_floor":["M","$","M","M","M","E","R","M","T","?","?","E","M","M","R","B",null,"M","$","M","M","M","R","M","E","T","R","$","?","E","M","R","B",null,"M","$","?","M","?","E","R","T","T","M","M","M","$","M","R","B"],"character_chosen":"WATCHER","items_purchased":["EmptyFist","CutThroughFate","Orichalcum","HandDrill","Letter Opener","Protect","MentalFortress","Art of War","InnerPeace"],"campfire_rested":4,"item_purchase_floors":[2,19,19,19,28,28,47,47,47],"current_hp_per_floor":[72,72,70,70,70,57,57,57,57,32,32,30,30,30,51,29,72,47,47,47,47,33,33,33,18,18,39,39,39,27,25,40,31,72,57,57,17,17,17,2,41,41,41,41,41,41,41,29,71,0,0],"gold":65,"neow_bonus":"ONE_RARE_RELIC","is_daily":false,"chose_seed":false,"campfire_upgraded":3,"win_rate":0.0,"timestamp":1613385570,"path_taken":["M","$","M","M","M","E","R","M","T","?","?","E","M","M","R","BOSS","M","$","M","M","M","R","M","E","T","R","$","?","E","M","R","BOSS","M","$","?","M","?","E","R","?","T","M","M","M","$","M","R","BOSS"],"items_purchased_type":["Card","Card","Relic","Relic","Relic","Card","Card","Relic","Card"],"build_version":"2020-12-22","purchased_purges":3,"victory":false,"max_hp_per_floor":[72,72,72,72,72,72,72,72,72,72,72,72,72,72,72,72,72,72,72,72,72,72,72,72,72,72,72,72,72,72,72,72,72,72,72,72,72,72,72,72,72,72,72,72,72,72,72,72,72,72,72],"card_choices":[{"not_picked":["WheelKick","Fasting2"],"picked":"FlyingSleeves","floor":1.0},{"not_picked":["BowlingBash","InnerPeace"],"picked":"Consecrate","floor":3.0},{"not_picked":["Vengeance","Halt"],"picked":"SashWhip","floor":4.0},{"not_picked":["Crescendo","Nirvana"],"picked":"DeusExMachina","floor":5.0},{"not_picked":["Evaluate","Judgement"],"picked":"WheelKick","floor":6.0},{"not_picked":["FlurryOfBlows","Vengeance","CarveReality"],"picked":"SKIP","floor":8.0},{"not_picked":["WaveOfTheHand","DeceiveReality"],"picked":"Crescendo","floor":12.0},{"not_picked":["DeceiveReality","BowlingBash"],"picked":"ClearTheMind","floor":13.0},{"not_picked":["Indignation","Prostrate"],"picked":"Conclude","floor":14.0},{"not_picked":["Devotion","Omniscience"],"picked":"DeusExMachina","floor":16.0},{"not_picked":["Perseverance+1","EmptyFist+1"],"picked":"Tantrum","floor":18.0},{"not_picked":["Consecrate","FlyingSleeves"],"picked":"FlurryOfBlows","floor":20.0},{"not_picked":["Halt","ClearTheMind+1","ForeignInfluence"],"picked":"SKIP","floor":21.0},{"not_picked":["Evaluate","DeceiveReality","BowlingBash"],"picked":"SKIP","floor":22.0},{"not_picked":["WreathOfFlame","BattleHymn","BowlingBash"],"picked":"SKIP","floor":24.0},{"not_picked":["Establishment","FollowUp"],"picked":"EmptyBody","floor":25.0},{"not_picked":["WaveOfTheHand+1","FlurryOfBlows"],"picked":"Halt+1","floor":30.0},{"not_picked":["Nirvana","Adaptation","BattleHymn"],"picked":"WheelKick","floor":31.0},{"not_picked":["JustLucky","Indignation+1","FlurryOfBlows","EmptyBody"],"picked":"SKIP","floor":31.0},{"not_picked":["Ragnarok","ConjureBlade","LessonLearned"],"picked":"MasterReality","floor":33.0},{"not_picked":["ClearTheMind+1","Blasphemy","Prostrate+1"],"picked":"SandsOfTime","floor":35.0},{"not_picked":["ClearTheMind+1","FlyingSleeves+1","SashWhip+1"],"picked":"EmptyBody+1","floor":35.0},{"not_picked":["CrushJoints","Sanctity","ClearTheMind+1"],"picked":"TalkToTheHand","floor":38.0},{"not_picked":["Study+1","Wallop","Crescendo+1","Conclude+1"],"picked":"SKIP","floor":38.0},{"not_picked":["CarveReality","Indignation","FlurryOfBlows"],"picked":"Fasting2+1","floor":39.0},{"not_picked":["Scrawl","Weave","Adaptation"],"picked":"ThirdEye+1","floor":40.0},{"not_picked":["Evaluate+1","ClearTheMind+1","FlyingSleeves+1"],"picked":"EmptyMind","floor":44.0},{"not_picked":["FollowUp+1","EmptyBody","Consecrate","JustLucky+1"],"picked":"SKIP","floor":44.0},{"not_picked":["Nirvana+1","FlurryOfBlows","EmptyBody"],"picked":"Worship","floor":45.0},{"not_picked":["PathToVictory+1","Meditate+1","EmptyFist","Crescendo"],"picked":"SKIP","floor":45.0},{"not_picked":["Judgement","FlurryOfBlows+1","Prostrate+1"],"picked":"Halt+1","floor":46.0},{"not_picked":["SashWhip","Prostrate+1","Halt","Wallop+1"],"picked":"SKIP","floor":46.0},{"not_picked":["CarveReality","Halt+1","ForeignInfluence+1","CrushJoints"],"picked":"SKIP","floor":48.0},{"not_picked":["Meditate","EmptyBody","SashWhip","FlyingSleeves+1"],"picked":"SKIP","floor":48.0}],"player_experience":93469,"relics_obtained":[{"floor":6.0,"key":"Whetstone"},{"floor":9.0,"key":"Matryoshka"},{"floor":12.0,"key":"Old Coin"},{"floor":25.0,"key":"Prayer Wheel"},{"floor":26.0,"key":"Nunchaku"},{"floor":26.0,"key":"Gremlin Horn"},{"floor":30.0,"key":"Question Card"},{"floor":37.0,"key":"Ice Cream"},{"floor":39.0,"key":"Turnip"},{"floor":40.0,"key":"Lantern"},{"floor":42.0,"key":"Pen Nib"},{"floor":42.0,"key":"Bronze Scales"},{"floor":43.0,"key":"InkBottle"}],"event_choices":[{"damage_healed":0.0,"max_hp_gain":0.0,"max_hp_loss":0.0,"gold_gain":0.0,"event_name":"Scrap Ooze","player_choice":"Success","floor":10.0,"gold_loss":0.0,"damage_taken":25.0,"relics_obtained":["Omamori"]},{"damage_healed":0.0,"max_hp_gain":0.0,"max_hp_loss":0.0,"gold_gain":0.0,"event_name":"Golden Idol","player_choice":"Take Wound","floor":11.0,"gold_loss":0.0,"damage_taken":0.0,"relics_obtained":["Golden Idol"],"cards_obtained":["Injury"]},{"damage_healed":0.0,"max_hp_gain":0.0,"max_hp_loss":0.0,"gold_gain":0.0,"event_name":"The Mausoleum","player_choice":"Opened","floor":29.0,"gold_loss":0.0,"damage_taken":0.0,"relics_obtained":["Eternal Feather"],"cards_obtained":["Writhe"]},{"damage_healed":0.0,"max_hp_gain":0.0,"max_hp_loss":0.0,"gold_gain":0.0,"event_name":"Mysterious Sphere","player_choice":"Fight","floor":37.0,"gold_loss":0.0,"damage_taken":0.0},{"damage_healed":0.0,"max_hp_gain":0.0,"max_hp_loss":0.0,"gold_gain":0.0,"event_name":"MindBloom","player_choice":"Fight","floor":39.0,"gold_loss":0.0,"damage_taken":0.0}],"is_beta":false,"boss_relics":[{"not_picked":["Philosopher\u0027s Stone","Coffee Dripper"],"picked":"Cursed Key"},{"not_picked":["Black Star","Busted Crown"],"picked":"SlaversCollar"}],"items_purged_floors":[2,19,36],"is_endless":false,"potions_floor_spawned":[1,5,6,12,24,25,30,31,33,37,39,45,48],"killed_by":"Time Eater","ascension_level":0}}