{"host":"u8f6oqzdc7r6igag","time":1613413964,"event":{"mods":["BaseMod","Minty Spire (QoL Compilation)","Relic Stats"],"gold_per_floor":[111,131,56,66,77,77,105,132,144,187,222,249,261,293,305,419,431,453,15,34,44,44,70,70,70,94,94,94],"floor_reached":27,"language":"ENG","playtime":1015,"items_purged":["Strike_B","Strike_B"],"score":343,"play_id":"e5d92996-c4d6-45e8-870f-08083b9860eb","local_time":"20210215123244","is_ascension_mode":true,"campfire_choices":[{"data":"Defragment","floor":6,"key":"SMITH"},{"floor":13,"key":"REST"},{"floor":15,"key":"REST"},{"floor":25,"key":"REST"}],"circlet_count":0,"master_deck":["Defend_B","Defend_B","Defend_B","Defend_B","Zap","Dualcast","Undo","Defragment+1","Coolheaded","Streamline","White Noise","Echo Form","Loop","Compile Driver","All For One","Turbo+1","Gash","Doom and Gloom","Darkness+1","Tempest+1","Glacier","Chaos","Rip and Tear","Decay"],"relics":["Cracked Core","NeowsBlessing","MawBank","Bottled Lightning","Boot","Regal Pillow","Nuclear Battery","Runic Capacitor","Turnip","War Paint"],"acts_visited":["Exordium","TheCity"],"potions_floor_usage":[10,12,16,23,23,27],"damage_taken":[{"damage":0,"enemies":"Cultist","floor":1,"turns":1},{"damage":0,"enemies":"Small Slimes","floor":2,"turns":1},{"damage":0,"enemies":"Jaw Worm","floor":4,"turns":1},{"damage":11,"enemies":"3 Louse","floor":5,"turns":4},{"damage":5,"enemies":"Lagavulin","floor":7,"turns":9},{"damage":2,"enemies":"Looter","floor":8,"turns":4},{"damage":14,"enemies":"Gremlin Nob","floor":10,"turns":3},{"damage":29,"enemies":"Gremlin Gang","floor":12,"turns":5},{"damage":15,"enemies":"3 Louse","floor":14,"turns":5},{"damage":21,"enemies":"Slime Boss","floor":16,"turns":8},{"damage":17,"enemies":"Spheric Guardian","floor":18,"turns":5},{"damage":7,"enemies":"Chosen","floor":20,"turns":4},{"damage":35,"enemies":"Snake Plant","floor":21,"turns":4},{"damage":8,"enemies":"Book of Stabbing","floor":23,"turns":6},{"damage":42,"enemies":"Gremlin Leader","floor":27,"turns":5}],"seed_played":"330697254598781314","potions_obtained":[{"floor":2,"key":"EssenceOfSteel"},{"floor":4,"key":"GamblersBrew"},{"floor":10,"key":"Block Potion"},{"floor":14,"key":"ColorlessPotion"},{"floor":20,"key":"Block Potion"},{"floor":21,"key":"Fire Potion"}],"is_trial":false,"path_per_floor":["M","M","$","M","M","R","E","M","T","E","T","M","R","M","R","B",null,"M","$","M","M","?","E","?","R","T","E"],"character_chosen":"DEFECT","items_purchased":["Gash","Doom and Gloom","Darkness","Runic Capacitor"],"campfire_rested":3,"item_purchase_floors":[19,19,19,19],"current_hp_per_floor":[68,68,68,68,57,57,52,50,50,36,36,7,44,29,66,45,68,51,51,44,9,9,1,1,38,38,0,0],"gold":94,"neow_bonus":"THREE_ENEMY_KILL","is_daily":false,"chose_seed":false,"campfire_upgraded":1,"win_rate":0.0,"timestamp":1613413964,"path_taken":["M","M","$","?","M","R","E","M","T","E","?","M","R","M","R","BOSS","M","$","M","M","?","E","?","R","T","E"],"items_purchased_type":["Card","Card","Card","Relic"],"build_version":"2020-12-22","purchased_purges":2,"victory":false,"max_hp_per_floor":[75,75,75,75,75,75,75,75,75,75,75,75,75,75,75,75,75,75,75,75,75,75,75,75,75,75,75,75],"relic_stats":{"Regal Pillow":45,"counters":[15,65],"Turnip":[0],"War Paint":["Tempest","Darkness"],"MawBank":144,"Boot":[22],"obtain_stats":[{"Regal Pillow":11,"NeowsBlessing":0,"Turnip":23,"Runic Capacitor":19,"Bottled Lightning":9,"War Paint":26,"Cracked Core":0,"MawBank":7,"Boot":10,"Nuclear Battery":17},{"Regal Pillow":7,"NeowsBlessing":0,"Turnip":14,"Runic Capacitor":11,"Bottled Lightning":6,"War Paint":14,"Cracked Core":0,"MawBank":5,"Boot":7,"Nuclear Battery":10},{"Regal Pillow":23,"NeowsBlessing":0,"Turnip":60,"Runic Capacitor":46,"Bottled Lightning":20,"War Paint":60,"Cracked Core":0,"MawBank":16,"Boot":23,"Nuclear Battery":41}]},"card_choices":[{"not_picked":["Redo","Beam Cell"],"picked":"Undo","floor":1},{"not_picked":["Undo","Go for the Eyes"],"picked":"Defragment","floor":2},{"not_picked":["BootSequence","Redo"],"picked":"Coolheaded","floor":4},{"not_picked":["Lockon","Turbo","Reprogram"],"picked":"SKIP","floor":5},{"not_picked":["Hello World","FTL"],"picked":"Streamline","floor":7},{"not_picked":["Go for the Eyes","Coolheaded"],"picked":"White Noise","floor":8},{"not_picked":["Lockon","Streamline"],"picked":"Echo Form","floor":10},{"not_picked":["Rebound","Hologram"],"picked":"Loop","floor":12},{"not_picked":["Skim","Gash"],"picked":"Compile Driver","floor":14},{"not_picked":["Core Surge","Reboot"],"picked":"All For One","floor":16},{"not_picked":["Defragment","Recycle"],"picked":"Turbo+1","floor":18},{"not_picked":["Streamline","Coolheaded"],"picked":"Tempest","floor":20},{"not_picked":["Auto Shields","Reinforced Body"],"picked":"Glacier","floor":21},{"not_picked":["Reprogram","Rebound","Go for the Eyes"],"picked":"SKIP","floor":23}],"player_experience":204949,"relics_obtained":[{"floor":7,"key":"MawBank"},{"floor":9,"key":"Bottled Lightning"},{"floor":10,"key":"Boot"},{"floor":11,"key":"Regal Pillow"},{"floor":23,"key":"Turnip"},{"floor":26,"key":"War Paint"}],"event_choices":[{"damage_healed":0,"gold_gain":0,"cards_transformed":["Strike_B","Strike_B"],"player_choice":"Became Test Subject","damage_taken":0,"max_hp_gain":0,"max_hp_loss":0,"event_name":"Drug Dealer","floor":22,"gold_loss":0,"cards_obtained":["Chaos","Rip and Tear"]},{"damage_healed":0,"gold_gain":0,"player_choice":"Smashed Altar","damage_taken":0,"max_hp_gain":0,"max_hp_loss":0,"event_name":"Forgotten Altar","floor":24,"gold_loss":0,"cards_obtained":["Decay"]}],"is_beta":false,"boss_relics":[{"not_picked":["Black Star","SacredBark"],"picked":"Nuclear Battery"}],"items_purged_floors":[3,19],"is_endless":false,"potions_floor_spawned":[2,4,10,14,20,21],"killed_by":"Gremlin Leader","ascension_level":8}}