{"host":"9rehsd5oi9uaydbk","time":1613412087,"event":{"mods":["AchievementEnabler","Act Like it!","Aspiration","BaseMod","Colored Powertips","Curses Come First","Downfall","Hallownest","Hermit","Hubris","Jorbs\u0027s Wanderer Trilogy","Minty Spire (QoL Compilation)","Reliquary","Shop Mod","StSLib","The Bug Knight","The Runesmith"],"gold_per_floor":[112,112,112,122,122,140,140,65,116,116,116,116,116,116,116,213,213,225,225,79,79,79,79,93,93,93,93,93,113,113,113,113,217,217,228,228,124,124,69,69,69,80,80,80,94,94,171,221,221,221,221],"floor_reached":50,"language":"ENG","playtime":1942,"items_purged":["hermit:Showdown"],"score":593,"play_id":"8a606802-16db-4764-a8f0-6c1e90775188","local_time":"20210215130127","daily_mods":["Draft","Heirloom","Time Dilation","Flight"],"is_ascension_mode":false,"campfire_choices":[{"floor":7,"key":"REST"},{"data":"hermit:CursedWeapon","floor":10,"key":"SMITH"},{"data":"hermit:Glare","floor":12,"key":"SMITH"},{"data":"hermit:Quickdraw","floor":13,"key":"SMITH"},{"data":"hermit:Snipe","floor":15,"key":"SMITH"},{"data":"hermit:EternalForm","floor":23,"key":"SMITH"},{"floor":25,"key":"REST"},{"data":"hermit:Spite","floor":28,"key":"SMITH"},{"floor":32,"key":"REST"},{"data":"hermit:FinalCanter","floor":40,"key":"SMITH"},{"data":"hermit:FlashPowder","floor":41,"key":"SMITH"},{"floor":46,"key":"REST"},{"floor":49,"key":"REST"}],"circlet_count":0,"master_deck":["hermit:Horror","hermit:Cheat","hermit:CursedWeapon+1","hermit:Ricochet","hermit:Snipe+1","hermit:ItchyTrigger","hermit:Desperado+1","hermit:Spite+1","hermit:Dive","hermit:Vantage+1","hermit:Quickdraw+1","hermit:FlashPowder+1","hermit:Glare+1","hermit:Malice+1","hermit:Strike_Hermit","hermit:Manifest","Decay","hermit:ShadowCloak","Pain","hermit:EternalForm+1","hermit:FinalCanter+1","hermit:Glare","hermit:PistolWhip+1"],"relics":["hermit:Momento","champ:DuelingGlove","Akabeko","WarpedTongs","hubris:VirtuousBlindfold","MerchantsRug","hubris:Towel","Sundial","hexamod:CandleOfCauterizing","sneckomod:SneckoTalon","Kunai","White Beast Statue","Incense Burner"],"acts_visited":["Exordium","TheCity","TheBeyond"],"potions_floor_usage":[16,16,42,45,48,48,48,48,48,50],"damage_taken":[{"damage":9,"enemies":"Small Slimes","floor":1,"turns":2},{"damage":0,"enemies":"Cultist","floor":4,"turns":1},{"damage":2,"enemies":"2 Louse","floor":6,"turns":1},{"damage":17,"enemies":"Hexaghost","floor":16,"turns":6},{"damage":2,"enemies":"Spheric Guardian","floor":18,"turns":2},{"damage":10,"enemies":"Shell Parasite","floor":24,"turns":2},{"damage":8,"enemies":"Centurion and Healer","floor":29,"turns":4},{"damage":22,"enemies":"Collector","floor":33,"turns":6},{"damage":17,"enemies":"3 Darklings","floor":35,"turns":6},{"damage":8,"enemies":"3 Shapes","floor":42,"turns":3},{"damage":16,"enemies":"3 Darklings","floor":45,"turns":2},{"damage":10,"enemies":"Mind Bloom Boss Battle","floor":48,"turns":3},{"damage":78,"enemies":"Donu and Deca","floor":50,"turns":8}],"seed_played":"8841783197648160352","potions_obtained":[{"floor":4,"key":"Explosive Potion"},{"floor":6,"key":"FearPotion"},{"floor":35,"key":"Dexterity Potion"},{"floor":42,"key":"EntropicBrew"},{"floor":48,"key":"FearPotion"}],"is_trial":true,"path_per_floor":["M","?","?","M","?","M","R","$","T","R","?","R","R","?","R","B",null,"M","?","$","?","?","R","M","R","T","T","R","M","$","?","R","B",null,"M","?","$","?","$","R","R","M","T","?","M","R","T","?","R","B"],"character_chosen":"HERMIT","items_purchased":["MerchantsRug","ColorlessPotion","Energy Potion","Regen Potion"],"campfire_rested":5,"item_purchase_floors":[20,37,37,39],"current_hp_per_floor":[66,51,51,51,51,49,71,71,71,71,71,71,71,71,71,54,75,73,73,73,73,67,67,57,75,75,75,75,67,67,67,75,53,75,58,58,58,58,58,58,58,59,59,71,55,71,71,61,71,0,0],"gold":221,"neow_bonus":"","is_daily":false,"chose_seed":false,"campfire_upgraded":8,"win_rate":0.0,"timestamp":1613412087,"path_taken":["M","?","?","?","?","?","R","$","T","R","?","R","R","?","R","BOSS","M","?","$","?","?","R","?","R","T","?","R","?","$","?","R","BOSS","M","?","$","?","$","R","R","?","T","?","?","R","?","?","R","BOSS"],"items_purchased_type":["Relic","Potion","Potion","Potion"],"build_version":"2020-12-22","purchased_purges":1,"victory":false,"max_hp_per_floor":[75,75,75,75,75,75,75,75,75,75,75,75,75,75,75,75,75,75,75,75,75,75,75,75,75,75,75,75,75,75,75,75,75,75,75,71,71,71,71,71,71,71,71,71,71,71,71,71,71,71,71],"card_choices":[{"not_picked":["hermit:Feint","hermit:BodyArmor"],"picked":"hermit:Horror","floor":0},{"not_picked":["hermit:Coalescence","hermit:Scavenge"],"picked":"hermit:Cheat","floor":0},{"not_picked":["hermit:Vantage","hermit:Snipe"],"picked":"hermit:CursedWeapon","floor":0},{"not_picked":["hermit:Dive","hermit:TrackingShot"],"picked":"hermit:Ricochet","floor":0},{"not_picked":["hermit:CalledShot","hermit:Dive"],"picked":"hermit:Snipe","floor":0},{"not_picked":["hermit:Ricochet","hermit:Headshot"],"picked":"hermit:ItchyTrigger","floor":0},{"not_picked":["hermit:HoleUp","hermit:ItchyTrigger"],"picked":"hermit:Desperado","floor":0},{"not_picked":["hermit:BodyArmor","hermit:Vantage"],"picked":"hermit:Spite","floor":0},{"not_picked":["hermit:TrackingShot","hermit:Headshot"],"picked":"hermit:Dive","floor":0},{"not_picked":["hermit:Headshot","hermit:TrackingShot"],"picked":"hermit:Vantage","floor":0},{"not_picked":["hermit:Dive","hermit:Maintenance"],"picked":"hermit:Midnight","floor":0},{"not_picked":["hermit:Desperado","hermit:TakeCover"],"picked":"hermit:Quickdraw","floor":0},{"not_picked":["hermit:HoleUp","hermit:Vantage"],"picked":"hermit:FlashPowder","floor":0},{"not_picked":["hermit:Dive","hermit:TakeCover"],"picked":"hermit:Showdown","floor":0},{"not_picked":["hermit:Coalescence","hermit:Vantage"],"picked":"hermit:Glare","floor":0},{"not_picked":["hermit:ItchyTrigger","hermit:HoleUp"],"picked":"hermit:Malice","floor":1},{"not_picked":["hermit:BodyArmor","hermit:LowProfile"],"picked":"hermit:Manifest","floor":4},{"not_picked":["hermit:Brawl","hermit:Headshot"],"picked":"hermit:ShadowCloak","floor":6},{"not_picked":["hermit:HighNoon","hermit:Gambit"],"picked":"hermit:EternalForm","floor":16},{"not_picked":["hermit:Manifest","hermit:SprayPray+1","hermit:Scavenge"],"picked":"SKIP","floor":18},{"not_picked":["hermit:Manifest+1","hermit:Vantage","hermit:HoleUp"],"picked":"SKIP","floor":24},{"not_picked":["hermit:Vantage+1","hermit:Combo","hermit:BigShot"],"picked":"SKIP","floor":29},{"not_picked":["hermit:BlackWind","hermit:Roughhouse"],"picked":"hermit:FinalCanter","floor":33},{"not_picked":["hermit:HoleUp+1","hermit:ItchyTrigger"],"picked":"hermit:Glare","floor":35},{"not_picked":["hermit:Horror+1","hermit:Desperado+1","hermit:DeadMansHand"],"picked":"SKIP","floor":42},{"not_picked":["hermit:Coalescence","hermit:Snipe+1"],"picked":"hermit:PistolWhip+1","floor":45}],"player_experience":204856,"relics_obtained":[{"floor":9,"key":"Akabeko"},{"floor":26,"key":"Sundial"},{"floor":27,"key":"hexamod:CandleOfCauterizing"},{"floor":43,"key":"Kunai"},{"floor":47,"key":"White Beast Statue"},{"floor":48,"key":"Incense Burner"}],"event_choices":[{"damage_healed":0,"gold_gain":0,"player_choice":"Entered Light","damage_taken":15,"max_hp_gain":0,"max_hp_loss":0,"event_name":"Shining Light","floor":2,"gold_loss":0,"cards_upgraded":["hermit:Vantage","hermit:Desperado"]},{"damage_healed":0,"gold_gain":0,"player_choice":"1 cards matched","damage_taken":0,"max_hp_gain":0,"max_hp_loss":0,"event_name":"Match and Keep!","floor":3,"gold_loss":0,"cards_obtained":["hermit:Strike_Hermit"]},{"damage_healed":0,"gold_gain":0,"player_choice":"Cursed","damage_taken":0,"max_hp_gain":0,"max_hp_loss":0,"event_name":"Wheel of Change","floor":5,"gold_loss":0,"cards_obtained":["Decay"]},{"damage_healed":0,"gold_gain":0,"player_choice":"Leave","damage_taken":0,"max_hp_gain":0,"max_hp_loss":0,"event_name":"The Cleric","floor":11,"gold_loss":0},{"damage_healed":0,"gold_gain":0,"player_choice":"Rummage","damage_taken":0,"relics_obtained":["WarpedTongs"],"max_hp_gain":0,"max_hp_loss":0,"event_name":"Accursed Blacksmith","floor":14,"gold_loss":0,"cards_obtained":["Pain"]},{"damage_healed":0,"gold_gain":0,"player_choice":"","damage_taken":6,"max_hp_gain":0,"max_hp_loss":0,"event_name":"Knowing Skull","floor":22,"potions_obtained":[],"gold_loss":0,"cards_obtained":[]},{"damage_healed":0,"gold_gain":0,"player_choice":"Max HP","damage_taken":0,"max_hp_gain":0,"max_hp_loss":4,"event_name":"Winding Halls","floor":36,"gold_loss":0},{"damage_healed":0,"gold_gain":0,"player_choice":"Ignored","damage_taken":0,"max_hp_gain":0,"max_hp_loss":0,"event_name":"NoteForYourself","floor":38,"gold_loss":0},{"cards_removed":["hermit:Midnight"],"damage_healed":12,"gold_gain":0,"player_choice":"Offered Uncommon","damage_taken":0,"max_hp_gain":0,"max_hp_loss":0,"event_name":"Bonfire Elementals","floor":44,"gold_loss":0},{"damage_healed":0,"gold_gain":0,"player_choice":"Fight","damage_taken":0,"max_hp_gain":0,"max_hp_loss":0,"event_name":"MindBloom","floor":48,"gold_loss":0}],"is_beta":false,"boss_relics":[{"not_picked":["Sozu","reliquary:RedCape"],"picked":"hubris:VirtuousBlindfold"},{"not_picked":["Tiny House","Philosopher\u0027s Stone"],"picked":"sneckomod:SneckoTalon"}],"items_purged_floors":[8],"is_endless":true,"potions_floor_spawned":[4,6,35,42,48],"killed_by":"Donu and Deca","ascension_level":0}}