{"host":"5dhwd44u3dydylwe","time":1613395765,"event":{"mods":["AchievementEnabler","BaseMod","BetterRewards","Dota2Spire","Duelist Mod","GifTheSpireLib","Hubris","Minty Spire (QoL Compilation)","Shop Mod","StSLib","Wandering Minibosses"],"gold_per_floor":[155,269,299,468,468,468,508,567,611,694,694,694,729,764,259,298,298,334,334,334,483,483,544,564,410,410,410,17,17,55,91,138,161,224,239,239,288,347,626,666,666,810,810,823,823,856,917,619,619,679,755,755,1126,1184,1275,1299,1355,1413,1413,867,908,984,984,984,1024,1024,1024,561,661,721],"floor_reached":71,"language":"ENG","playtime":4835,"items_purged":["theDuelist:ClownZombie","theDuelist:ClownZombie","theDuelist:TutanMask","theDuelist:VampireGrace+1"],"score":2515,"play_id":"30126535-3062-474b-bac0-67ece186377c","local_time":"20210215212925","is_ascension_mode":true,"campfire_choices":[{"data":"theDuelist:Nameless:Greed:GracefulCharity","floor":17,"key":"SMITH"},{"data":"theDuelist:BookMoon","floor":19,"key":"SMITH"},{"data":"theDuelist:ShallowGrave","floor":20,"key":"SMITH"},{"data":"theDuelist:Gashadokuro","floor":29,"key":"SMITH"},{"data":"theDuelist:MayakashiWinter","floor":36,"key":"SMITH"},{"data":"theDuelist:MechMoleZombie","floor":41,"key":"SMITH"},{"floor":52,"key":"RECALL"},{"data":"theDuelist:ArmoredZombie","floor":59,"key":"SMITH"},{"data":"theDuelist:ArmoredZombie","floor":63,"key":"SMITH"},{"data":"theDuelist:ArchfiendZombieSkull","floor":64,"key":"SMITH"},{"data":"theDuelist:PatricianDarkness","floor":67,"key":"SMITH"}],"circlet_count":0,"master_deck":["theDuelist:ArchfiendZombieSkull+1","theDuelist:ArmoredZombie+1","theDuelist:ArmoredZombie+1","theDuelist:PatricianDarkness+1","theDuelist:ShallowGrave+1","theDuelist:MechMoleZombie+1","theDuelist:GhostrickMummy+1","theDuelist:GhostReaper+1","theDuelist:Chewbone+1","theDuelist:Nameless:War:AssaultArmor+1","theDuelist:Nameless:Greed:GracefulCharity+1","theDuelist:Nameless:Power:KamionTimelord+1","theDuelist:BookMoon+1","theDuelist:MayakashiWinter+1","theDuelist:Gozuki+1","theDuelist:Gashadokuro+1","theDuelist:Nameless:Greed:GracefulCharity+1","theDuelist:BurningSkullHead+1","theDuelist:BookMoon","theDuelist:VampireScarletScourge+1"],"relics":["theDuelist:MillenniumPuzzle","theDuelist:CardPoolRelic","theDuelist:CardPoolBasicRelic","theDuelist:BoosterPackPoolRelic","theDuelist:CardPoolAddRelic","theDuelist:CardPoolMinusRelic","theDuelist:CardPoolSaveRelic","theDuelist:CardPoolOptionsRelic","theDuelist:GraveToken","theDuelist:MillenniumToken","Paper Frog","Ornamental Fan","Molten Egg 2","Gremlin Horn","theDuelist:KaibaToken","Golden Idol","MealTicket","Pantograph","Dota2Spire:ArcaneBoots","Paper Crane","Dota2Spire:OrchidMalevolence","Dota2Spire:ArmletOfMordiggian","theDuelist:MillenniumArmor","theDuelist:VampiricPendant","Sozu","Bronze Scales","hubris:MysteriousPyramids","hubris:SlimyHat","hubris:ToyBattleship","theDuelist:ResummonerFury","Dota2Spire:BlackKingBar","Red Skull","Dota2Spire:MantaStyle","wanderingMiniBosses:LockLocket","Dota2Spire:RefresherOrb","Ancient Tea Set","theDuelist:SolderToken","theDuelist:MillenniumCoin","Art of War","Calipers","hubris:PeanutButter","theDuelist:MetronomeRelicB","hubris:BottledRain","Akabeko","Pen Nib"],"acts_visited":["Exordium","TheCity","TheBeyond","TheEnding"],"potions_floor_usage":[21,70,70],"damage_taken":[{"damage":0,"enemies":"Small Slimes","floor":1,"turns":3},{"damage":0,"enemies":"Cultist","floor":2,"turns":5},{"damage":1,"enemies":"2 Louse","floor":4,"turns":5},{"damage":0,"enemies":"Looter","floor":7,"turns":1},{"damage":0,"enemies":"Gremlin Nob","floor":8,"turns":2},{"damage":2,"enemies":"Blue Slaver","floor":9,"turns":5},{"damage":1,"enemies":"Lagavulin","floor":10,"turns":3},{"damage":0,"enemies":"Gremlin Nob","floor":13,"turns":2},{"damage":0,"enemies":"3 Louse","floor":14,"turns":1},{"damage":0,"enemies":"Large Slime","floor":16,"turns":1},{"damage":0,"enemies":"Exordium Thugs","floor":18,"turns":5},{"damage":23,"enemies":"Hexaghost","floor":21,"turns":5},{"damage":0,"enemies":"Spheric Guardian","floor":23,"turns":2},{"damage":0,"enemies":"Gremlin Leader","floor":30,"turns":2},{"damage":0,"enemies":"Shell Parasite","floor":31,"turns":1},{"damage":0,"enemies":"theDuelist:KaibaA2","floor":34,"turns":1},{"damage":0,"enemies":"Snake Plant","floor":35,"turns":2},{"damage":0,"enemies":"Slavers","floor":38,"turns":2},{"damage":6,"enemies":"Snecko","floor":39,"turns":7},{"damage":0,"enemies":"Shelled Parasite and Fungi","floor":40,"turns":2},{"damage":0,"enemies":"Collector","floor":42,"turns":3},{"damage":0,"enemies":"3 Shapes","floor":44,"turns":2},{"damage":0,"enemies":"Orb Walker","floor":46,"turns":2},{"damage":0,"enemies":"Maw","floor":47,"turns":4},{"damage":0,"enemies":"3 Darklings","floor":50,"turns":1},{"damage":0,"enemies":"Nemesis","floor":51,"turns":3},{"damage":0,"enemies":"Giant Head","floor":53,"turns":4},{"damage":0,"enemies":"4 Shapes","floor":54,"turns":3},{"damage":0,"enemies":"Nemesis","floor":55,"turns":3},{"damage":0,"enemies":"Sphere and 2 Shapes","floor":57,"turns":3},{"damage":0,"enemies":"Maw","floor":58,"turns":2},{"damage":0,"enemies":"Jaw Worm Horde","floor":61,"turns":1},{"damage":0,"enemies":"Giant Head","floor":62,"turns":2},{"damage":0,"enemies":"hubris:GrandSnecko","floor":65,"turns":3},{"damage":0,"enemies":"Shield and Spear","floor":69,"turns":2},{"damage":27,"enemies":"The Heart","floor":70,"turns":5}],"seed_played":"-6620121284470294433","potions_obtained":[{"floor":1,"key":"LiquidBronze"},{"floor":8,"key":"theDuelist:SealedPackC"},{"floor":18,"key":"theDuelist:SolderPotionB"}],"is_trial":false,"path_per_floor":["M","M","?","M","?","?","M","E","M","E","T","T","E","M","$","M","R","M","R","R","B",null,"M","?","$","?","?","$","R","E","M","T","T","E","M","R","T","E","M","M","R","B",null,"M","?","M","M","$","?","M","E","R","E","M","E","T","M","M","R","$","M","E","R","R","B",null,"R","$","E","B",null],"character_chosen":"THE_DUELIST","items_purchased":["theDuelist:GraveToken","theDuelist:MillenniumToken","Paper Frog","Ornamental Fan","Molten Egg 2","theDuelist:GhostrickMummy+1","Gremlin Horn","theDuelist:KaibaToken","theDuelist:CoolBottle","theDuelist:MillenniumArmor","theDuelist:VampiricPendant","theDuelist:BookMoon","Bronze Scales","hubris:MysteriousPyramids","hubris:SlimyHat","Ancient Tea Set","Calipers","hubris:PeanutButter","theDuelist:BookMoon","hubris:BottledRain","Akabeko"],"campfire_rested":0,"item_purchase_floors":[0,0,0,0,0,0,0,0,0,15,15,15,25,28,28,48,60,60,68,68,68],"current_hp_per_floor":[32,32,49,48,48,41,41,41,39,38,38,38,38,38,53,53,53,53,53,53,55,81,81,81,90,90,90,90,90,90,90,90,90,90,90,90,90,90,84,84,84,90,90,90,90,90,90,90,90,90,90,90,90,90,90,90,90,90,90,90,90,90,90,90,90,90,90,90,90,63],"gold":721,"neow_bonus":"","is_daily":false,"chose_seed":false,"campfire_upgraded":10,"win_rate":0.0,"timestamp":1613395765,"path_taken":["M","M","?","?","?","?","M","E","M","E","T","T","E","M","$","M","R","M","R","R","BOSS","M","?","$","?","?","$","R","E","?","T","T","E","M","R","?","E","M","M","R","BOSS","M","?","?","M","$","?","M","E","R","E","M","E","T","M","M","R","$","?","E","R","R","BOSS","R","$","E","BOSS"],"items_purchased_type":["Relic","Relic","Relic","Relic","Relic","Card","Relic","Relic","Potion","Relic","Relic","Card","Relic","Relic","Relic","Relic","Relic","Relic","Card","Relic","Relic"],"build_version":"2020-12-22","purchased_purges":4,"victory":true,"max_hp_per_floor":[80,80,97,97,90,90,90,90,90,90,90,90,90,90,90,90,90,90,90,90,90,90,90,90,90,90,90,90,90,90,90,90,90,90,90,90,90,90,90,90,90,90,90,90,90,90,90,90,90,90,90,90,90,90,90,90,90,90,90,90,90,90,90,90,90,90,90,90,90,90],"card_choices":[{"not_picked":["theDuelist:WightLady+1","theDuelist:ParallelWorldFusion","theDuelist:NecroworldBanshee+1","theDuelist:Zombina+1"],"picked":"theDuelist:GhostReaper+1","floor":1},{"not_picked":["theDuelist:GhostrickMuseum","theDuelist:VampireFamiliar+1","theDuelist:VampireDesire","theDuelist:SkullConductor+1"],"picked":"theDuelist:Chewbone+1","floor":2},{"not_picked":["theDuelist:PatricianDarkness+1","theDuelist:MechMoleZombie+1","theDuelist:GhostReaper+1","theDuelist:ArchfiendZombieSkull","theDuelist:Nameless:Power:KamionTimelord+1"],"picked":"SKIP","floor":4},{"not_picked":["theDuelist:UnderworldCannon+1","theDuelist:SuperPolymerization","theDuelist:ZombiePowerStruggle","theDuelist:CardSafeReturn","theDuelist:BookMoon"],"picked":"SKIP","floor":7},{"not_picked":["theDuelist:WightLady+1","theDuelist:VampireLady+1","theDuelist:GhostReaper+1","theDuelist:Chewbone+1","theDuelist:VendreadChimera+1"],"picked":"SKIP","floor":8},{"not_picked":["theDuelist:VampireVamp","theDuelist:VampireRedBaron+1","theDuelist:VampireLord+1","theDuelist:VampireLady+1","theDuelist:ShadowVampire"],"picked":"SKIP","floor":9},{"not_picked":["theDuelist:VampireHunter+1","theDuelist:VampireBaby","theDuelist:YukiOnnaIce","theDuelist:Gashadokuro"],"picked":"theDuelist:VampireGrace+1","floor":10},{"not_picked":["theDuelist:GhostrickWarwolf+1","theDuelist:GhostrickSpecter","theDuelist:GhostrickMummy+1","theDuelist:GhostrickJackfrost+1","theDuelist:GhostrickAlucard+1"],"picked":"SKIP","floor":13},{"not_picked":["theDuelist:GhostrickMummy+1","theDuelist:VendreadRevolution","theDuelist:PoisonMummy","theDuelist:MammothGraveyard+1","theDuelist:DoomkingBalerdroch+1"],"picked":"SKIP","floor":14},{"not_picked":["theDuelist:WightLady+1","theDuelist:Polymerization","theDuelist:IlBlud","theDuelist:VampireDesire","theDuelist:VampireGrimson+1"],"picked":"SKIP","floor":16},{"not_picked":["theDuelist:GhostrickAlucard+1","theDuelist:VampireBaby","theDuelist:VampireFraulein","theDuelist:FusionTag","theDuelist:Pumpking+1"],"picked":"SKIP","floor":18},{"not_picked":["theDuelist:RobbinZombie+1","theDuelist:OverpoweringEye","theDuelist:InstantFusion","theDuelist:DecayedCommander+1"],"picked":"theDuelist:MayakashiWinter","floor":21},{"not_picked":["theDuelist:ZombieWorld","theDuelist:Skelesaurus+1","theDuelist:Gernia+1","theDuelist:DoomkingBalerdroch+1"],"picked":"theDuelist:Gozuki+1","floor":23},{"not_picked":["theDuelist:YukiMusume+1","theDuelist:Tsukahagi","theDuelist:Hajun","theDuelist:Gashadokuro+1","theDuelist:Dakki"],"picked":"SKIP","floor":30},{"not_picked":["theDuelist:GhostrickAlucard+1","theDuelist:Wightprincess","theDuelist:OvertexQoatlus+1","theDuelist:GhostrickSpecter","theDuelist:VampireSucker"],"picked":"SKIP","floor":31},{"not_picked":["theDuelist:VendreadReunion","theDuelist:VampireTakeover","theDuelist:GhostrickScare","theDuelist:GhostrickNight","theDuelist:GhostrickBreak"],"picked":"SKIP","floor":34},{"not_picked":["theDuelist:FuryFire+1","theDuelist:ShiranuiSpiritmaster","theDuelist:GreyGreedOni+1","theDuelist:BlackPendant","theDuelist:FlameGhost+1"],"picked":"SKIP","floor":35},{"not_picked":["theDuelist:ShiranuiSamurai","theDuelist:ShiranuiSolitaire","theDuelist:ShiranuiSpiritmaster","theDuelist:ShiranuiSwordmaster+1","theDuelist:ShiranuiSwordsaga+1"],"picked":"SKIP","floor":38},{"not_picked":["theDuelist:VampireTakeover","theDuelist:NecroFusion","theDuelist:GhostrickScare","theDuelist:VendreadReorigin","theDuelist:FragmentFusion+1"],"picked":"SKIP","floor":39},{"not_picked":["theDuelist:GhostrickYeti+1","theDuelist:VendreadRevolution","theDuelist:DarkDustSpirit","theDuelist:ShadowVampire","theDuelist:VampireSucker"],"picked":"SKIP","floor":40},{"not_picked":["theDuelist:VampireGrace+1","theDuelist:ShiranuiSquiresaga+1","theDuelist:GhostrickWarwolf+1","theDuelist:RevendreadSlayer+1","theDuelist:Tengu"],"picked":"SKIP","floor":44},{"not_picked":["theDuelist:OvertexQoatlus+1","theDuelist:BoneMouse","theDuelist:GhostrickGhoul","theDuelist:Polymerization+1","theDuelist:NecroFusion+1"],"picked":"SKIP","floor":46},{"not_picked":["theDuelist:AshBlossom+1","theDuelist:Hajun","theDuelist:MoltenZombie","theDuelist:SkullServant+1","theDuelist:VisionFusion"],"picked":"SKIP","floor":47},{"not_picked":["theDuelist:OboroGuruma+1","theDuelist:MayakashiReturn+1","theDuelist:EndlessDecay","theDuelist:AntiFusionDevice+1"],"picked":"SKIP","floor":50},{"not_picked":["theDuelist:SouleatingOviraptor+1","theDuelist:UniZombie+1","theDuelist:VampireHunter+1","theDuelist:RyuKokki+1"],"picked":"theDuelist:BookLife","floor":51},{"not_picked":["theDuelist:VendreadStriges+1","theDuelist:VampireGrace+1","theDuelist:RobbinZombie+1","theDuelist:OverpoweringEye+1","theDuelist:InstantFusion+1"],"picked":"SKIP","floor":53},{"not_picked":["theDuelist:UnderworldCannon+1","theDuelist:CallMummy+1","theDuelist:VampireDomain","theDuelist:Mausoleum","theDuelist:AbsorbFusion+1"],"picked":"SKIP","floor":54},{"not_picked":["theDuelist:FuryFire+1","theDuelist:DarkAssailant","theDuelist:DarkFusion+1","theDuelist:FlameGhost+1"],"picked":"theDuelist:BurningSkullHead+1","floor":55},{"not_picked":["theDuelist:ZombieWarrior+1","theDuelist:VampireLady+1","theDuelist:GoblinZombie+1","theDuelist:FossilSkullknight+1","theDuelist:ImmortalRuler+1"],"picked":"SKIP","floor":57},{"not_picked":["theDuelist:Gernia+1","theDuelist:DespairFromDark+1","theDuelist:Wightprincess","theDuelist:VampireSorcerer+1","theDuelist:Wightmare+1"],"picked":"SKIP","floor":58},{"not_picked":["theDuelist:PhantomGhost+1","theDuelist:GhostrickYeti+1","theDuelist:SkullConductor+1","theDuelist:Chewbone+1","theDuelist:NecroworldBanshee+1"],"picked":"SKIP","floor":61},{"not_picked":["theDuelist:VendreadReorigin","theDuelist:VampireAwakening","theDuelist:HauntedShrine","theDuelist:GhostrickBreak+1","theDuelist:FragmentFusion+1"],"picked":"SKIP","floor":62},{"not_picked":["theDuelist:GhostOgre+1","theDuelist:Tsukahagi+1","theDuelist:FireReaper+4","theDuelist:Miscellaneousaurus+1"],"picked":"theDuelist:VampireScarletScourge+1","floor":69}],"player_experience":193066,"relics_obtained":[{"floor":8,"key":"Pantograph"},{"floor":10,"key":"Dota2Spire:ArcaneBoots"},{"floor":11,"key":"Paper Crane"},{"floor":12,"key":"Dota2Spire:OrchidMalevolence"},{"floor":13,"key":"Dota2Spire:ArmletOfMordiggian"},{"floor":30,"key":"hubris:ToyBattleship"},{"floor":33,"key":"theDuelist:ResummonerFury"},{"floor":34,"key":"Dota2Spire:BlackKingBar"},{"floor":37,"key":"Red Skull"},{"floor":38,"key":"Dota2Spire:MantaStyle"},{"floor":39,"key":"wanderingMiniBosses:LockLocket"},{"floor":51,"key":"theDuelist:SolderToken"},{"floor":53,"key":"theDuelist:MillenniumCoin"},{"floor":55,"key":"Art of War"},{"floor":62,"key":"theDuelist:MetronomeRelicB"},{"floor":69,"key":"Pen Nib"}],"event_choices":[{"power_reward":4,"total_magic_score":19,"gold_gain":0,"greed_reward":4,"duelist":true,"damage_taken":0,"relics_obtained":[],"points":16,"war_reward":4,"max_hp_gain":17,"max_hp_loss":0,"spent_points":{"magic":0,"greed":4,"war":4,"power":4,"hunger":4},"event_name":"Nameless Tomb","hunger_reward":4,"floor":3,"gold_loss":0,"cards_obtained":["theDuelist:Nameless:War:AssaultArmor","theDuelist:Nameless:Greed:GracefulCharity","theDuelist:Nameless:Power:KamionTimelord"]},{"damage_healed":0,"gold_gain":0,"player_choice":"Lose Max HP","damage_taken":0,"relics_obtained":["Golden Idol"],"max_hp_gain":0,"max_hp_loss":7,"event_name":"Golden Idol","floor":5,"gold_loss":0},{"damage_healed":0,"gold_gain":0,"player_choice":"Success","damage_taken":7,"relics_obtained":["MealTicket"],"max_hp_gain":0,"max_hp_loss":0,"event_name":"Scrap Ooze","floor":6,"gold_loss":0},{"damage_healed":0,"gold_gain":0,"player_choice":"Read","damage_taken":0,"max_hp_gain":0,"max_hp_loss":0,"event_name":"The Library","floor":24,"gold_loss":0,"cards_obtained":["theDuelist:Gashadokuro"]},{"damage_healed":0,"gold_gain":0,"player_choice":"Ignored","damage_taken":0,"max_hp_gain":0,"max_hp_loss":0,"event_name":"Vampires","floor":26,"gold_loss":0},{"damage_healed":0,"gold_gain":0,"player_choice":"Leave","duelist":true,"damage_taken":0,"max_hp_gain":0,"max_hp_loss":0,"event_name":"Relic Duplicator","floor":27,"gold_loss":0},{"damage_healed":0,"gold_gain":0,"player_choice":"Copied","damage_taken":0,"max_hp_gain":0,"max_hp_loss":0,"event_name":"Duplicator","floor":45,"gold_loss":0,"cards_obtained":["theDuelist:Nameless:Greed:GracefulCharity"]},{"damage_healed":0,"gold_gain":0,"player_choice":"Leave","duelist":true,"damage_taken":0,"max_hp_gain":0,"max_hp_loss":0,"event_name":"Card Trader","floor":49,"gold_loss":0}],"is_beta":false,"boss_relics":[{"not_picked":["hubris:HollowSoul","SacredBark"],"picked":"Sozu"},{"not_picked":["SlaversCollar","Inserter"],"picked":"Dota2Spire:RefresherOrb"}],"items_purged_floors":[0,0,15,48],"is_endless":false,"potions_floor_spawned":[1,8,14,16,18,31,34,40,42,47,54,55,57,61,69],"ascension_level":5}}