{"host":"o88u0awh8mkwl1l8","time":1613351043,"event":{"mods":["BaseMod","Colored Map","Highlight Path","Minty Spire (QoL Compilation)"],"gold_per_floor":[111,122,133,148,161,161,86,86,112,112,129,156,81,81,81,158,158,170,182,200,100,190,224,236,236],"floor_reached":24,"language":"JPN","playtime":1742,"items_purged":["Defend_G","Strike_G"],"score":486,"play_id":"825addd1-90a4-45dd-a8b0-929cbf166e71","local_time":"20210215100403","is_ascension_mode":true,"campfire_choices":[{"floor":6.0,"key":"REST"},{"data":"Cloak And Dagger","floor":8.0,"key":"SMITH"},{"data":"Cloak And Dagger","floor":10.0,"key":"SMITH"},{"data":"Dash","floor":15.0,"key":"SMITH"}],"circlet_count":0,"master_deck":["AscendersBane","Strike_G","Strike_G","Strike_G","Defend_G","Defend_G","Defend_G","Defend_G","Survivor","Neutralize","Backflip","Cloak And Dagger+1","Dash+1","Cloak And Dagger+1","Infinite Blades","Noxious Fumes+1","Die Die Die","Poisoned Stab+1","Finisher","Blade Dance","Escape Plan"],"relics":["Ring of the Snake","Bag of Preparation","Orichalcum","Fusion Hammer","MawBank"],"acts_visited":["Exordium","TheCity"],"potions_floor_usage":[23],"damage_taken":[{"damage":11.0,"enemies":"Small Slimes","floor":1.0,"turns":7.0},{"damage":4.0,"enemies":"Jaw Worm","floor":2.0,"turns":6.0},{"damage":0.0,"enemies":"Cultist","floor":3.0,"turns":4.0},{"damage":17.0,"enemies":"Lots of Slimes","floor":4.0,"turns":8.0},{"damage":0.0,"enemies":"2 Fungi Beasts","floor":5.0,"turns":4.0},{"damage":0.0,"enemies":"Exordium Wildlife","floor":11.0,"turns":4.0},{"damage":18.0,"enemies":"Lagavulin","floor":12.0,"turns":8.0},{"damage":13.0,"enemies":"The Guardian","floor":16.0,"turns":11.0},{"damage":18.0,"enemies":"Spheric Guardian","floor":18.0,"turns":6.0},{"damage":11.0,"enemies":"3 Byrds","floor":19.0,"turns":5.0},{"damage":6.0,"enemies":"3 Cultists","floor":20.0,"turns":4.0},{"damage":0,"enemies":"Gremlin Leader","floor":23,"turns":4},{"damage":17,"enemies":"Snake Plant","floor":24,"turns":4}],"seed_played":"-1741181768125348257","potions_obtained":[{"floor":4.0,"key":"Energy Potion"},{"floor":5.0,"key":"Fire Potion"},{"floor":12.0,"key":"LiquidMemories"},{"floor":18.0,"key":"ColorlessPotion"},{"floor":23,"key":"Explosive Potion"}],"is_trial":false,"path_per_floor":["M","M","M","M","M","R","$","R","T","R","M","E","?","?","R","B",null,"M","M","M","$","?","E","M"],"character_chosen":"THE_SILENT","items_purchased":[],"campfire_rested":1,"item_purchase_floors":[],"current_hp_per_floor":[54,50,50,33,33,54,54,54,54,54,54,36,36,36,36,23,60,42,31,25,25,13,13,0,0],"gold":236,"neow_bonus":"TEN_PERCENT_HP_BONUS","is_daily":false,"chose_seed":false,"campfire_upgraded":3,"win_rate":0.0,"timestamp":1613351043,"path_taken":["M","M","M","M","M","R","$","R","T","R","M","E","?","?","R","BOSS","M","M","M","$","?","E","M"],"items_purchased_type":[],"build_version":"2020-12-22","purchased_purges":2,"victory":false,"max_hp_per_floor":[72,72,72,72,72,72,72,72,72,72,72,72,72,72,72,72,72,72,72,72,72,72,72,72,72],"card_choices":[{"not_picked":["Dagger Throw","Choke"],"picked":"Backflip","floor":1.0},{"not_picked":["Deadly Poison","Blade Dance"],"picked":"Cloak And Dagger","floor":2.0},{"not_picked":["Dagger Spray","Distraction"],"picked":"Dash","floor":3.0},{"not_picked":["Underhanded Strike","Skewer","Night Terror"],"picked":"SKIP","floor":4.0},{"not_picked":["Catalyst","Masterful Stab"],"picked":"Cloak And Dagger","floor":5.0},{"not_picked":["Cloak And Dagger","Tactician"],"picked":"Infinite Blades","floor":11.0},{"not_picked":["Prepared","Cloak And Dagger"],"picked":"Noxious Fumes","floor":12.0},{"not_picked":["Wraith Form v2","Tools of the Trade"],"picked":"Die Die Die","floor":16.0},{"not_picked":["Flying Knee","Slice"],"picked":"Poisoned Stab+1","floor":18.0},{"not_picked":["Dagger Throw","Acrobatics+1"],"picked":"Finisher","floor":19.0},{"not_picked":["Bane","Acrobatics"],"picked":"Blade Dance","floor":20.0},{"not_picked":["Outmaneuver+1","Infinite Blades"],"picked":"Escape Plan","floor":23}],"player_experience":1231916,"relics_obtained":[{"floor":9.0,"key":"Bag of Preparation"},{"floor":12.0,"key":"Orichalcum"},{"floor":23,"key":"MawBank"}],"event_choices":[{"cards_removed":["Strike_G"],"damage_healed":0.0,"max_hp_gain":0.0,"max_hp_loss":0.0,"gold_gain":0.0,"event_name":"The Cleric","player_choice":"Card Removal","floor":13.0,"gold_loss":75.0,"damage_taken":0.0},{"damage_healed":0.0,"max_hp_gain":0.0,"max_hp_loss":0.0,"gold_gain":0.0,"event_name":"Upgrade Shrine","player_choice":"Upgraded","floor":14.0,"gold_loss":0.0,"damage_taken":0.0,"cards_upgraded":["Noxious Fumes"]},{"damage_healed":0.0,"max_hp_gain":0.0,"max_hp_loss":0.0,"gold_gain":90.0,"event_name":"Knowing Skull","player_choice":"GOLD ","floor":22.0,"potions_obtained":[],"gold_loss":0.0,"damage_taken":12.0,"cards_obtained":[]}],"is_beta":false,"boss_relics":[{"not_picked":["Philosopher\u0027s Stone","Calling Bell"],"picked":"Fusion Hammer"}],"items_purged_floors":[7,21],"is_endless":false,"potions_floor_spawned":[4,5,12,18,23],"killed_by":"Snake Plant","ascension_level":20}}