{"host":"4gkev1dtxxhiue3x","time":1613404927,"event":{"mods":["AchievementEnabler","BaseMod","Better Altar","Better Match","Better Note","Better Sensory Stone","Better Skull","Better Third Choice","Colored Powertips","Downfall","Friendly Minions","Hermit","Minty Spire (QoL Compilation)","Relic Stats","Robot Space Explorer","Shop Mod","StSLib","The Construct","The Disciple","The Hierophant"],"gold_per_floor":[111,111,130,130,143,172,20,20,20,20,46,46,75,89,89,193,193,211,225,225,225],"floor_reached":20,"language":"ENG","playtime":1309,"items_purged":[],"score":211,"play_id":"8ce7d710-3a5e-488f-a1bf-4fd1260c23c6","local_time":"20210215170207","is_ascension_mode":true,"campfire_choices":[{"data":"Fire Breathing","floor":10,"key":"SMITH"},{"floor":15,"key":"REST"}],"circlet_count":0,"master_deck":["Bash+1","Wild Strike+1","Fire Breathing+1","Dual Wield","Bloodletting","Immolate","Burn","Whirlwind+1","Demon Form","Burning Pact","Rage","Havoc","Sentinel","Berserk","Cleave+1","Inflame","Wild Strike+1","Evolve","Heavy Blade+1"],"relics":["Burning Blood","Eternal Feather","Whetstone","Molten Egg 2","Gremlin Horn","GremlinMask","Lantern","Pandora\u0027s Box"],"acts_visited":["Exordium","TheCity"],"potions_floor_usage":[6,16,16],"damage_taken":[{"damage":11,"enemies":"2 Louse","floor":1,"turns":3},{"damage":1,"enemies":"Cultist","floor":3,"turns":3},{"damage":10,"enemies":"Small Slimes","floor":5,"turns":3},{"damage":21,"enemies":"Lagavulin","floor":6,"turns":7},{"damage":15,"enemies":"Gremlin Nob","floor":11,"turns":3},{"damage":35,"enemies":"Lagavulin","floor":13,"turns":6},{"damage":6,"enemies":"Looter","floor":14,"turns":2},{"damage":38,"enemies":"The Guardian","floor":16,"turns":7},{"damage":39,"enemies":"Shell Parasite","floor":18,"turns":4},{"damage":28,"enemies":"2 Thieves","floor":19,"turns":3},{"damage":26,"enemies":"Cultist and Chosen","floor":20,"turns":3}],"seed_played":"1556917882357337394","potions_obtained":[{"floor":3,"key":"FearPotion"},{"floor":5,"key":"LiquidMemories"},{"floor":11,"key":"LiquidBronze"},{"floor":14,"key":"bronze:BurnAndBuffPotion"}],"is_trial":false,"path_per_floor":["M","?","M","T","M","E","$","?","T","R","E","?","E","M","R","B",null,"M","M","M"],"character_chosen":"IRONCLAD","items_purchased":["Immolate"],"campfire_rested":1,"item_purchase_floors":[7],"current_hp_per_floor":[75,75,80,80,76,61,61,61,61,70,61,61,32,32,65,33,80,47,25,0,0],"gold":225,"neow_bonus":"REMOVE_CARD","is_daily":false,"chose_seed":false,"campfire_upgraded":1,"win_rate":0.0,"timestamp":1613404927,"path_taken":["M","?","?","?","M","E","$","?","T","R","E","?","E","M","R","BOSS","M","?","M"],"items_purchased_type":["Card"],"build_version":"2020-12-22","purchased_purges":0,"victory":false,"max_hp_per_floor":[80,80,80,80,80,80,80,80,80,80,80,80,80,80,80,80,80,80,80,80,80],"relic_stats":{"Gremlin Horn":[2,2],"counters":[11,44],"Eternal Feather":18,"Pandora\u0027s Box":["Burning Pact","Rage","Havoc","Sentinel","Berserk","Cleave","Inflame","Wild Strike"],"Whetstone":["Strike_R","Bash"],"obtain_stats":[{"Lantern":13,"Gremlin Horn":11,"Eternal Feather":4,"Molten Egg 2":9,"GremlinMask":12,"Pandora\u0027s Box":17,"Whetstone":6,"Burning Blood":0},{"Lantern":6,"Gremlin Horn":5,"Eternal Feather":2,"Molten Egg 2":4,"GremlinMask":5,"Pandora\u0027s Box":8,"Whetstone":4,"Burning Blood":0},{"Lantern":25,"Gremlin Horn":19,"Eternal Feather":6,"Molten Egg 2":16,"GremlinMask":19,"Pandora\u0027s Box":34,"Whetstone":16,"Burning Blood":0}],"Burning Blood":60},"card_choices":[{"not_picked":["Second Wind","Warcry"],"picked":"Wild Strike","floor":1},{"not_picked":["Perfected Strike","Shrug It Off"],"picked":"Fire Breathing","floor":3},{"not_picked":["Iron Wave","Sword Boomerang"],"picked":"Dual Wield","floor":5},{"not_picked":["Dropkick","Anger"],"picked":"Bloodletting","floor":6},{"not_picked":["Havoc","Warcry"],"picked":"Whirlwind+1","floor":11},{"not_picked":["Ghostly Armor","Clothesline+1","Iron Wave+1"],"picked":"SKIP","floor":13},{"not_picked":["Heavy Blade+1","Anger+1","Limit Break"],"picked":"SKIP","floor":14},{"not_picked":["Exhume","Berserk"],"picked":"Demon Form","floor":16},{"not_picked":["Power Through","Warcry"],"picked":"Evolve","floor":18},{"not_picked":["Sentinel","Clash+1"],"picked":"Heavy Blade+1","floor":19}],"player_experience":169687,"relics_obtained":[{"floor":4,"key":"Eternal Feather"},{"floor":6,"key":"Whetstone"},{"floor":9,"key":"Molten Egg 2"},{"floor":11,"key":"Gremlin Horn"},{"floor":13,"key":"Lantern"}],"event_choices":[{"damage_healed":0,"gold_gain":0,"player_choice":"Upgraded","damage_taken":0,"max_hp_gain":0,"max_hp_loss":0,"event_name":"Upgrade Shrine","floor":2,"gold_loss":0,"cards_upgraded":["Wild Strike"]},{"damage_healed":61,"gold_gain":0,"player_choice":"Embrace Burn","damage_taken":0,"max_hp_gain":0,"max_hp_loss":80,"event_name":"betterThird:BetterShining","floor":8,"gold_loss":0},{"damage_healed":0,"gold_gain":0,"player_choice":"Trade","damage_taken":0,"relics_obtained":["GremlinMask"],"max_hp_gain":0,"max_hp_loss":0,"event_name":"FaceTrader","floor":12,"gold_loss":0}],"is_beta":false,"boss_relics":[{"not_picked":["SacredBark","Cursed Key"],"picked":"Pandora\u0027s Box"}],"items_purged_floors":[],"is_endless":false,"potions_floor_spawned":[3,5,11,14],"killed_by":"Cultist and Chosen","ascension_level":2}}