{"host":"etc34k4ck9qyv0fa","time":1613413239,"event":{"mods":["AchievementEnabler","BaseMod","Colored Map","Colored Powertips","Marisa????????","Minty Spire (QoL Compilation)","Reimu??????","Replay The Spire","StSLib","The Animator","The Servant 0.9.4"],"gold_per_floor":[112,187,187,199,33,64,64,98,98,98,127,139,200,200,200,343,343,392,395,408,167,193,200,200],"floor_reached":23,"language":"ENG","playtime":959,"items_purged":["Injury"],"score":456,"play_id":"2f1ce7c7-abf7-4be8-a3e3-57e3de04be38","local_time":"20210215192039","is_ascension_mode":true,"campfire_choices":[{"data":"StarDustReverie","floor":7,"key":"SMITH"},{"floor":10,"key":"REST"},{"floor":15,"key":"REST"}],"circlet_count":0,"master_deck":["AscendersBane","Strike_MRS","Strike_MRS","Strike_MRS","Defend_MRS","Defend_MRS","Defend_MRS","Defend_MRS","MasterSpark","UpSweep","Robbery","StarDustReverie+1","AlicesGift","EscapeVelocity","ManaConvection","WitchOfGreed","Parasite","Parasite","ShootTheMoon","UltimateShortwave","AsteroidBelt","ShootingEcho","GasGiant"],"relics":["MiniHakkero","NeowsBlessing","Happy Flower","Meat on the Bone","Pen Nib","Simple Rune","ShroomBag","Golden Idol","Replay:Bronze Core","Turnip","TentaclePot:ReiMu"],"acts_visited":["Exordium","TheCity"],"potions_floor_usage":[8,16,23],"damage_taken":[{"damage":0,"enemies":"Small Slimes","floor":1,"turns":1},{"damage":0,"enemies":"2 Louse","floor":4,"turns":1},{"damage":0,"enemies":"Gremlin Nob","floor":6,"turns":1},{"damage":14,"enemies":"3 Sentries","floor":8,"turns":6},{"damage":1,"enemies":"Cultist","floor":11,"turns":3},{"damage":0,"enemies":"2 Fungi Beasts","floor":12,"turns":2},{"damage":16,"enemies":"Lagavulin","floor":13,"turns":9},{"damage":56,"enemies":"Hexaghost","floor":16,"turns":8},{"damage":16,"enemies":"Chosen","floor":18,"turns":5},{"damage":20,"enemies":"2 Thieves","floor":19,"turns":5},{"damage":32,"enemies":"Snake Plant","floor":22,"turns":4},{"damage":33,"enemies":"Book of Stabbing","floor":23,"turns":4}],"seed_played":"5070248603024218422","potions_obtained":[{"floor":6,"key":"Fire Potion"},{"floor":13,"key":"AttackPotion"},{"floor":18,"key":"ZuzhouPotion:ReiMu"},{"floor":19,"key":"Milkshake"}],"is_trial":false,"path_per_floor":["M","?","?","M","$","E","R","E","T","R","M","M","E","?","R","B",null,"M","M","?","$","M","E"],"character_chosen":"MARISA","items_purchased":["Happy Flower","TentaclePot:ReiMu"],"campfire_rested":2,"item_purchase_floors":[5,21],"current_hp_per_floor":[63,52,52,52,52,52,52,38,38,59,58,58,42,42,63,23,58,46,42,42,42,26,0,0],"gold":200,"neow_bonus":"THREE_ENEMY_KILL","is_daily":false,"chose_seed":false,"campfire_upgraded":1,"win_rate":0.0,"timestamp":1613413239,"path_taken":["M","?","?","?","$","E","R","E","T","R","M","M","E","?","R","BOSS","M","M","?","$","M","E"],"items_purchased_type":["Relic","Relic"],"build_version":"2020-12-22","purchased_purges":1,"victory":false,"max_hp_per_floor":[70,70,70,70,70,70,70,70,70,70,70,70,70,70,70,70,70,70,70,70,70,70,70,70],"card_choices":[{"not_picked":["Acceleration","LuminesStrike"],"picked":"Robbery","floor":1},{"not_picked":["DoubleSpark","PowerUp","GrandCross"],"picked":"SKIP","floor":4},{"not_picked":["MysteriousBeam","PowerUp"],"picked":"AlicesGift","floor":6},{"not_picked":["GrandCross","UnstableBomb"],"picked":"EscapeVelocity","floor":8},{"not_picked":["MilkyWay","UnstableBomb"],"picked":"ManaConvection","floor":11},{"not_picked":["MysteriousBeam","SprinkleStarSeal"],"picked":"WitchOfGreed","floor":12},{"not_picked":["FinalSpark","SporeBomb"],"picked":"ShootTheMoon","floor":13},{"not_picked":["TreasureHunter","FinalSpark"],"picked":"UltimateShortwave","floor":16},{"not_picked":["WitchLeyline","SprinkleStarSeal"],"picked":"AsteroidBelt","floor":18},{"not_picked":["DC","GrandCross","EnergyFlow"],"picked":"SKIP","floor":19},{"not_picked":["PowerUp","MysteriousBeam"],"picked":"ShootingEcho","floor":20},{"not_picked":["OrrerysSun","LuminesStrike"],"picked":"GasGiant","floor":22}],"player_experience":495147,"relics_obtained":[{"floor":6,"key":"Meat on the Bone"},{"floor":8,"key":"Pen Nib"},{"floor":9,"key":"Simple Rune"},{"floor":13,"key":"ShroomBag"},{"floor":20,"key":"Turnip"}],"event_choices":[{"damage_healed":0,"gold_gain":75,"player_choice":"Gather Gold","damage_taken":11,"max_hp_gain":0,"max_hp_loss":0,"event_name":"World of Goop","floor":2,"gold_loss":0},{"damage_healed":0,"gold_gain":0,"cards_transformed":["Strike_MRS"],"player_choice":"Transformed","damage_taken":0,"max_hp_gain":0,"max_hp_loss":0,"event_name":"Transmorgrifier","floor":3,"gold_loss":0,"cards_obtained":["StarDustReverie"]},{"damage_healed":0,"gold_gain":0,"player_choice":"Take Wound","damage_taken":0,"relics_obtained":["Golden Idol"],"max_hp_gain":0,"max_hp_loss":0,"event_name":"Golden Idol","floor":14,"gold_loss":0,"cards_obtained":["Injury"]}],"is_beta":false,"boss_relics":[{"not_picked":["Replay:Drink Me","Velvet Choker"],"picked":"Replay:Bronze Core"}],"items_purged_floors":[21],"is_endless":false,"potions_floor_spawned":[6,13],"killed_by":"Book of Stabbing","ascension_level":19}}