{"host":"04aht2z7d1qbuefv","time":1613426462,"event":{"mods":["AchievementEnabler","BaseMod","Downfall","Minty Spire (QoL Compilation)","StSLib","The Cursed","The Necromancer"],"gold_per_floor":[300,318,337,487,511,530,530,547,563,580,612,612,312,343,354,457,457,457,476,476,487,502,99,99,99,84,84,84,102,112,137,150,245,245,245,261,277,12,31,80,104,104,139,139,139,139,157,172,186,186,186,221,5,5,5,5,5],"floor_reached":56,"language":"SPA","playtime":2706,"items_purged":["downfall:Icky","Parasite"],"score":863,"play_id":"9302a256-be79-454b-9911-bf2dadc597e8","local_time":"20210215190102","is_ascension_mode":false,"campfire_choices":[{"floor":1,"key":"RECALL"},{"floor":13,"key":"REST"},{"floor":18,"key":"REST"},{"data":"1","floor":25,"key":"LIFT"},{"data":"2","floor":27,"key":"LIFT"},{"data":"3","floor":35,"key":"LIFT"},{"floor":42,"key":"REST"},{"floor":44,"key":"REST"},{"floor":54,"key":"REST"}],"circlet_count":0,"master_deck":["bronze:Strike","bronze:Strike","bronze:Strike","bronze:Strike","bronze:Defend","bronze:Defend","bronze:Defend","bronze:Defend","bronze:Goto","bronze:DelayedSlice","bronze:DelayedSlice","bronze:DelayedSlice","bronze:ItsAFeature","bronze:Repair","bronze:ItsAFeature","bronze:RecursiveStrike","bronze:Optimize","bronze:ChosenStrike","bronze:Shell","bronze:Invalidate+1","bronze:DelayedSlice+1","bronze:Deprecate+1","bronze:MaxOutput"],"relics":["bronze:BronzeCore","Old Coin","Ginger","Meat on the Bone","downfall:HeartBlessingGreen","downfall:HeartBlessingBlue","downfall:HeartBlessingRed","Thread and Needle","Fusion Hammer","Girya","downfall:RedIOU","The Courier","SlaversCollar","Membership Card","CeramicFish","Mango","Bag of Preparation","Pear","Happy Flower","StoneCalendar","Orichalcum","Oddly Smooth Stone","Blue Candle","Lizard Tail","Bottled Lightning","FossilizedHelix"],"acts_visited":["Exordium","TheCity","TheBeyond","TheEnding"],"potions_floor_usage":[10,11,11,11,11,14,16,22,23,26,32,33,33,47,50,55,55,55],"damage_taken":[{"damage":3,"enemies":"Small Slimes","floor":2,"turns":3},{"damage":1,"enemies":"Jaw Worm","floor":3,"turns":3},{"damage":6,"enemies":"Cultist","floor":6,"turns":3},{"damage":0,"enemies":"downfall:LooterAlt","floor":8,"turns":2},{"damage":11,"enemies":"Blue Slaver","floor":9,"turns":4},{"damage":12,"enemies":"3 Louse","floor":10,"turns":2},{"damage":13,"enemies":"Lagavulin","floor":11,"turns":6},{"damage":1,"enemies":"3 Sentries","floor":14,"turns":5},{"damage":4,"enemies":"2 Fungi Beasts","floor":15,"turns":3},{"damage":40,"enemies":"WA_ARCHETYPE_RETAIN","floor":16,"turns":8},{"damage":10,"enemies":"downfall:LooterAlt2","floor":19,"turns":4},{"damage":9,"enemies":"Shell Parasite","floor":21,"turns":4},{"damage":14,"enemies":"Snake Plant","floor":22,"turns":3},{"damage":0,"enemies":"downfall:FleeingMerchant","floor":23,"turns":4},{"damage":5,"enemies":"downfall:FleeingMerchant","floor":26,"turns":4},{"damage":1,"enemies":"Chosen and Byrds","floor":29,"turns":4},{"damage":0,"enemies":"3 Cultists","floor":30,"turns":3},{"damage":0,"enemies":"Gremlin Leader","floor":31,"turns":3},{"damage":11,"enemies":"Snecko","floor":32,"turns":3},{"damage":40,"enemies":"SI_MIRROR_ARCHETYPE","floor":33,"turns":6},{"damage":11,"enemies":"3 Shapes","floor":36,"turns":3},{"damage":3,"enemies":"3 Darklings","floor":37,"turns":3},{"damage":6,"enemies":"downfall:FleeingMerchant","floor":38,"turns":3},{"damage":44,"enemies":"Writhing Mass","floor":39,"turns":3},{"damage":14,"enemies":"2 Orb Walkers","floor":40,"turns":3},{"damage":13,"enemies":"Giant Head","floor":43,"turns":5},{"damage":0,"enemies":"Maw","floor":47,"turns":5},{"damage":0,"enemies":"Transient","floor":48,"turns":5},{"damage":7,"enemies":"3 Darklings","floor":49,"turns":3},{"damage":12,"enemies":"IC_BLOCK_ARCHETYPE","floor":50,"turns":6},{"damage":66,"enemies":"downfall:CharBossMerchant","floor":52,"turns":6},{"damage":77,"enemies":"downfall:NeowBoss","floor":55,"turns":16},{"damage":79,"enemies":"downfall:NeowBossFinal","floor":56,"turns":8}],"seed_played":"-9199400535993773913","potions_obtained":[{"floor":3,"key":"Strength Potion"},{"floor":6,"key":"BlessingOfTheForge"},{"floor":9,"key":"EntropicBrew"},{"floor":15,"key":"Block Potion"},{"floor":16,"key":"FearPotion"},{"floor":19,"key":"Swift Potion"},{"floor":22,"key":"BlessingOfTheForge"},{"floor":30,"key":"Swift Potion"},{"floor":31,"key":"Swift Potion"},{"floor":32,"key":"Swift Potion"},{"floor":40,"key":"Ancient Potion"},{"floor":43,"key":"LiquidBronze"},{"floor":47,"key":"Weak Potion"},{"floor":48,"key":"bronze:CleanCodePotion"},{"floor":49,"key":"DistilledChaos"},{"floor":52,"key":"Swift Potion"}],"is_trial":false,"path_per_floor":["R","M","M","?","T","M","T","M","M","M","E","?","R","E","M","B",null,"R","M","?","M","M","$","T","R","$","R","?","M","M","E","M","B",null,"R","M","M","$","M","?","T","R","E","R","?","?","M","M","M","B",null,"E","$","R","B","B"],"character_chosen":"THE_AUTOMATON","items_purchased":["Girya","Membership Card","bronze:MaxOutput","CeramicFish","Mango","Bag of Preparation","Pear","Happy Flower","Bottled Lightning","FossilizedHelix"],"campfire_rested":5,"item_purchase_floors":[23,38,38,38,38,38,38,38,53,53],"current_hp_per_floor":[70,67,66,66,66,60,60,60,49,37,31,48,80,80,80,52,80,80,77,77,78,74,80,80,80,75,80,80,80,80,80,69,51,80,80,69,73,98,61,57,57,87,74,101,96,96,101,101,101,89,101,47,47,77,19,0,0],"gold":5,"neow_bonus":"ONE_RARE_RELIC","is_daily":false,"chose_seed":false,"campfire_upgraded":0,"win_rate":0.0,"timestamp":1613426462,"path_taken":["R","M","M","?","?","?","T","M","M","M","E","?","R","E","M","BOSS","R","M","?","M","M","$","T","R","$","R","?","M","M","E","M","BOSS","R","M","M","$","M","?","T","R","E","R","?","?","M","M","M","BOSS","E","$","R","BOSS","BOSS"],"items_purchased_type":["Relic","Relic","Card","Relic","Relic","Relic","Relic","Relic","Relic","Relic"],"build_version":"2020-12-22","purchased_purges":2,"victory":false,"max_hp_per_floor":[70,70,70,70,70,70,70,70,70,70,70,70,80,80,80,80,80,80,80,80,80,80,80,80,80,80,80,80,80,80,80,80,80,80,80,80,80,101,101,101,101,101,101,101,101,101,101,101,101,101,101,101,101,101,101,101,101],"card_choices":[{"not_picked":["bronze:CutThrough","bronze:FollowUp"],"picked":"bronze:DelayedSlice","floor":2},{"not_picked":["bronze:ForceShield","bronze:Invalidate"],"picked":"bronze:DelayedSlice","floor":3},{"not_picked":["bronze:Invalidate","bronze:BitShift"],"picked":"bronze:DelayedSlice","floor":6},{"not_picked":["bronze:GetLatest","bronze:WhirlingStrike"],"picked":"bronze:ItsAFeature","floor":8},{"not_picked":["bronze:WildBeam","bronze:Overload"],"picked":"bronze:Repair","floor":9},{"not_picked":["bronze:BitShift","bronze:Return","bronze:DelayedGuard"],"picked":"SKIP","floor":10},{"not_picked":["bronze:Allocate","bronze:Overload","bronze:Iterate"],"picked":"SKIP","floor":11},{"not_picked":["bronze:WildBeam","bronze:FineTuning"],"picked":"bronze:ItsAFeature","floor":14},{"not_picked":["bronze:FollowUp","bronze:ForLoop","bronze:ItsAFeature"],"picked":"SKIP","floor":15},{"not_picked":["bronze:FindAndReplace","bronze:Assembly"],"picked":"bronze:RecursiveStrike","floor":16},{"not_picked":["bronze:BugBarrage","bronze:Branch+1"],"picked":"bronze:Optimize","floor":19},{"not_picked":["bronze:Allocate+1","bronze:Iterate","bronze:FollowUp"],"picked":"SKIP","floor":21},{"not_picked":["bronze:Safeguard","bronze:Turbo","bronze:Constructor+1"],"picked":"SKIP","floor":22},{"not_picked":["bronze:Deprecate+1","bronze:BronzeArmor"],"picked":"bronze:ChosenStrike","floor":23},{"not_picked":["bronze:DelayedGuard","bronze:Fortify"],"picked":"bronze:Shell","floor":26},{"not_picked":["bronze:BitShift","bronze:Iterate"],"picked":"bronze:Invalidate+1","floor":29},{"not_picked":["bronze:Terminator+1","bronze:Turbo","bronze:Invalidate"],"picked":"SKIP","floor":30},{"not_picked":["bronze:ChildClass","bronze:Terminator","bronze:Philosophize"],"picked":"SKIP","floor":31},{"not_picked":["bronze:ForLoop+1","bronze:OilSpill","bronze:Return"],"picked":"SKIP","floor":32},{"not_picked":["bronze:Constructor","bronze:BugBarrage"],"picked":"bronze:DelayedSlice+1","floor":36},{"not_picked":["bronze:CloningBeam","bronze:Overheat+1"],"picked":"bronze:Deprecate+1","floor":37},{"not_picked":["bronze:OilSpill+1","bronze:Boost+1","bronze:CloningBeam"],"picked":"SKIP","floor":38},{"not_picked":["bronze:Backtrace+1","bronze:WhirlingStrike+1","bronze:Optimize"],"picked":"SKIP","floor":39},{"not_picked":["bronze:Branch+1","bronze:Iterate","bronze:Format"],"picked":"SKIP","floor":43},{"not_picked":["bronze:BuggyMess+1","bronze:BitShift","bronze:Shield"],"picked":"SKIP","floor":47},{"not_picked":["bronze:DelayedSlice","bronze:Shield","bronze:Constructor"],"picked":"SKIP","floor":48},{"not_picked":["bronze:Frontload","bronze:Invalidate","bronze:WildBeam"],"picked":"SKIP","floor":49},{"not_picked":["bronze:BugBarrage+1","bronze:CloningBeam","bronze:ThunderWave"],"picked":"SKIP","floor":52}],"player_experience":183434,"relics_obtained":[{"floor":7,"key":"Ginger"},{"floor":11,"key":"Meat on the Bone"},{"floor":14,"key":"Thread and Needle"},{"floor":24,"key":"Eternal Feather"},{"floor":31,"key":"The Courier"},{"floor":40,"key":"StoneCalendar"},{"floor":41,"key":"Orichalcum"},{"floor":43,"key":"Oddly Smooth Stone"},{"floor":52,"key":"Lizard Tail"}],"event_choices":[{"damage_healed":17,"gold_gain":0,"player_choice":"Healed and dodged fight","damage_taken":0,"max_hp_gain":0,"max_hp_loss":0,"event_name":"Mushrooms","floor":12,"gold_loss":0,"cards_obtained":["Parasite"]},{"damage_healed":0,"gold_gain":0,"player_choice":"Fight","damage_taken":0,"max_hp_gain":0,"max_hp_loss":0,"event_name":"Mysterious Sphere","floor":40,"gold_loss":0},{"cards_removed":["bronze:Replicate"],"damage_healed":0,"gold_gain":0,"player_choice":"Removed Attack","damage_taken":0,"max_hp_gain":0,"max_hp_loss":0,"event_name":"Falling","floor":46,"gold_loss":0}],"is_beta":false,"boss_relics":[{"not_picked":["Runic Dome","Empty Cage"],"picked":"Fusion Hammer"},{"not_picked":["Philosopher\u0027s Stone","Astrolabe"],"picked":"SlaversCollar"}],"items_purged_floors":[23,38],"is_endless":false,"potions_floor_spawned":[3,6,9,15,16,19,22,30,31,32,40,43,47,48,49,52],"killed_by":"downfall:NeowBossFinal","ascension_level":0}}