{"host":"ia9e4s524g7bamk7","time":1613427475,"event":{"mods":["AchievementEnabler","BaseMod","Colored Map","Minty Spire (QoL Compilation)","Permanent Neow","Slay-I","slay the spire mod where everything is the same but ironclad has a cowboy hat"],"gold_per_floor":[109,119,119,119,129,159,159,184,184,211,227,244,276,52,52,149,149,163,176,176,176,196,229,229,247,271,298,298,324,341,381,381,491,491,511,329,356,376,394,425,443,477,477,511,511,574,574,148,148,148,148],"floor_reached":50,"language":"ENG","playtime":5294,"items_purged":["Strike_R","Defend_R","Strike_R"],"score":909,"play_id":"cb0bf733-a421-4bf6-9602-84e2113d665b","local_time":"20210215231755","is_ascension_mode":true,"campfire_choices":[{"data":"Uppercut","floor":7.0,"key":"SMITH"},{"data":"Armaments","floor":15.0,"key":"SMITH"},{"data":"Reaper","floor":24,"key":"SMITH"},{"data":"Brutality","floor":32,"key":"SMITH"},{"floor":47,"key":"RECALL"},{"data":"Apotheosis","floor":49,"key":"SMITH"}],"circlet_count":0,"master_deck":["Strike_R","Strike_R+1","Strike_R","Defend_R","Defend_R","Defend_R","Impervious+1","Clash","Uppercut+1","Perfected Strike+1","Metallicize","Headbutt","Armaments+1","Dropkick","Reaper+1","Reaper+1","Whirlwind","Brutality+1","Reaper","Uppercut+1","Trip","Dramatic Entrance","Master of Strategy","Apotheosis+1","Iron Wave+1","Madness","Madness","Infernal Blade+1"],"relics":["Burning Blood","Eternal Feather","Matryoshka","Lantern","Singing Bowl","Meat on the Bone","Juzu Bracelet","Sozu","FossilizedHelix","Orichalcum","CeramicFish","MutagenicStrength","Self Forming Clay","Paper Frog","Coffee Dripper","Torii","Whetstone","Molten Egg 2","Strawberry","Du-Vu Doll","Vajra","Anchor"],"acts_visited":["Exordium","TheCity","TheBeyond"],"potions_floor_usage":[23,27],"damage_taken":[{"damage":1.0,"enemies":"Jaw Worm","floor":1.0,"turns":5.0},{"damage":1.0,"enemies":"Small Slimes","floor":2.0,"turns":4.0},{"damage":0.0,"enemies":"Cultist","floor":5.0,"turns":3.0},{"damage":22.0,"enemies":"Gremlin Nob","floor":6.0,"turns":4.0},{"damage":19.0,"enemies":"Lagavulin","floor":8.0,"turns":5.0},{"damage":25.0,"enemies":"3 Sentries","floor":10.0,"turns":8.0},{"damage":2.0,"enemies":"2 Fungi Beasts","floor":11.0,"turns":3.0},{"damage":12.0,"enemies":"Large Slime","floor":12.0,"turns":7.0},{"damage":19.0,"enemies":"Lagavulin","floor":13.0,"turns":6.0},{"damage":17.0,"enemies":"The Guardian","floor":16.0,"turns":10.0},{"damage":23.0,"enemies":"3 Byrds","floor":18.0,"turns":6.0},{"damage":8.0,"enemies":"Shell Parasite","floor":19.0,"turns":5.0},{"damage":58.0,"enemies":"Sentry and Sphere","floor":22.0,"turns":8.0},{"damage":46,"enemies":"Book of Stabbing","floor":23,"turns":8},{"damage":31,"enemies":"Shelled Parasite and Fungi","floor":25,"turns":5},{"damage":29,"enemies":"Gremlin Leader","floor":27,"turns":7},{"damage":25,"enemies":"Slavers","floor":29,"turns":5},{"damage":0,"enemies":"Centurion and Healer","floor":30,"turns":7},{"damage":35,"enemies":"Book of Stabbing","floor":31,"turns":8},{"damage":59,"enemies":"Champ","floor":33,"turns":14},{"damage":0,"enemies":"Orb Walker","floor":35,"turns":2},{"damage":8,"enemies":"3 Darklings","floor":38,"turns":4},{"damage":36,"enemies":"Nemesis","floor":40,"turns":5},{"damage":55,"enemies":"4 Shapes","floor":41,"turns":4},{"damage":48,"enemies":"Reptomancer","floor":42,"turns":6},{"damage":76,"enemies":"Nemesis","floor":44,"turns":7},{"damage":54,"enemies":"2 Orb Walkers","floor":46,"turns":5},{"damage":95,"enemies":"Time Eater","floor":50,"turns":11}],"seed_played":"-5327903714198300855","potions_obtained":[{"floor":2.0,"key":"SteroidPotion"},{"floor":5.0,"key":"BlessingOfTheForge"},{"floor":10.0,"key":"SpeedPotion"},{"floor":16.0,"key":"Explosive Potion"}],"is_trial":false,"path_per_floor":["M","M","?","?","M","E","R","E","T","E","M","M","E","$","R","B",null,"M","M","?","?","M","E","R","M","T","E","?","E","M","E","R","B",null,"M","$","?","M","?","E","M","E","T","E","?","?","R","$","R","B"],"character_chosen":"IRONCLAD","items_purchased":["Reaper","Trip","Vajra","Anchor"],"campfire_rested":0,"item_purchase_floors":[14,36,48,48],"current_hp_per_floor":[77,80,73,57,63,47,53,40,40,23,39,45,46,46,55,56,77,70,77,77,77,44,32,41,50,50,61,61,68,88,66,78,42,84,98,98,88,98,86,66,74,70,70,36,36,27,42,42,57,0,0],"gold":148,"neow_bonus":"ONE_RANDOM_RARE_CARD","is_daily":false,"chose_seed":false,"campfire_upgraded":5,"win_rate":0.0,"timestamp":1613427475,"path_taken":["M","M","?","?","M","E","R","E","T","E","M","M","E","$","R","BOSS","M","M","?","?","M","E","R","M","T","E","?","E","M","E","R","BOSS","M","$","?","M","?","E","M","E","T","E","?","?","R","$","R","BOSS"],"items_purchased_type":["Card","Card","Relic","Relic"],"build_version":"2020-12-22","purchased_purges":3,"victory":false,"max_hp_per_floor":[80,80,80,80,80,80,80,80,80,82,82,82,84,84,84,84,84,84,86,86,86,88,90,90,92,92,94,94,96,98,98,98,98,98,98,98,98,98,98,100,102,104,104,113,113,113,113,113,113,113,113],"card_choices":[{"not_picked":["Dropkick","Dark Embrace"],"picked":"Clash","floor":1.0},{"not_picked":["Warcry","Pommel Strike"],"picked":"Uppercut","floor":2.0},{"not_picked":["Burning Pact","True Grit"],"picked":"Perfected Strike","floor":5.0},{"not_picked":["Pommel Strike","Whirlwind"],"picked":"Metallicize","floor":6.0},{"not_picked":["Thunderclap","Berserk"],"picked":"Headbutt","floor":8.0},{"not_picked":["Clothesline","Combust","Headbutt"],"picked":"Singing Bowl","floor":10.0},{"not_picked":["Twin Strike","Headbutt"],"picked":"Armaments","floor":11.0},{"not_picked":["Wild Strike","True Grit"],"picked":"Dropkick","floor":12.0},{"not_picked":["Rupture","Disarm","Rampage"],"picked":"Singing Bowl","floor":13.0},{"not_picked":["Limit Break","Feed"],"picked":"Reaper","floor":16.0},{"not_picked":["Shrug It Off","Clothesline+1"],"picked":"Whirlwind","floor":18.0},{"not_picked":["Combust","Clash","Exhume"],"picked":"Singing Bowl","floor":19.0},{"not_picked":["Havoc","Heavy Blade","Sword Boomerang"],"picked":"Singing Bowl","floor":22.0},{"not_picked":["Sword Boomerang","Bloodletting","Feel No Pain"],"picked":"Singing Bowl","floor":23},{"not_picked":["Headbutt","Warcry+1","Sword Boomerang"],"picked":"Singing Bowl","floor":25},{"not_picked":["Havoc","Twin Strike+1","Exhume"],"picked":"Singing Bowl","floor":27},{"not_picked":["Dual Wield+1","Feel No Pain+1","Blood for Blood+1"],"picked":"Singing Bowl","floor":29},{"not_picked":["Cleave","Clothesline","Flex"],"picked":"Singing Bowl","floor":30},{"not_picked":["Infernal Blade+1","Headbutt"],"picked":"Brutality","floor":31},{"not_picked":["Fiend Fire","Impervious"],"picked":"Reaper","floor":33},{"not_picked":["Dual Wield+1","Anger"],"picked":"Uppercut+1","floor":35},{"not_picked":["Metamorphosis","Purity"],"picked":"Dramatic Entrance","floor":37},{"not_picked":["Magnetism","Panacea"],"picked":"Master of Strategy","floor":37},{"not_picked":["Thinking Ahead","Finesse"],"picked":"Apotheosis","floor":37},{"not_picked":["Pommel Strike+1","Heavy Blade+1"],"picked":"Iron Wave","floor":38},{"not_picked":["Sword Boomerang+1","Headbutt","Perfected Strike"],"picked":"Singing Bowl","floor":40},{"not_picked":["Perfected Strike+1","Intimidate","Feel No Pain+1"],"picked":"Singing Bowl","floor":41},{"not_picked":["Sentinel+1","Thunderclap+1","Heavy Blade"],"picked":"Singing Bowl","floor":42},{"not_picked":["Brutality","Sword Boomerang+1","Shrug It Off"],"picked":"Singing Bowl","floor":44},{"not_picked":["Second Wind+1","Body Slam+1"],"picked":"Infernal Blade+1","floor":46}],"player_experience":359861,"relics_obtained":[{"floor":6.0,"key":"Eternal Feather"},{"floor":8.0,"key":"Matryoshka"},{"floor":9.0,"key":"Lantern"},{"floor":9.0,"key":"Singing Bowl"},{"floor":10.0,"key":"Meat on the Bone"},{"floor":13.0,"key":"Juzu Bracelet"},{"floor":23,"key":"FossilizedHelix"},{"floor":26,"key":"Orichalcum"},{"floor":27,"key":"CeramicFish"},{"floor":29,"key":"Self Forming Clay"},{"floor":31,"key":"Paper Frog"},{"floor":40,"key":"Torii"},{"floor":42,"key":"Whetstone"},{"floor":43,"key":"Molten Egg 2"},{"floor":44,"key":"Strawberry"},{"floor":46,"key":"Du-Vu Doll"}],"event_choices":[{"cards_removed":["Bash"],"damage_healed":0.0,"max_hp_gain":0.0,"max_hp_loss":0.0,"gold_gain":0.0,"event_name":"Golden Wing","player_choice":"Card Removal","floor":3.0,"gold_loss":0.0,"damage_taken":7.0},{"damage_healed":0.0,"max_hp_gain":0.0,"max_hp_loss":0.0,"gold_gain":0.0,"event_name":"Shining Light","player_choice":"Entered Light","floor":4.0,"gold_loss":0.0,"damage_taken":16.0,"cards_upgraded":["Impervious","Strike_R"]},{"damage_healed":0.0,"max_hp_gain":0.0,"max_hp_loss":0.0,"gold_gain":0.0,"event_name":"Accursed Blacksmith","player_choice":"Forge","floor":20.0,"gold_loss":0.0,"damage_taken":0.0,"cards_upgraded":["Reaper"]},{"damage_healed":0.0,"max_hp_gain":0.0,"max_hp_loss":0.0,"gold_gain":0.0,"event_name":"Ghosts","player_choice":"Ignored","floor":21.0,"gold_loss":0.0,"damage_taken":0.0},{"damage_healed":0,"gold_gain":0,"player_choice":"Inject Mutagens","damage_taken":0,"relics_obtained":["MutagenicStrength"],"max_hp_gain":0,"max_hp_loss":0,"event_name":"Drug Dealer","floor":28,"gold_loss":0},{"damage_healed":0,"gold_gain":0,"player_choice":"Memory 3","damage_taken":10,"max_hp_gain":0,"max_hp_loss":0,"event_name":"SensoryStone","floor":37,"gold_loss":0},{"damage_healed":0,"gold_gain":0,"player_choice":"Embrace Madness","damage_taken":12,"max_hp_gain":0,"max_hp_loss":0,"event_name":"Winding Halls","floor":39,"gold_loss":0,"cards_obtained":["Madness","Madness"]},{"damage_healed":0,"gold_gain":0,"player_choice":"Ignored","damage_taken":0,"max_hp_gain":0,"max_hp_loss":0,"event_name":"The Moai Head","floor":45,"gold_loss":0},{"damage_healed":0,"gold_gain":0,"player_choice":"Fight","damage_taken":0,"max_hp_gain":0,"max_hp_loss":0,"event_name":"Mysterious Sphere","floor":46,"gold_loss":0}],"is_beta":false,"boss_relics":[{"not_picked":["Runic Pyramid","Black Blood"],"picked":"Sozu"},{"not_picked":["Mark of Pain","Calling Bell"],"picked":"Coffee Dripper"}],"items_purged_floors":[14,36,48],"is_endless":false,"potions_floor_spawned":[2,5,10,16,18,27,29,31,38,40,46],"killed_by":"Time Eater","ascension_level":7}}