{"host":"pqs17sqrgflf4eqa","time":1613350896,"event":{"mods":["AchievementEnabler","BaseMod","Bestiary","Better Altar","Better Match","Better Skull","Block Reminder","Bossed Relics","Colored Map","Colored Powertips","Curses Come First","Dark Map","DeckTracker","Defective Defect","Displayed Cursed Tome","Emptier Cage","Googly Eyes","Highlight Path","Minty Spire (QoL Compilation)","Quick Restart","Slay-I","StSLib","SuperFastMode","Synergy Search","Thieving Mod","Transform Curses","everything is the same but u backflip on backflip","slay the spire mod where everything is the same but ironclad has a cowboy hat"],"gold_per_floor":[118,138,153,228,228,261,261,27,74,101,101,131,131,142,142,241,241,261,261,261,274,274,300,300,313,313,313,344,362,25,38,38,38,38],"floor_reached":33,"language":"ENG","playtime":694,"items_purged":[],"score":394,"play_id":"1d21b802-2227-4fb7-8a98-174e11fdfa04","local_time":"20210214200136","is_ascension_mode":true,"campfire_choices":[{"data":"Neutralize","floor":7.0,"key":"SMITH"},{"floor":15,"key":"REST"},{"data":"Unload","floor":24,"key":"SMITH"},{"data":"Adrenaline","floor":27,"key":"SMITH"},{"data":"Adrenaline","floor":32,"key":"SMITH"}],"circlet_count":0,"master_deck":["Strike_G+1","Strike_G+1","Strike_G+1","Strike_G+1","Strike_G+1","Defend_G+1","Defend_G+1","Defend_G+1","Defend_G+1","Defend_G+1","Survivor+1","Neutralize+1","Masterful Stab","Deadly Poison+1","Dagger Spray","Blur+1","Unload+1","Backstab","Leg Sweep","Adrenaline+1","CurseOfTheBell","Tactician+1","Dash","Eviscerate+1","Adrenaline+1","Backflip"],"relics":["Ring of the Snake","Smiling Mask","Sling","War Paint","Orichalcum","Blue Candle","Bird Faced Urn","StrikeDummy","Calling Bell","Potion Belt","Darkstone Periapt","Du-Vu Doll","Snake Skull","Matryoshka","Meat on the Bone","Singing Bowl","StoneCalendar","Bag of Preparation"],"acts_visited":["Exordium","TheCity"],"potions_floor_usage":[12,16,29,29,29,29,29,33,33,33,33,33],"damage_taken":[{"damage":0.0,"enemies":"Small Slimes","floor":1.0,"turns":3.0},{"damage":0.0,"enemies":"2 Louse","floor":2.0,"turns":2.0},{"damage":8.0,"enemies":"Jaw Worm","floor":3.0,"turns":4.0},{"damage":22.0,"enemies":"Gremlin Nob","floor":6.0,"turns":5.0},{"damage":5.0,"enemies":"3 Sentries","floor":10.0,"turns":4.0},{"damage":9,"enemies":"Lagavulin","floor":12,"turns":3},{"damage":0,"enemies":"Red Slaver","floor":14,"turns":2},{"damage":16,"enemies":"The Guardian","floor":16,"turns":16},{"damage":1,"enemies":"Chosen","floor":18,"turns":3},{"damage":5,"enemies":"Spheric Guardian","floor":21,"turns":3},{"damage":24,"enemies":"Slavers","floor":23,"turns":4},{"damage":1,"enemies":"3 Cultists","floor":25,"turns":5},{"damage":29,"enemies":"Gremlin Leader","floor":28,"turns":7},{"damage":0,"enemies":"Shelled Parasite and Fungi","floor":29,"turns":2},{"damage":1,"enemies":"Chosen and Byrds","floor":31,"turns":3},{"damage":56,"enemies":"Collector","floor":33,"turns":6}],"seed_played":"-6995040638524596470","potions_obtained":[{"floor":3.0,"key":"Fruit Juice"},{"floor":6.0,"key":"Fire Potion"},{"floor":10.0,"key":"AttackPotion"},{"floor":14,"key":"Fire Potion"},{"floor":16,"key":"EssenceOfSteel"},{"floor":21,"key":"Dexterity Potion"},{"floor":23,"key":"Strength Potion"},{"floor":28,"key":"EntropicBrew"},{"floor":29,"key":"CultistPotion"}],"is_trial":false,"path_per_floor":["M","M","M","?","?","E","R","$","T","E","?","E","T","M","R","B",null,"M","?","?","M","T","E","R","M","T","R","E","M","$","M","R","B"],"character_chosen":"THE_SILENT","items_purchased":["Backstab","Sling","Bag of Preparation","Adrenaline","Backflip"],"campfire_rested":1,"item_purchase_floors":[8,8,30,30,30],"current_hp_per_floor":[63,63,60,49,54,32,32,32,32,27,15,6,6,6,30,14,64,63,63,63,58,58,34,34,33,33,33,16,30,30,43,43,0,0],"gold":38,"neow_bonus":"THREE_CARDS","is_daily":false,"chose_seed":false,"campfire_upgraded":4,"win_rate":0.0,"timestamp":1613350896,"path_taken":["M","M","M","?","?","E","R","$","T","E","?","E","?","M","R","BOSS","M","?","?","?","?","E","R","?","T","R","E","M","$","M","R","BOSS"],"items_purchased_type":["Card","Relic","Relic","Card","Card"],"build_version":"2020-12-22","purchased_purges":0,"victory":false,"max_hp_per_floor":[70,70,75,75,80,80,80,80,80,80,80,80,80,80,80,80,80,80,80,80,80,80,80,80,80,80,80,80,82,82,84,84,84,84],"card_choices":[{"not_picked":["PiercingWail","Footwork"],"picked":"Masterful Stab","floor":0.0},{"not_picked":["Setup","Acrobatics"],"picked":"Deadly Poison","floor":1.0},{"not_picked":["Blade Dance","Cloak And Dagger"],"picked":"Dagger Spray","floor":2.0},{"not_picked":["Infinite Blades","Slice"],"picked":"Blur","floor":3.0},{"not_picked":["Underhanded Strike","Escape Plan"],"picked":"Unload","floor":6.0},{"not_picked":["Acrobatics","Endless Agony","Dodge and Roll"],"picked":"SKIP","floor":10.0},{"not_picked":["Flying Knee","Eviscerate","Blade Dance"],"picked":"SKIP","floor":12},{"not_picked":["Quick Slash","Blur"],"picked":"Leg Sweep","floor":14},{"not_picked":["Phantasmal Killer","Burst"],"picked":"Adrenaline","floor":16},{"not_picked":["Poisoned Stab+1","Skewer"],"picked":"Tactician+1","floor":18},{"not_picked":["Flying Knee","Bane+1","Blade Dance+1"],"picked":"SKIP","floor":21},{"not_picked":["Distraction+1","Bane","Deadly Poison+1"],"picked":"SKIP","floor":23},{"not_picked":["Underhanded Strike","Escape Plan"],"picked":"Dash","floor":25},{"not_picked":["Adrenaline","Flying Knee+1"],"picked":"Eviscerate+1","floor":28},{"not_picked":["Dagger Spray","Blade Dance+1","Accuracy"],"picked":"Singing Bowl","floor":29},{"not_picked":["Outmaneuver","Deflect","Flying Knee+1"],"picked":"Singing Bowl","floor":31}],"player_experience":215674,"relics_obtained":[{"floor":6.0,"key":"Smiling Mask"},{"floor":9.0,"key":"War Paint"},{"floor":10.0,"key":"Orichalcum"},{"floor":12,"key":"Bird Faced Urn"},{"floor":13,"key":"StrikeDummy"},{"floor":17,"key":"Potion Belt"},{"floor":17,"key":"Darkstone Periapt"},{"floor":17,"key":"Du-Vu Doll"},{"floor":22,"key":"Snake Skull"},{"floor":23,"key":"Matryoshka"},{"floor":26,"key":"Meat on the Bone"},{"floor":26,"key":"Singing Bowl"},{"floor":28,"key":"StoneCalendar"}],"event_choices":[{"damage_healed":0.0,"max_hp_gain":0.0,"max_hp_loss":0.0,"gold_gain":75.0,"event_name":"World of Goop","player_choice":"Gather Gold","floor":4.0,"gold_loss":0.0,"damage_taken":11.0},{"damage_healed":0.0,"max_hp_gain":5.0,"max_hp_loss":0.0,"gold_gain":0.0,"event_name":"Big Fish","player_choice":"Donut","floor":5.0,"gold_loss":0.0,"damage_taken":0.0},{"damage_healed":0.0,"max_hp_gain":0.0,"max_hp_loss":0.0,"gold_gain":0.0,"event_name":"Scrap Ooze","player_choice":"Success","floor":11.0,"gold_loss":0.0,"damage_taken":12.0,"relics_obtained":["Blue Candle"]},{"damage_healed":0,"gold_gain":0,"player_choice":"Simplicity","damage_taken":0,"max_hp_gain":0,"max_hp_loss":0,"event_name":"Back to Basics","floor":19,"gold_loss":0,"cards_upgraded":["Strike_G","Strike_G","Strike_G","Strike_G","Strike_G","Defend_G","Defend_G","Defend_G","Defend_G","Defend_G"]},{"damage_healed":0,"gold_gain":0,"player_choice":"Upgraded","damage_taken":0,"max_hp_gain":0,"max_hp_loss":0,"event_name":"Upgrade Shrine","floor":20,"gold_loss":0,"cards_upgraded":["Deadly Poison"]}],"is_beta":false,"boss_relics":[{"not_picked":["SacredBark","Busted Crown"],"picked":"Calling Bell"}],"items_purged_floors":[],"is_endless":false,"potions_floor_spawned":[3,6,10,14,16,21,23,28,29],"killed_by":"Collector","ascension_level":6}}