{"host":"0rxdudjy6rylha1k","time":1613408116,"event":{"mods":["Aspiration","BaseMod","Colored Map","Colored Powertips","Downfall","Highlight Path","Hubris","Minty Spire (QoL Compilation)","StSLib"],"gold_per_floor":[99,116,116,116,127,74,74,74,106,120,140,155,55,55,67,171,171,71,81,97,97,109,109,177,212,229,229,258,258,258,269,283,382,382,382,395,410,421,12,38,108,121,131,131,131,31,74,109,129,129,129,161,32,32,32,32],"floor_reached":57,"language":"ENG","playtime":8964,"items_purged":["Injury","bronze:Strike"],"score":1352,"play_id":"7c8a39f6-4e88-4b9a-b5d1-7bd41c05d9e3","local_time":"20210215095516","is_ascension_mode":true,"campfire_choices":[{"data":"bronze:Goto","floor":1.0,"key":"SMITH"},{"data":"bronze:Flail","floor":8.0,"key":"SMITH"},{"floor":13.0,"key":"REST"},{"data":"bronze:Repair","floor":18.0,"key":"SMITH"},{"data":"Limit Break","floor":23.0,"key":"SMITH"},{"data":"bronze:Format","floor":27.0,"key":"SMITH"},{"floor":35.0,"key":"RECALL"},{"floor":46.0,"key":"REST"},{"data":"Exhume","floor":54.0,"key":"SMITH"}],"circlet_count":0,"master_deck":["bronze:Strike","bronze:Strike","bronze:Strike","bronze:Defend","bronze:Defend","bronze:Defend","bronze:Defend","bronze:Replicate","bronze:Goto+1","bronze:Flail+1","bronze:Frontload","bronze:ChosenStrike+1","bronze:FollowUp+1","bronze:ForceShield","bronze:Repair+1","Limit Break+1","bronze:Format+1","Exhume+1","Metallicize+1","bronze:Format","bronze:ItsAFeature","Armaments+1","bronze:FineTuning+1","Dark Embrace","bronze:ChosenStrike+1","Rage+1","bronze:FineTuning+1"],"relics":["bronze:BronzeCore","Regal Pillow","Blue Candle","Molten Egg 2","Tiny Chest","downfall:HeartBlessingGreen","hubris:Icosahedron","aspiration:IroncladSkillbook","downfall:HeartBlessingBlue","hubris:Towel","hubris:SphereOfDissonance","aspiration:StickyExplosives_weak","InkBottle","Pantograph","Gremlin Horn","hubris:ScarierMask","Toxic Egg 2","Anchor","Singing Bowl","Sundial","downfall:HeartBlessingRed","Oddly Smooth Stone","hexamod:BolsterEngine","Toy Ornithopter"],"acts_visited":["Exordium","TheCity","TheBeyond","TheEnding"],"potions_floor_usage":[55,55],"damage_taken":[{"damage":5.0,"enemies":"2 Louse","floor":2.0,"turns":3.0},{"damage":7.0,"enemies":"Jaw Worm","floor":5.0,"turns":2.0},{"damage":1.0,"enemies":"downfall:FleeingMerchant","floor":6.0,"turns":4.0},{"damage":18.0,"enemies":"Gremlin Nob","floor":9.0,"turns":3.0},{"damage":0.0,"enemies":"Cultist","floor":10.0,"turns":2.0},{"damage":8.0,"enemies":"3 Louse","floor":11.0,"turns":2.0},{"damage":2.0,"enemies":"2 Fungi Beasts","floor":12.0,"turns":2.0},{"damage":0.0,"enemies":"Blue Slaver","floor":15.0,"turns":2.0},{"damage":12.0,"enemies":"DF_ARCHETYPE_STREAMLINE","floor":16.0,"turns":9.0},{"damage":24.0,"enemies":"downfall:LooterAlt2","floor":19.0,"turns":6.0},{"damage":8.0,"enemies":"Spheric Guardian","floor":20.0,"turns":4.0},{"damage":4.0,"enemies":"Snake Plant","floor":22.0,"turns":3.0},{"damage":21.0,"enemies":"Gremlin Leader","floor":25.0,"turns":7.0},{"damage":8.0,"enemies":"Shelled Parasite and Fungi","floor":26.0,"turns":5.0},{"damage":9.0,"enemies":"Slavers","floor":28.0,"turns":4.0},{"damage":0.0,"enemies":"Cultist and Chosen","floor":31.0,"turns":3.0},{"damage":6.0,"enemies":"Snake Plant","floor":32.0,"turns":3.0},{"damage":8.0,"enemies":"WA_ARCHETYPE_CALM","floor":33.0,"turns":7.0},{"damage":4.0,"enemies":"Orb Walker","floor":36.0,"turns":5.0},{"damage":0.0,"enemies":"3 Darklings","floor":37.0,"turns":3.0},{"damage":1.0,"enemies":"4 Shapes","floor":38.0,"turns":5.0},{"damage":0.0,"enemies":"downfall:FleeingMerchant","floor":39.0,"turns":4.0},{"damage":0.0,"enemies":"Giant Head","floor":40.0,"turns":9.0},{"damage":0.0,"enemies":"Maw","floor":42.0,"turns":7.0},{"damage":55.0,"enemies":"Transient","floor":43.0,"turns":5.0},{"damage":0.0,"enemies":"downfall:FleeingMerchant","floor":47.0,"turns":4.0},{"damage":18.0,"enemies":"Nemesis","floor":48.0,"turns":5.0},{"damage":15.0,"enemies":"4 Shapes","floor":49.0,"turns":5.0},{"damage":45.0,"enemies":"IC_BLOCK_ARCHETYPE","floor":50.0,"turns":8.0},{"damage":12.0,"enemies":"downfall:CharBossMerchant","floor":52.0,"turns":6.0},{"damage":17,"enemies":"downfall:NeowBoss","floor":55,"turns":8},{"damage":50,"enemies":"downfall:NeowBossFinal","floor":56,"turns":10}],"seed_played":"-8819225911930494","potions_obtained":[{"floor":9.0,"key":"LiquidMemories"},{"floor":11.0,"key":"SteroidPotion"},{"floor":12.0,"key":"FearPotion"},{"floor":15.0,"key":"LiquidMemories"},{"floor":25.0,"key":"SkillPotion"},{"floor":26.0,"key":"SneckoOil"},{"floor":28.0,"key":"bronze:FreeFunctionsPotion"},{"floor":31.0,"key":"PowerPotion"},{"floor":32.0,"key":"Swift Potion"},{"floor":33.0,"key":"Block Potion"},{"floor":36.0,"key":"SpeedPotion"},{"floor":40.0,"key":"PowerPotion"},{"floor":43.0,"key":"Weak Potion"},{"floor":48.0,"key":"EssenceOfSteel"},{"floor":49.0,"key":"BlessingOfTheForge"}],"is_trial":false,"path_per_floor":["R","M","?","?","M","$","T","R","E","M","M","M","R","?","M","B",null,"R","M","M","?","M","R","T","E","M","R","E","T","T","M","M","B",null,"R","M","M","M","$","E","T","M","M","T","?","R","$","E","M","B",null,"E","$","R","B","B",null],"character_chosen":"THE_AUTOMATON","items_purchased":["bronze:ChosenStrike+1","Toxic Egg 2","Dark Embrace","Oddly Smooth Stone","Rage+1","Regen Potion","Energy Potion"],"campfire_rested":2,"item_purchase_floors":[6,39,39,47,47,53,53],"current_hp_per_floor":[70,65,60,60,53,52,52,52,34,34,26,24,60,60,67,59,70,80,70,76,76,80,80,80,68,74,74,75,75,75,80,78,76,80,80,80,80,80,80,80,80,82,36,36,36,76,86,74,75,59,90,90,90,90,90,44],"gold":32,"neow_bonus":"RANDOM_COMMON_RELIC","is_daily":false,"chose_seed":false,"campfire_upgraded":6,"win_rate":0.0,"timestamp":1613408116,"path_taken":["R","M","?","?","M","?","T","R","E","?","M","M","R","?","M","BOSS","R","M","M","?","M","R","T","E","M","R","E","?","?","M","M","BOSS","R","M","?","M","?","E","T","M","M","?","?","R","$","E","M","BOSS","E","$","R","BOSS","BOSS"],"items_purchased_type":["Card","Relic","Card","Relic","Card","Potion","Potion"],"build_version":"2020-12-22","purchased_purges":2,"victory":true,"max_hp_per_floor":[70,70,70,70,70,70,70,70,70,70,70,70,70,70,70,70,70,80,80,80,80,80,80,80,80,80,80,80,80,80,80,80,80,80,80,80,80,80,80,80,80,82,84,84,84,84,86,88,90,90,90,90,90,90,90,90],"card_choices":[{"not_picked":["bronze:Frontload","bronze:BitShift"],"picked":"bronze:Flail","floor":2.0},{"not_picked":["bronze:BronzeOrb+1","bronze:ForceShield"],"picked":"bronze:Frontload","floor":5.0},{"not_picked":["bronze:ChildClass","bronze:Branch+1","bronze:Separator+1"],"picked":"SKIP","floor":6.0},{"not_picked":["bronze:WhirlingStrike+1","bronze:Overheat+1"],"picked":"bronze:FollowUp+1","floor":9.0},{"not_picked":["bronze:InfiniteLoop+1","bronze:NullPointer+1"],"picked":"bronze:ForceShield","floor":10.0},{"not_picked":["bronze:CutThrough+1","bronze:NullPointer+1","bronze:Philosophize"],"picked":"SKIP","floor":11.0},{"not_picked":["bronze:WhirlingStrike+1","bronze:Separator+1"],"picked":"bronze:Repair","floor":12.0},{"not_picked":["bronze:Refactor","bronze:Overheat+1","bronze:BuggyMess"],"picked":"SKIP","floor":15.0},{"not_picked":["bronze:Separator+1","Flex","bronze:ForLoop+1","bronze:BugBarrage+1"],"picked":"SKIP","floor":19.0},{"not_picked":["Body Slam+1","bronze:Constructor","hubris:SharpeningStone"],"picked":"Limit Break","floor":20.0},{"not_picked":["Rampage+1","Intimidate+1","bronze:Repulsor","bronze:ForLoop+1"],"picked":"SKIP","floor":22.0},{"not_picked":["Heavy Blade+1","hubris:CleavingFinish+1","bronze:Turbo+1","Shrug It Off"],"picked":"SKIP","floor":25.0},{"not_picked":["Iron Wave+1","bronze:GetLatest","bronze:Branch+1"],"picked":"bronze:Format","floor":26.0},{"not_picked":["bronze:OilSpill+1","bronze:ThunderWave+1","hubris:CleavingFinish+1"],"picked":"Exhume","floor":28.0},{"not_picked":["True Grit","Cleave+1","bronze:Branch+1","Perfected Strike+1"],"picked":"SKIP","floor":31.0},{"not_picked":["bronze:DelayedSlice+1","Searing Blow+1","bronze:ForLoop"],"picked":"Metallicize+1","floor":32.0},{"not_picked":["bronze:HyperBeam+1","Offering","hubris:StunningStrike+1"],"picked":"bronze:Format","floor":33.0},{"not_picked":["bronze:Invalidate","Thunderclap+1","Sword Boomerang+1","Wild Strike+1"],"picked":"SKIP","floor":36.0},{"not_picked":["bronze:BuggyMess+1","bronze:InfiniteBeams","bronze:Invalidate+1"],"picked":"bronze:ItsAFeature","floor":37.0},{"not_picked":["bronze:Deprecate+1","bronze:BuggyMess+1","Perfected Strike+1"],"picked":"Armaments+1","floor":38.0},{"not_picked":["bronze:BitShift","bronze:Safeguard+1","Clash+1"],"picked":"bronze:FineTuning+1","floor":39.0},{"not_picked":["bronze:Return+1","bronze:ChosenStrike+1","bronze:DigitalCarnage+1","Clash+1"],"picked":"SKIP","floor":40.0},{"not_picked":["Headbutt+1","Uppercut+1","Second Wind+1","Thunderclap+1"],"picked":"Singing Bowl","floor":42.0},{"not_picked":["hubris:ReadiedAction+1","Twin Strike+1","bronze:DarkDash+1","hubris:SharpeningStone+1"],"picked":"Singing Bowl","floor":43.0},{"not_picked":["Warcry+1","bronze:BugBarrage+1","Havoc+1","Perfected Strike+1"],"picked":"Singing Bowl","floor":47.0},{"not_picked":["bronze:Iterate+1","Body Slam+1","bronze:BugBarrage+1","bronze:BuggyMess+1"],"picked":"Singing Bowl","floor":48.0},{"not_picked":["bronze:Constructor+1","bronze:BitShift+1","Battle Trance+1","Thunderclap+1"],"picked":"Singing Bowl","floor":49.0},{"not_picked":["Wild Strike+1","Clothesline+1","bronze:Constructor+1"],"picked":"bronze:FineTuning+1","floor":52.0}],"player_experience":2955331,"relics_obtained":[{"floor":9.0,"key":"Tiny Chest"},{"floor":24.0,"key":"hubris:SphereOfDissonance"},{"floor":25.0,"key":"aspiration:StickyExplosives_weak"},{"floor":28.0,"key":"InkBottle"},{"floor":29.0,"key":"Pantograph"},{"floor":30.0,"key":"Gremlin Horn"},{"floor":40.0,"key":"Anchor"},{"floor":41.0,"key":"Singing Bowl"},{"floor":44.0,"key":"Sundial"},{"floor":48.0,"key":"hexamod:BolsterEngine"},{"floor":52.0,"key":"Toy Ornithopter"}],"event_choices":[],"is_beta":false,"boss_relics":[{"not_picked":["aspiration:RunicSpoon","SlaversCollar"],"picked":"aspiration:IroncladSkillbook"},{"not_picked":["SacredBark","Runic Dome"],"picked":"hubris:ScarierMask"}],"items_purged_floors":[39,47],"is_endless":false,"potions_floor_spawned":[9,11,12,15,25,26,28,31,32,33,36,40,43,48,49],"ascension_level":2}}