{"host":"kwyq3wo3fj8d4s27","time":1613357964,"event":{"mods":["AchievementEnabler","BaseMod","Colored Map","Highlight Path","Minty Spire (QoL Compilation)","StSLib"],"gold_per_floor":[110,4586,4600,4614,3994,3994,4029,4029,4055,4055,4055,4068,4068,3347,3347,3445,3445,3463,3378,3392,3392,2696,2696,2728,2728,2782,2794,1834,1849,1866,1880,1880,1980,1980,1999,0,0,24,4373,4373,4407,4427,4427,4441,3500,3500,3525,3540,3540,8540,8540,8540,8067,8098,8098],"floor_reached":56,"language":"ENG","playtime":2481,"items_purged":["Strike_G","Strike_G","Strike_G","Strike_G+1","Defend_G","Defend_G","Defend_G"],"score":1651,"play_id":"71c31b47-5a2c-468d-83c4-4f02199b31a7","local_time":"20210214185924","is_ascension_mode":true,"campfire_choices":[{"data":"Noxious Fumes","floor":6.0,"key":"SMITH"},{"data":"Footwork","floor":8.0,"key":"SMITH"},{"data":"Footwork","floor":10.0,"key":"SMITH"},{"data":"Leg Sweep","floor":13.0,"key":"SMITH"},{"data":"Madness","floor":15.0,"key":"SMITH"},{"data":"Catalyst","floor":23.0,"key":"SMITH"},{"data":"Noxious Fumes","floor":25.0,"key":"SMITH"},{"data":"Footwork","floor":32.0,"key":"SMITH"},{"data":"Noxious Fumes","floor":40.0,"key":"SMITH"},{"floor":49,"key":"RECALL"},{"data":"Deadly Poison","floor":52,"key":"SMITH"}],"circlet_count":0,"master_deck":["Survivor","Neutralize+1","Backstab","Noxious Fumes+1","Footwork+1","Footwork+1","After Image","Leg Sweep+1","Escape Plan","Madness+1","Adrenaline","Deadly Poison+1","Noxious Fumes+1","Catalyst+1","Adrenaline","Panache","Footwork+1","Madness","Madness","Noxious Fumes+1","Noxious Fumes+1","Noxious Fumes+1","Footwork"],"relics":["Ring of the Snake","Lee\u0027s Waffle","Paper Crane","Bag of Marbles","Dream Catcher","Orrery","Lantern","TwistedFunnel","Whetstone","Oddly Smooth Stone","Coffee Dripper","Nunchaku","HornCleat","Strange Spoon","Bottled Flame","Potion Belt","Blood Vial","Tiny Chest","OrangePellets","Empty Cage","Red Mask","MealTicket","Gremlin Horn","Akabeko","Thread and Needle","Shuriken","DollysMirror","Sundial","The Specimen","Vajra","Bottled Lightning","Toy Ornithopter","Letter Opener"],"acts_visited":["Exordium","TheCity","TheBeyond","TheEnding"],"potions_floor_usage":[],"damage_taken":[{"damage":12.0,"enemies":"Jaw Worm","floor":1.0,"turns":2.0},{"damage":0.0,"enemies":"2 Louse","floor":3.0,"turns":3.0},{"damage":3.0,"enemies":"Small Slimes","floor":4.0,"turns":3.0},{"damage":18.0,"enemies":"Lagavulin","floor":7.0,"turns":8.0},{"damage":0.0,"enemies":"Exordium Thugs","floor":12.0,"turns":6.0},{"damage":5.0,"enemies":"Slime Boss","floor":16.0,"turns":13.0},{"damage":0.0,"enemies":"3 Byrds","floor":18.0,"turns":5.0},{"damage":0.0,"enemies":"Spheric Guardian","floor":20.0,"turns":5.0},{"damage":4.0,"enemies":"Slavers","floor":24.0,"turns":6.0},{"damage":0.0,"enemies":"Centurion and Healer","floor":27.0,"turns":5.0},{"damage":0.0,"enemies":"Cultist and Chosen","floor":29.0,"turns":5.0},{"damage":1.0,"enemies":"Snecko","floor":30.0,"turns":6.0},{"damage":0.0,"enemies":"Snake Plant","floor":31.0,"turns":4.0},{"damage":0.0,"enemies":"Champ","floor":33.0,"turns":10.0},{"damage":11.0,"enemies":"3 Darklings","floor":35.0,"turns":3.0},{"damage":0.0,"enemies":"Reptomancer","floor":41.0,"turns":4.0},{"damage":4.0,"enemies":"3 Shapes","floor":42.0,"turns":3.0},{"damage":0.0,"enemies":"Sphere and 2 Shapes","floor":44.0,"turns":4.0},{"damage":0,"enemies":"Giant Head","floor":47,"turns":5},{"damage":0,"enemies":"4 Shapes","floor":48,"turns":3},{"damage":70,"enemies":"Awakened One","floor":50,"turns":8},{"damage":57,"enemies":"Shield and Spear","floor":54,"turns":5},{"damage":45,"enemies":"The Heart","floor":55,"turns":7}],"seed_played":"9030681679099737782","potions_obtained":[{"floor":1.0,"key":"ColorlessPotion"},{"floor":12.0,"key":"Energy Potion"},{"floor":33.0,"key":"FairyPotion"},{"floor":42.0,"key":"Poison Potion"},{"floor":54,"key":"Dexterity Potion"}],"is_trial":false,"path_per_floor":["M","$","M","M","$","R","E","R","T","R","?","M","R","$","R","B",null,"M","?","M","?","$","R","E","R","T","M","$","M","M","M","R","B",null,"M","?","?","T","$","R","E","M","T","M","$","?","E","M","R","B",null,"R","$","E","B",null],"character_chosen":"THE_SILENT","items_purchased":["Footwork","Lee\u0027s Waffle","Paper Crane","Footwork","Bag of Marbles","Dream Catcher","Orrery","TwistedFunnel","Whetstone","Oddly Smooth Stone","Madness","Poison Potion","Noxious Fumes","Catalyst","HornCleat","Strange Spoon","Blood Vial","Tiny Chest","OrangePellets","Panache","Fruit Juice","LiquidMemories","Gremlin Horn","Akabeko","Noxious Fumes","DollysMirror","Sundial","The Specimen","Footwork","Bottled Lightning","Toy Ornithopter"],"campfire_rested":0,"item_purchase_floors":[2,2,2,5,5,5,5,14,14,14,14,14,22,22,22,22,28,28,28,28,28,28,39,39,39,45,45,45,53,53,53],"current_hp_per_floor":[58,77,77,74,74,74,56,56,56,56,49,49,49,49,49,44,77,77,77,77,77,77,77,73,73,73,73,73,75,76,77,77,82,82,71,71,61,61,76,76,78,76,76,78,82,82,82,82,82,82,82,82,82,55,45],"gold":8098,"neow_bonus":"THREE_CARDS","is_daily":false,"chose_seed":false,"campfire_upgraded":10,"win_rate":0.0,"timestamp":1613357964,"path_taken":["M","$","M","M","$","R","E","R","T","R","?","M","R","$","R","BOSS","M","?","M","?","$","R","E","R","T","M","$","M","?","M","R","BOSS","M","?","?","?","$","R","E","?","T","M","$","?","E","M","R","BOSS","R","$","E","BOSS"],"items_purchased_type":["Card","Relic","Relic","Card","Relic","Relic","Relic","Relic","Relic","Relic","Card","Potion","Card","Card","Relic","Relic","Relic","Relic","Relic","Card","Potion","Potion","Relic","Relic","Card","Relic","Relic","Relic","Card","Relic","Relic"],"build_version":"2020-12-22","purchased_purges":7,"victory":true,"max_hp_per_floor":[70,77,77,77,77,77,77,77,77,77,77,77,77,77,77,77,77,77,77,77,77,77,77,77,77,77,77,77,77,77,77,77,82,82,82,82,82,82,82,82,82,82,82,82,82,82,82,82,82,82,82,82,82,82,82],"card_choices":[{"not_picked":["Flying Knee","Distraction"],"picked":"Backstab","floor":0.0},{"not_picked":["Distraction","Bouncing Flask"],"picked":"Noxious Fumes","floor":1.0},{"not_picked":["Bane","Flying Knee","Slice"],"picked":"SKIP","floor":3.0},{"not_picked":["Flechettes","Slice","Flying Knee"],"picked":"SKIP","floor":4.0},{"not_picked":["Blade Dance","Dagger Spray"],"picked":"After Image","floor":5.0},{"not_picked":["Distraction","Bane"],"picked":"Leg Sweep","floor":5.0},{"not_picked":["Poisoned Stab","Prepared"],"picked":"Escape Plan","floor":5.0},{"not_picked":["Reflex","Distraction","Dodge and Roll"],"picked":"SKIP","floor":7.0},{"not_picked":["PiercingWail","Cloak And Dagger","Deflect"],"picked":"SKIP","floor":12.0},{"not_picked":["Doppelganger","Unload"],"picked":"Adrenaline","floor":16.0},{"not_picked":["Flying Knee","All Out Attack+1"],"picked":"Deadly Poison","floor":18.0},{"not_picked":["Sucker Punch","Dagger Spray","Dagger Throw"],"picked":"SKIP","floor":20.0},{"not_picked":["Outmaneuver","Skewer"],"picked":"Adrenaline","floor":24.0},{"not_picked":["Dagger Throw+1","Quick Slash+1","Calculated Gamble+1"],"picked":"SKIP","floor":27.0},{"not_picked":["Deadly Poison","Cloak And Dagger+1"],"picked":"Footwork","floor":29.0},{"not_picked":["Deflect","Deadly Poison","Caltrops+1"],"picked":"SKIP","floor":30.0},{"not_picked":["Underhanded Strike+1","Dash+1","Burst"],"picked":"SKIP","floor":31.0},{"not_picked":["Outmaneuver","Sucker Punch+1","Heel Hook+1"],"picked":"SKIP","floor":35.0},{"not_picked":["Reflex","Glass Knife"],"picked":"Noxious Fumes+1","floor":41.0},{"not_picked":["Backflip","Slice+1","Underhanded Strike+1"],"picked":"SKIP","floor":42.0},{"not_picked":["Blade Dance+1","Endless Agony+1","Cloak And Dagger+1"],"picked":"SKIP","floor":44.0},{"not_picked":["Predator+1","Cloak And Dagger","Sucker Punch+1"],"picked":"SKIP","floor":47},{"not_picked":["Flechettes+1","Eviscerate+1","Backflip+1"],"picked":"SKIP","floor":48},{"not_picked":["Dash+1","Acrobatics","Blade Dance+1"],"picked":"SKIP","floor":54}],"player_experience":33961,"relics_obtained":[{"floor":7.0,"key":"Lantern"},{"floor":24.0,"key":"Bottled Flame"},{"floor":26.0,"key":"Potion Belt"},{"floor":38.0,"key":"MealTicket"},{"floor":41.0,"key":"Thread and Needle"},{"floor":43.0,"key":"Shuriken"},{"floor":47,"key":"Vajra"},{"floor":54,"key":"Letter Opener"}],"event_choices":[{"cards_removed":["Strike_G"],"damage_healed":0.0,"max_hp_gain":0.0,"max_hp_loss":0.0,"gold_gain":0.0,"event_name":"Golden Wing","player_choice":"Card Removal","floor":11.0,"gold_loss":0.0,"damage_taken":7.0},{"damage_healed":0.0,"max_hp_gain":0.0,"max_hp_loss":0.0,"gold_gain":0.0,"event_name":"Addict","player_choice":"Obtained Relic","floor":19.0,"gold_loss":85.0,"damage_taken":0.0,"relics_obtained":["Nunchaku"]},{"damage_healed":0.0,"max_hp_gain":0.0,"max_hp_loss":0.0,"gold_gain":0.0,"event_name":"Match and Keep!","player_choice":"0 cards matched","floor":21.0,"gold_loss":0.0,"damage_taken":0.0,"cards_obtained":[]},{"damage_healed":0.0,"max_hp_gain":0.0,"max_hp_loss":0.0,"gold_gain":0.0,"event_name":"Tomb of Lord Red Mask","player_choice":"Paid","floor":36.0,"gold_loss":1999.0,"damage_taken":0.0,"relics_obtained":["Red Mask"]},{"damage_healed":0.0,"max_hp_gain":0.0,"max_hp_loss":0.0,"gold_gain":0.0,"event_name":"Winding Halls","player_choice":"Embrace Madness","floor":37.0,"gold_loss":0.0,"damage_taken":10.0,"cards_obtained":["Madness","Madness"]},{"damage_healed":0,"gold_gain":0,"player_choice":"Ignored","damage_taken":0,"max_hp_gain":0,"max_hp_loss":0,"event_name":"Transmorgrifier","floor":46,"gold_loss":0}],"is_beta":false,"boss_relics":[{"not_picked":["Calling Bell","SacredBark"],"picked":"Coffee Dripper"},{"not_picked":["Cursed Key","Astrolabe"],"picked":"Empty Cage"}],"items_purged_floors":[2,5,14,22,28,39,45],"is_endless":false,"potions_floor_spawned":[1,12,16,18,20,33,42,47,54],"ascension_level":3}}