{"host":"Kdaddybrian","time":1613356444,"event":{"mods":["AchievementEnabler","BaseMod","Bestiary","Colored Map","Colored Powertips","Minty Spire (QoL Compilation)","Potion Indicator Mod","Quick Restart","Rare Cards Sparkle","Relic Stats","StSLib","Uncapped","Weighted Paths"],"gold_per_floor":[116,141,158,178,196,196,224,224,300,316,26,26,41,56,56,153,153,164,174,189,189,189],"floor_reached":21,"language":"ENG","playtime":759,"items_purged":["Strike_P"],"score":287,"play_id":"25775a20-758c-4bae-915b-52396d756f1b","local_time":"20210214213404","is_ascension_mode":true,"campfire_choices":[{"data":"Eruption","floor":6.0,"key":"SMITH"},{"floor":8.0,"key":"REST"},{"floor":15.0,"key":"REST"}],"circlet_count":0,"master_deck":["AscendersBane","Strike_P","Strike_P","Strike_P","Defend_P","Defend_P","Defend_P","Defend_P","Eruption+1","Vigilance","Consecrate","FlyingSleeves","Swivel","EmptyBody","Tantrum+1","EmptyBody+1","Adaptation","Ragnarok+1","Prostrate+1","EmptyBody+1","Vault+1","MentalFortress","Meditate+1","Tantrum+1"],"relics":["PureWater","Ginger","Omamori","Molten Egg 2","Toxic Egg 2","Sozu"],"acts_visited":["Exordium","TheCity"],"potions_floor_usage":[],"damage_taken":[{"damage":0.0,"enemies":"Cultist","floor":1.0,"turns":3.0},{"damage":2.0,"enemies":"Jaw Worm","floor":3.0,"turns":5.0},{"damage":0.0,"enemies":"2 Louse","floor":4.0,"turns":4.0},{"damage":0.0,"enemies":"2 Fungi Beasts","floor":5.0,"turns":5.0},{"damage":56.0,"enemies":"Gremlin Nob","floor":7.0,"turns":5.0},{"damage":0.0,"enemies":"3 Louse","floor":10.0,"turns":3.0},{"damage":1.0,"enemies":"Exordium Thugs","floor":13.0,"turns":3.0},{"damage":10.0,"enemies":"Exordium Wildlife","floor":14.0,"turns":3.0},{"damage":16.0,"enemies":"The Guardian","floor":16.0,"turns":11.0},{"damage":19.0,"enemies":"2 Thieves","floor":18.0,"turns":5.0},{"damage":0.0,"enemies":"Spheric Guardian","floor":19.0,"turns":2.0},{"damage":30,"enemies":"3 Cultists","floor":20,"turns":6},{"damage":11,"enemies":"Snake Plant","floor":21,"turns":1}],"seed_played":"6870743863817758149","potions_obtained":[{"floor":1.0,"key":"Swift Potion"},{"floor":3.0,"key":"PowerPotion"},{"floor":10.0,"key":"SteroidPotion"}],"is_trial":false,"path_per_floor":["M","T","M","M","M","R","E","R","T","M","$","?","M","M","R","B",null,"M","M","M","M"],"character_chosen":"WATCHER","items_purchased":["Adaptation","Ragnarok+1"],"campfire_rested":2,"item_purchase_floors":[11,11],"current_hp_per_floor":[65,65,63,63,63,63,7,26,26,26,26,26,25,15,34,18,53,34,34,4,0,0],"gold":189,"neow_bonus":"ONE_RARE_RELIC","is_daily":false,"chose_seed":false,"campfire_upgraded":1,"win_rate":0.0,"timestamp":1613356444,"path_taken":["M","?","M","M","?","R","E","R","T","M","$","?","M","M","R","BOSS","M","M","M","M"],"items_purchased_type":["Card","Card"],"build_version":"2020-12-18","purchased_purges":1,"victory":false,"max_hp_per_floor":[65,65,65,65,65,65,65,65,65,65,65,65,65,65,65,65,65,65,65,65,65,65],"relic_stats":{"Sozu":1,"counters":[13,56],"Ginger":[2],"obtain_stats":[{"Sozu":17,"Molten Egg 2":7,"Omamori":2,"Ginger":0,"PureWater":0,"Toxic Egg 2":9},{"Sozu":9,"Molten Egg 2":5,"Omamori":1,"Ginger":0,"PureWater":0,"Toxic Egg 2":5},{"Sozu":42,"Molten Egg 2":22,"Omamori":3,"Ginger":0,"PureWater":0,"Toxic Egg 2":22}]},"card_choices":[{"not_picked":["Sanctity","Vengeance"],"picked":"Consecrate","floor":1.0},{"not_picked":["Crescendo","WaveOfTheHand"],"picked":"FlyingSleeves","floor":3.0},{"not_picked":["Halt","Worship"],"picked":"Swivel","floor":4.0},{"not_picked":["Crescendo","Protect"],"picked":"EmptyBody","floor":5.0},{"not_picked":["Swivel","Consecrate+1"],"picked":"Tantrum+1","floor":7.0},{"not_picked":["Protect+1","FlyingSleeves+1"],"picked":"EmptyBody+1","floor":10.0},{"not_picked":["Establishment","FollowUp+1"],"picked":"Prostrate+1","floor":13.0},{"not_picked":["Wireheading","PathToVictory+1"],"picked":"EmptyBody+1","floor":14.0},{"not_picked":["SpiritShield+1","Devotion"],"picked":"Vault+1","floor":16.0},{"not_picked":["Fasting2+1","ThirdEye+1"],"picked":"MentalFortress","floor":18.0},{"not_picked":["FollowUp+1","SandsOfTime+1"],"picked":"Meditate+1","floor":19.0},{"not_picked":["WindmillStrike+1","MentalFortress"],"picked":"Tantrum+1","floor":20}],"player_experience":3041001,"relics_obtained":[{"floor":2.0,"key":"Omamori"},{"floor":7.0,"key":"Molten Egg 2"},{"floor":9.0,"key":"Toxic Egg 2"}],"event_choices":[{"damage_healed":0.0,"max_hp_gain":0.0,"max_hp_loss":0.0,"gold_gain":0.0,"event_name":"Liars Game","player_choice":"Ignored","floor":12.0,"gold_loss":0.0,"damage_taken":0.0}],"is_beta":true,"boss_relics":[{"not_picked":["Coffee Dripper","Empty Cage"],"picked":"Sozu"}],"items_purged_floors":[11],"is_endless":false,"potions_floor_spawned":[1,3,10,19],"killed_by":"Snake Plant","ascension_level":11}}