{"host":"i3w38rq1z4slkels","time":1613391984,"event":{"mods":["2.2 Compatiblity","Act Like it!","BaseMod","Better Match","Better Vampires","BetterRewards","Conspire","Downfall","Hallownest","Minty Spire (QoL Compilation)","Rare Cards Sparkle","Replay The Spire","StSLib","The Bug Knight"],"gold_per_floor":[215,234,11,11,11,11,27,41,41,41,68,68,68,81,81,178,178,192,192,192,192],"floor_reached":20,"language":"ENG","playtime":1379,"items_purged":["Strike_P"],"score":181,"play_id":"5bb3138f-849e-4a99-9931-87b01ada27ee","local_time":"20210215192624","is_ascension_mode":true,"campfire_choices":[{"floor":6,"key":"RECALL"},{"data":"Eruption","floor":10,"key":"SMITH"},{"data":"LessonLearned","floor":15,"key":"SMITH"}],"circlet_count":0,"master_deck":["Strike_P","Strike_P","Strike_P","Defend_P","Defend_P+1","Defend_P","Defend_P","Eruption+1","Vigilance+1","Study+1","LessonLearned+1","DevaForm"],"relics":["PureWater","Art of War","Blue Candle","conspire:Flyswatter","Black Star"],"acts_visited":["Exordium","TheCity"],"potions_floor_usage":[11,16,20],"damage_taken":[{"damage":0,"enemies":"Small Slimes","floor":1,"turns":3},{"damage":0,"enemies":"2 Louse","floor":2,"turns":3},{"damage":2,"enemies":"Cultist","floor":7,"turns":3},{"damage":0,"enemies":"Blue Slaver","floor":8,"turns":5},{"damage":17,"enemies":"3 Sentries","floor":11,"turns":11},{"damage":5,"enemies":"Looter","floor":14,"turns":3},{"damage":50,"enemies":"Fading Forest","floor":16,"turns":11},{"damage":6,"enemies":"Shell Parasite","floor":18,"turns":15},{"damage":77,"enemies":"Chosen","floor":20,"turns":9}],"seed_played":"-9152978147047641857","potions_obtained":[{"floor":7,"key":"Block Potion"},{"floor":14,"key":"Block Potion"},{"floor":18,"key":"Regen Potion"}],"is_trial":false,"path_per_floor":["M","M","$","?","?","R","M","M","T","R","E","?","?","M","R","B",null,"M","?","M"],"character_chosen":"WATCHER","items_purchased":["Art of War"],"campfire_rested":0,"item_purchase_floors":[3],"current_hp_per_floor":[72,72,72,67,67,67,65,65,65,65,48,48,48,43,43,3,72,66,66,4,4],"gold":192,"neow_bonus":"HUNDRED_GOLD","is_daily":false,"chose_seed":false,"campfire_upgraded":2,"win_rate":0.0,"timestamp":1613391984,"path_taken":["M","M","$","?","?","R","?","M","T","R","E","?","?","M","R","BOSS","M","?","M"],"items_purchased_type":["Relic"],"build_version":"2020-12-22","purchased_purges":1,"victory":false,"max_hp_per_floor":[72,72,72,72,72,72,72,72,72,72,72,72,72,72,72,72,72,72,72,72,72],"card_choices":[{"not_picked":["FollowUp","Replay:ManipulateFuture","Sanctity"],"picked":"SKIP","floor":1},{"not_picked":["Collect","Fasting2"],"picked":"Study","floor":2},{"not_picked":["Meditate","FollowUp","FlurryOfBlows"],"picked":"SKIP","floor":7},{"not_picked":["CrushJoints","LikeWater","ThirdEye"],"picked":"SKIP","floor":8},{"not_picked":["Protect","ThirdEye"],"picked":"LessonLearned","floor":11},{"not_picked":["JustLucky","Replay:DivineShield","FlurryOfBlows"],"picked":"SKIP","floor":14},{"not_picked":["Scrawl","Omniscience"],"picked":"DevaForm","floor":16},{"not_picked":["Evaluate","ThirdEye","FlurryOfBlows"],"picked":"SKIP","floor":18}],"player_experience":505480,"relics_obtained":[{"floor":11,"key":"conspire:Flyswatter"}],"event_choices":[{"damage_healed":0,"gold_gain":0,"player_choice":"Upgraded","damage_taken":0,"max_hp_gain":0,"max_hp_loss":0,"event_name":"Upgrade Shrine","floor":5,"gold_loss":0,"cards_upgraded":["Study"]},{"damage_healed":0,"gold_gain":0,"player_choice":"Ignored","damage_taken":0,"max_hp_gain":0,"max_hp_loss":0,"event_name":"Shining Light","floor":12,"gold_loss":0},{"damage_healed":0,"gold_gain":0,"player_choice":"Grow","damage_taken":0,"max_hp_gain":0,"max_hp_loss":0,"event_name":"Living Wall","floor":13,"gold_loss":0,"cards_upgraded":["Vigilance"]},{"damage_healed":0,"gold_gain":0,"player_choice":"Ignored","damage_taken":0,"max_hp_gain":0,"max_hp_loss":0,"event_name":"Cursed Tome","floor":19,"gold_loss":0}],"is_beta":false,"boss_relics":[{"not_picked":["Kintsugi","SlaversCollar"],"picked":"Black Star"}],"items_purged_floors":[3],"is_endless":false,"potions_floor_spawned":[7,14,18],"killed_by":"Chosen","ascension_level":1}}