{"host":"3hzk4hwwdropes3d","time":1613421765,"event":{"mods":["BaseMod","Downfall","Hermit","Minty Spire (QoL Compilation)","StSLib"],"gold_per_floor":[111,131,54,54,74,74,104,104,129,157,174,191,191,191,191,287,287,302,314,325,0,12,38,38,38,38,38,71,71,84,109,109,208,258,268,317,667,682,782,808,474,502,502,502,127,127,127,146,146,146],"floor_reached":51,"language":"ENG","playtime":3188,"items_purged":["Strike_P","Writhe","Pain"],"score":976,"play_id":"f542f550-ae19-4969-abc2-c67b0d376509","local_time":"20210215124245","is_ascension_mode":true,"campfire_choices":[{"data":"Vault","floor":6,"key":"SMITH"},{"data":"CutThroughFate","floor":8,"key":"SMITH"},{"floor":13,"key":"REST"},{"data":"Adaptation","floor":15,"key":"SMITH"},{"floor":24,"key":"REST"},{"data":"Tantrum","floor":29,"key":"SMITH"},{"data":"EmptyFist","floor":32,"key":"SMITH"},{"data":"Meditate","floor":47,"key":"SMITH"},{"floor":49,"key":"REST"}],"circlet_count":0,"master_deck":["Strike_P","Strike_P","Strike_P","Defend_P+1","Defend_P+1","Defend_P","Eruption+1","Vigilance+1","FlurryOfBlows","ThirdEye","Adaptation+1","Vault+1","CutThroughFate+1","FlurryOfBlows","Tantrum+1","Blasphemy","EmptyFist+1","FlurryOfBlows","Protect+1","FearNoEvil","EmptyFist+1","DevaForm","Meditate+1","EmptyMind+1","Halt","Panache","Shame"],"relics":["PureWater","Lantern","Vajra","Singing Bowl","Black Star","Meat on the Bone","War Paint","Bag of Preparation","downfall:ExtraCursedKey","Juzu Bracelet","bronze:DecasWashers","Ice Cream","Shovel","Sundial","Tiny House","TungstenRod","Old Coin","hexamod:CandleOfCauterizing","HornCleat","Ancient Tea Set","Kunai","Bottled Lightning","Shuriken"],"acts_visited":["Exordium","TheCity","TheBeyond"],"potions_floor_usage":[11,18,20,31,33,35,36,42,46,50,50],"damage_taken":[{"damage":1,"enemies":"2 Louse","floor":1,"turns":2},{"damage":0,"enemies":"Cultist","floor":2,"turns":2},{"damage":0,"enemies":"Small Slimes","floor":5,"turns":1},{"damage":12,"enemies":"Gremlin Nob","floor":7,"turns":4},{"damage":33,"enemies":"Lagavulin","floor":10,"turns":4},{"damage":0,"enemies":"Looter","floor":11,"turns":2},{"damage":0,"enemies":"3 Louse","floor":12,"turns":2},{"damage":41,"enemies":"The Guardian","floor":16,"turns":10},{"damage":13,"enemies":"Shell Parasite","floor":18,"turns":2},{"damage":0,"enemies":"Spheric Guardian","floor":19,"turns":2},{"damage":24,"enemies":"Chosen and Byrds","floor":20,"turns":3},{"damage":0,"enemies":"Cultist and Chosen","floor":22,"turns":3},{"damage":26,"enemies":"Slavers","floor":23,"turns":4},{"damage":20,"enemies":"Gremlin Leader","floor":28,"turns":4},{"damage":3,"enemies":"Centurion and Healer","floor":30,"turns":2},{"damage":0,"enemies":"Book of Stabbing","floor":31,"turns":2},{"damage":16,"enemies":"Champ","floor":33,"turns":7},{"damage":0,"enemies":"Orb Walker","floor":35,"turns":1},{"damage":22,"enemies":"2 Orb Walkers","floor":36,"turns":3},{"damage":0,"enemies":"Mind Bloom Boss Battle","floor":37,"turns":4},{"damage":32,"enemies":"3 Shapes","floor":38,"turns":3},{"damage":13,"enemies":"Giant Head","floor":40,"turns":7},{"damage":0,"enemies":"Reptomancer","floor":42,"turns":3},{"damage":0,"enemies":"Jaw Worm Horde","floor":48,"turns":2},{"damage":74,"enemies":"Time Eater","floor":50,"turns":10}],"seed_played":"-75402531228336701","potions_obtained":[{"floor":10,"key":"DistilledChaos"},{"floor":16,"key":"Weak Potion"},{"floor":19,"key":"PowerPotion"},{"floor":28,"key":"Guardian:BlockOnCardUsePotion"},{"floor":31,"key":"ColorlessPotion"},{"floor":33,"key":"GamblersBrew"},{"floor":34,"key":"SneckoOil"},{"floor":36,"key":"Fruit Juice"},{"floor":42,"key":"SpeedPotion"},{"floor":46,"key":"Fruit Juice"},{"floor":46,"key":"LiquidBronze"},{"floor":46,"key":"SmokeBomb"}],"is_trial":false,"path_per_floor":["M","M","$","?","M","R","E","R","T","E","M","M","R","?","R","B",null,"M","M","M","$","M","E","R","?","T","?","E","R","M","E","R","B",null,"M","?","?","M","?","E","$","E","T","?","$","?","R","M","R","B",null],"character_chosen":"WATCHER","items_purchased":["Adaptation","Meat on the Bone","Halt","Panache","Shuriken"],"campfire_rested":3,"item_purchase_floors":[3,21,41,41,45],"current_hp_per_floor":[71,71,71,71,71,71,59,59,59,26,26,28,50,50,50,9,74,61,61,39,39,39,27,50,50,50,50,42,42,53,53,53,49,85,85,70,70,52,52,53,53,55,55,55,55,60,60,62,93,31],"gold":146,"neow_bonus":"UPGRADE_CARD","is_daily":false,"chose_seed":false,"campfire_upgraded":6,"win_rate":0.0,"timestamp":1613421765,"path_taken":["M","M","$","?","?","R","E","R","T","E","M","M","R","?","R","BOSS","M","?","M","$","M","E","R","?","T","?","E","R","M","E","R","BOSS","M","?","?","M","?","E","$","E","T","?","$","?","R","M","R","BOSS"],"items_purchased_type":["Card","Relic","Card","Card","Relic"],"build_version":"2020-12-22","purchased_purges":3,"victory":true,"max_hp_per_floor":[72,72,72,72,72,72,72,72,72,72,72,74,74,74,74,74,74,74,74,76,76,76,78,78,78,78,78,78,78,80,80,80,80,85,85,92,92,94,94,96,96,98,98,98,98,103,103,105,105,105],"card_choices":[{"not_picked":["Halt","WindmillStrike"],"picked":"FlurryOfBlows","floor":1},{"not_picked":["Prostrate","Halt"],"picked":"ThirdEye","floor":2},{"not_picked":["InnerPeace","ThirdEye"],"picked":"Vault","floor":5},{"not_picked":["MasterReality","ThirdEye"],"picked":"CutThroughFate","floor":7},{"not_picked":["BattleHymn","CutThroughFate"],"picked":"FlurryOfBlows","floor":10},{"not_picked":["JustLucky","Halt"],"picked":"Tantrum","floor":11},{"not_picked":["JustLucky","Evaluate","CarveReality"],"picked":"Singing Bowl","floor":12},{"not_picked":["DeusExMachina","MasterReality"],"picked":"Blasphemy","floor":16},{"not_picked":["Wireheading","EmptyBody"],"picked":"EmptyFist+1","floor":18},{"not_picked":["Adaptation","ClearTheMind"],"picked":"FlurryOfBlows","floor":19},{"not_picked":["EmptyBody","Prostrate+1","Swivel"],"picked":"Singing Bowl","floor":20},{"not_picked":["Perseverance","Prostrate"],"picked":"Protect+1","floor":22},{"not_picked":["Swivel","JustLucky","Crescendo"],"picked":"Singing Bowl","floor":23},{"not_picked":["FlyingSleeves","SandsOfTime"],"picked":"FearNoEvil","floor":28},{"not_picked":["Sanctity+1","ReachHeaven","BowlingBash"],"picked":"Singing Bowl","floor":30},{"not_picked":["FlurryOfBlows","Evaluate"],"picked":"EmptyFist","floor":31},{"not_picked":["DeusExMachina","LessonLearned"],"picked":"DevaForm","floor":33},{"not_picked":["Sanctity","Evaluate+1"],"picked":"Meditate","floor":34},{"not_picked":["ThirdEye","EmptyBody+1"],"picked":"EmptyMind+1","floor":35},{"not_picked":["FlyingSleeves+1","CrushJoints","WheelKick+1"],"picked":"Singing Bowl","floor":36},{"not_picked":["Swivel","Consecrate"],"picked":"FearNoEvil","floor":37},{"not_picked":["Halt","Crescendo+1","ReachHeaven"],"picked":"Singing Bowl","floor":38},{"not_picked":["Conclude","FlyingSleeves+1","BattleHymn+1"],"picked":"Singing Bowl","floor":40},{"not_picked":["JustLucky","EmptyBody+1","Pray+1"],"picked":"Singing Bowl","floor":42},{"not_picked":["CrushJoints","JustLucky","CarveReality"],"picked":"Singing Bowl","floor":48}],"player_experience":413347,"relics_obtained":[{"floor":7,"key":"Lantern"},{"floor":9,"key":"Vajra"},{"floor":10,"key":"Singing Bowl"},{"floor":23,"key":"War Paint"},{"floor":23,"key":"Bag of Preparation"},{"floor":26,"key":"Juzu Bracelet"},{"floor":28,"key":"bronze:DecasWashers"},{"floor":28,"key":"Ice Cream"},{"floor":31,"key":"Shovel"},{"floor":31,"key":"Sundial"},{"floor":36,"key":"TungstenRod"},{"floor":37,"key":"Old Coin"},{"floor":40,"key":"hexamod:CandleOfCauterizing"},{"floor":40,"key":"HornCleat"},{"floor":42,"key":"Ancient Tea Set"},{"floor":42,"key":"Kunai"},{"floor":43,"key":"Bottled Lightning"}],"event_choices":[{"cards_removed":["Defend_P"],"damage_healed":0,"gold_gain":0,"player_choice":"Offered Basic","damage_taken":0,"max_hp_gain":0,"max_hp_loss":0,"event_name":"Bonfire Elementals","floor":4,"gold_loss":0},{"damage_healed":0,"gold_gain":0,"player_choice":"Bought 0 Potions","damage_taken":0,"max_hp_gain":0,"max_hp_loss":0,"event_name":"The Woman in Blue","floor":14,"gold_loss":0},{"cards_removed":["Doubt"],"damage_healed":0,"gold_gain":0,"player_choice":"Elegance","damage_taken":0,"max_hp_gain":0,"max_hp_loss":0,"event_name":"Back to Basics","floor":27,"gold_loss":0},{"damage_healed":0,"gold_gain":0,"player_choice":"Fight","damage_taken":0,"max_hp_gain":0,"max_hp_loss":0,"event_name":"Mysterious Sphere","floor":36,"gold_loss":0},{"damage_healed":0,"gold_gain":0,"player_choice":"Fight","damage_taken":0,"max_hp_gain":0,"max_hp_loss":0,"event_name":"MindBloom","floor":37,"gold_loss":0},{"damage_healed":0,"gold_gain":100,"player_choice":"Pray","damage_taken":0,"max_hp_gain":0,"max_hp_loss":0,"event_name":"Golden Shrine","floor":39,"gold_loss":0},{"cards_removed":["FearNoEvil"],"damage_healed":0,"gold_gain":0,"player_choice":"Removed Attack","damage_taken":0,"max_hp_gain":0,"max_hp_loss":0,"event_name":"Falling","floor":44,"gold_loss":0},{"damage_healed":0,"gold_gain":0,"player_choice":"Got Potions","damage_taken":0,"max_hp_gain":0,"max_hp_loss":0,"event_name":"Lab","floor":46,"gold_loss":0}],"is_beta":false,"boss_relics":[{"not_picked":["Coffee Dripper","Snecko Eye"],"picked":"Black Star"},{"not_picked":["Velvet Choker","Busted Crown"],"picked":"Tiny House"}],"items_purged_floors":[21,41,45],"is_endless":false,"potions_floor_spawned":[10,16,19,28,31,33,36,42],"ascension_level":2}}