{"host":"b0hh64pqctf46s8m","time":1613430631,"event":{"mods":["100% Spire Juice","Act Like it!","Aspiration","BaseMod","Bestiary","Better Third Choice","CCEM2","CapriCore","ChefMod","Conspire","Curses Come First","Displayed Cursed Tome","Dota2Spire","Downfall","Ekko","Elementarium","Evolution","Fireblade Mod","Fox Events","Halation","Hallownest","Hermit","Hubris","Infinite Spire","Jess\u0027s Bottle","JesterMod","Jorbs\u0027s Wanderer Trilogy","Koishi","Kratos Character Expansion","Lobotomy","Luminous","Mari Mod (Legacy)","Mari\u0027s V1 Patch","Menagerie","Mimic Mod","Minty Spire (QoL Compilation)","Pale of the Ancients","Permanent Neow","Pikachu Mod","QueenMod","Random Character Button","Relic Sorter","Relic Stats","Reliquary","Replay The Spire","Robot Space Explorer","Shade Mod","Spire Arcade","StSLib","The Blue Laboratory","The Bug Knight","The Dragon Tamer","The Hayseed","The Immortal","TheSurvivalist","TheSwordswoman","TheVacant","TheWitcher","Treasure Hunter","UnlockEverythingMod","Wandering Minibosses","??????REMEMod"],"gold_per_floor":[114,114,114,128,27,53,53,81,81,81,93,93,7,22,22,25,25,45,45,68,91,81,95,95,95,95,95,95,126,6,24,24,147,147,321,321],"floor_reached":35,"language":"ENG","playtime":1752,"items_purged":["Moonworks:Strike"],"score":435,"play_id":"cf6c2aa8-61d8-4a9f-96fb-9a363775aa23","local_time":"20210215151031","is_ascension_mode":false,"campfire_choices":[{"data":"Moonworks:LongDistanceShot","floor":7,"key":"SMITH"},{"data":"Moonworks:Ambush","floor":10,"key":"SMITH"},{"data":"Moonworks:IndiscriminateFireSupport","floor":15,"key":"SMITH"},{"data":"Moonworks:SakisCookie","floor":24,"key":"SMITH"},{"data":"Moonworks:FullSpeedAlicianrone","floor":28,"key":"SMITH"},{"data":"Moonworks:BackdoorTrade","floor":30,"key":"SMITH"},{"data":"Moonworks:ImOnFire","floor":32,"key":"SMITH"}],"circlet_count":0,"master_deck":["Moonworks:Defend","Moonworks:Defend","Moonworks:Defend","Moonworks:Defend","Moonworks:Ambush+1","Moonworks:LongDistanceShot+1","Moonworks:ImOnFire+1","MHz","Moonworks:SakisCookie","Moonworks:FullSpeedAlicianrone+1","Moonworks:WindyEnchantment","UniverseFragment","Moonworks:BackdoorTrade+1","Moonworks:IndiscriminateFireSupport+1","Moonworks:SakisCookie+1","Moonworks:ShieldCounter","Moonworks:SubspaceTunnel+1","Moonworks:LuckyCharm+1","Moonworks:ShieldCounter+1","Moonworks:ShieldCounter+1","Elementarium:GildedEssence","Moonworks:AngelHand+1","Moonworks:Wanted"],"relics":["Moonworks:BrokenBomb","Moonworks:Homemark","REME_ComplimentaryCards","EVO:Axolotl","CogitoBucket","hubris:Towel","Bronze Scales","Kunai","SnafuTest:CatRelic","SkinProphecy","Golden Idol","Astrolabe","BehaviorAdjustment","reliquary:OuijaBoard","conspire:SpecialSausage","Pantograph","aspiration:FrozenJewel","Elementarium:ElementariumTrophy","SlaversCollar"],"acts_visited":["Menagerie:Menagerie","Elementarium:Elementarium","TheBeyond"],"potions_floor_usage":[6,11,16,33],"damage_taken":[{"damage":0,"enemies":"Menagerie:StygianBoar","floor":1,"turns":4},{"damage":0,"enemies":"Menagerie:2_RABBITS","floor":4,"turns":4},{"damage":5,"enemies":"Menagerie:WhisperingWraith","floor":5,"turns":4},{"damage":6,"enemies":"Menagerie:MaskedSummoner","floor":6,"turns":9},{"damage":9,"enemies":"Menagerie:Hydra","floor":8,"turns":4},{"damage":15,"enemies":"Menagerie:3_RABBITS","floor":11,"turns":4},{"damage":0,"enemies":"Menagerie:STYGIAN_BOAR_AND_RABBIT","floor":14,"turns":2},{"damage":20,"enemies":"Menagerie:Suneater","floor":16,"turns":8},{"damage":0,"enemies":"Elementarium:2_ELEMENTALS","floor":18,"turns":1},{"damage":0,"enemies":"Elementarium:VoidCorruption","floor":20,"turns":2},{"damage":26,"enemies":"Elementarium:Hydrostalker","floor":21,"turns":6},{"damage":0,"enemies":"Elementarium:RubyGolem","floor":23,"turns":2},{"damage":0,"enemies":"Elementarium:ElementalPortal","floor":29,"turns":3},{"damage":0,"enemies":"Elementarium:3_ELEMENTALS","floor":31,"turns":2},{"damage":16,"enemies":"Elementarium:PHOENIXES","floor":33,"turns":6},{"damage":78,"enemies":"3 Darklings","floor":35,"turns":16}],"seed_played":"-7541800641722762183","potions_obtained":[{"floor":1,"key":"ColorlessPotion"},{"floor":6,"key":"Strength Potion"},{"floor":8,"key":"GamblersBrew"},{"floor":16,"key":"Death Potion"},{"floor":20,"key":"Languid Potion"},{"floor":23,"key":"SpeedPotion"},{"floor":29,"key":"blueLaboratory:ExaltedPotion"}],"is_trial":false,"path_per_floor":["M","?","?","M","M","E","R","E","T","R","M","?","$","M","R","B",null,"M","?","M","M","?","M","R","AVR","T","?","R","E","R","M","R","B",null,"M"],"character_chosen":"THE_STARBREAKER","items_purchased":["Moonworks:BackdoorTrade","Moonworks:IndiscriminateFireSupport"],"campfire_rested":0,"item_purchase_floors":[13,13],"current_hp_per_floor":[60,60,60,60,55,49,49,42,42,42,27,27,27,23,23,3,60,56,62,60,26,26,24,24,24,24,24,24,26,26,28,28,41,76,0,0],"gold":321,"neow_bonus":"","is_daily":false,"chose_seed":false,"campfire_upgraded":7,"win_rate":0.0,"timestamp":1613430631,"path_taken":["M","?","?","M","M","E","R","E","T","R","?","?","$","M","R","BOSS","M","?","M","?","?","M","R","AVR","T","?","R","E","R","M","R","BOSS","M"],"items_purchased_type":["Card","Card"],"build_version":"2020-12-22","purchased_purges":1,"victory":false,"max_hp_per_floor":[60,60,60,60,60,60,60,60,60,60,60,56,56,58,58,60,60,62,62,64,68,68,70,70,70,70,70,70,72,72,74,74,76,76,80,80],"relic_stats":{"counters":[19,80],"Golden Idol":80,"Bronze Scales":[279],"Astrolabe":["Moonworks:SubspaceTunnel","Moonworks:LuckyCharm","Moonworks:ShieldCounter"],"Pantograph":25,"Kunai":[14],"obtain_stats":[{"reliquary:OuijaBoard":25,"Golden Idol":12,"Astrolabe":17,"conspire:SpecialSausage":25,"EVO:Axolotl":0,"hubris:Towel":2,"SkinProphecy":11,"aspiration:FrozenJewel":29,"SnafuTest:CatRelic":9,"SlaversCollar":34,"CogitoBucket":0,"Elementarium:ElementariumTrophy":33,"Moonworks:Homemark":0,"Bronze Scales":6,"Pantograph":26,"BehaviorAdjustment":21,"Kunai":8,"Moonworks:BrokenBomb":0,"REME_ComplimentaryCards":0},{"reliquary:OuijaBoard":14,"Golden Idol":7,"Astrolabe":9,"conspire:SpecialSausage":14,"EVO:Axolotl":0,"hubris:Towel":1,"SkinProphecy":7,"aspiration:FrozenJewel":15,"SnafuTest:CatRelic":5,"SlaversCollar":17,"CogitoBucket":0,"Elementarium:ElementariumTrophy":17,"Moonworks:Homemark":0,"Bronze Scales":4,"Pantograph":14,"BehaviorAdjustment":13,"Kunai":5,"Moonworks:BrokenBomb":0,"REME_ComplimentaryCards":0},{"reliquary:OuijaBoard":52,"Golden Idol":30,"Astrolabe":40,"conspire:SpecialSausage":52,"EVO:Axolotl":0,"hubris:Towel":4,"SkinProphecy":30,"aspiration:FrozenJewel":55,"SnafuTest:CatRelic":25,"SlaversCollar":63,"CogitoBucket":0,"Elementarium:ElementariumTrophy":63,"Moonworks:Homemark":0,"Bronze Scales":21,"Pantograph":52,"BehaviorAdjustment":50,"Kunai":25,"Moonworks:BrokenBomb":0,"REME_ComplimentaryCards":0}]},"card_choices":[{"not_picked":["Moonworks:LuckyCharm","Moonworks:MiracleWalker"],"picked":"Moonworks:ImOnFire","floor":1},{"not_picked":["FieryBird","Murderer"],"picked":"MHz","floor":4},{"not_picked":["Moonworks:BeyondHell","Moonworks:FinalSurgery","Moonworks:TreasureThief"],"picked":"SKIP","floor":4},{"not_picked":["Moonworks:BigMagnum","Moonworks:ScrambledEve"],"picked":"Moonworks:SakisCookie","floor":5},{"not_picked":["Moonworks:IntelligenceOfficer","Moonworks:Flamethrower"],"picked":"Moonworks:FullSpeedAlicianrone","floor":6},{"not_picked":["TH:EnergyPotion","TH:ArmorSpikes"],"picked":"SKIP","floor":6},{"not_picked":["TH:EnergyPotion","TH:ArmorSpikes"],"picked":"SKIP","floor":6},{"not_picked":["Moonworks:ImOnFire","Moonworks:TreasureThief"],"picked":"Moonworks:WindyEnchantment","floor":8},{"not_picked":["BeautyBeast","CrumblingArmor"],"picked":"UniverseFragment","floor":8},{"not_picked":["TH:TreasureMap","TH:Mimic"],"picked":"SKIP","floor":8},{"not_picked":["TH:BikiniMail","TH:EnergyPotion"],"picked":"SKIP","floor":9},{"not_picked":["Moonworks:IndiscriminateFireSupport","Moonworks:CloudOfSeagulls","Moonworks:DeployBits"],"picked":"SKIP","floor":11},{"not_picked":["Moonworks:CompletionReward","Moonworks:NicePresent","Moonworks:IndiscriminateFireSupport"],"picked":"SKIP","floor":14},{"not_picked":["Moonworks:RocketCannon","Moonworks:SubspaceTunnel"],"picked":"Moonworks:ShieldCounter","floor":16},{"not_picked":["Moonworks:ImOnFire","Moonworks:SakisCookie","Moonworks:MixPhenomenon"],"picked":"SKIP","floor":18},{"not_picked":["Moonworks:IndiscriminateFireSupport","Moonworks:CloudOfSeagulls"],"picked":"Moonworks:ShieldCounter","floor":20},{"not_picked":["Moonworks:WindyEnchantment","Moonworks:BackdoorTrade","Moonworks:CloudOfSeagulls"],"picked":"SKIP","floor":21},{"not_picked":["Moonworks:CloudOfSeagulls","Moonworks:DeployBits"],"picked":"Moonworks:AngelHand+1","floor":23},{"not_picked":["TH:PixieDust","TH:CopperCoins"],"picked":"SKIP","floor":26},{"not_picked":["TH:BikiniMail","TH:TreasureMap"],"picked":"SKIP","floor":29},{"not_picked":["Moonworks:IndiscriminateFireSupport+1","Moonworks:ImOnFire+1","Moonworks:Heat300Percent+1"],"picked":"SKIP","floor":29},{"not_picked":["Moonworks:DeployBits+1","Moonworks:SelfDestruct+1","Moonworks:EvilSpyWorkPreparation"],"picked":"SKIP","floor":31},{"not_picked":["Moonworks:LeapThroughSpace","Moonworks:StarBlastingFuse"],"picked":"Moonworks:Wanted","floor":33}],"player_experience":1583468,"relics_obtained":[{"floor":6,"key":"Bronze Scales"},{"floor":8,"key":"Kunai"},{"floor":9,"key":"SnafuTest:CatRelic"},{"floor":26,"key":"Pantograph"},{"floor":29,"key":"aspiration:FrozenJewel"}],"event_choices":[{"damage_healed":0,"gold_gain":0,"player_choice":"Lose Max HP","damage_taken":0,"relics_obtained":["Golden Idol"],"max_hp_gain":0,"max_hp_loss":4,"event_name":"Golden Idol","floor":12,"gold_loss":0},{"damage_healed":0,"gold_gain":0,"player_choice":"Toss","damage_taken":0,"max_hp_gain":0,"max_hp_loss":0,"event_name":"Elementarium:OnrushingOffering","floor":22,"gold_loss":10,"cards_obtained":["Elementarium:GildedEssence"]},{"damage_healed":0,"gold_gain":0,"player_choice":"Pray","damage_taken":0,"max_hp_gain":0,"max_hp_loss":0,"event_name":"Elementarium:VoidShrine","floor":27,"gold_loss":0,"cards_upgraded":["Moonworks:ShieldCounter"]}],"is_beta":false,"boss_relics":[{"not_picked":["halation:LoveArrow","ReplayTheSpireMod:SealedPack"],"picked":"Astrolabe"},{"not_picked":["aspiration:RitualDagger","Kintsugi"],"picked":"SlaversCollar"}],"items_purged_floors":[25],"is_endless":false,"potions_floor_spawned":[1,6,8,16,20,23,29,31],"killed_by":"3 Darklings","ascension_level":0}}