{"host":"xg4r5pv6chpuampg","time":1613399142,"event":{"mods":["AchievementEnabler","BaseMod","Googly Eyes","Minty Spire (QoL Compilation)","StSLib","Together in Spire"],"gold_per_floor":[117,192,192,70,20,20,32,51,51,83,103,103,103,117,117,117,117],"floor_reached":16,"language":"ENG","playtime":331,"items_purged":[],"score":100,"play_id":"e482eda6-12c5-4c0e-b1dc-be6b159a7662","local_time":"20210215172542","is_ascension_mode":false,"campfire_choices":[{"data":"Evaluate","floor":6,"key":"SMITH"},{"data":"DevaForm","floor":13,"key":"SMITH"},{"floor":15,"key":"REST"}],"circlet_count":0,"master_deck":["Strike_P","Strike_P","Strike_P","Strike_P","Defend_P","Defend_P","Defend_P","Defend_P","Eruption","Vigilance","SignatureMove+1","Evaluate+1","MentalFortress","PathToVictory","FlurryOfBlows","DevaForm+1","Tantrum","SignatureMove"],"relics":["PureWater","Tiny Chest","PreservedInsect"],"acts_visited":["Exordium"],"potions_floor_usage":[16],"damage_taken":[{"damage":0,"enemies":"Small Slimes","floor":1,"turns":2},{"damage":0,"enemies":"2 Louse","floor":7,"turns":3},{"damage":0,"enemies":"Jaw Worm","floor":8,"turns":1},{"damage":14,"enemies":"Gremlin Nob","floor":10,"turns":3},{"damage":1,"enemies":"2 Fungi Beasts","floor":11,"turns":3},{"damage":46,"enemies":"Gremlin Gang","floor":14,"turns":4},{"damage":41,"enemies":"The Guardian","floor":16,"turns":3}],"seed_played":"2521678990463175920","potions_obtained":[{"floor":1,"key":"FearPotion"},{"floor":8,"key":"FearPotion"}],"is_trial":false,"path_per_floor":["M","?","?","$","?","R","M","M","T","E","M","T","R","M","R","B"],"character_chosen":"WATCHER","items_purchased":["Evaluate","MentalFortress"],"campfire_rested":1,"item_purchase_floors":[4,4],"current_hp_per_floor":[86,75,75,75,75,75,75,75,75,61,60,60,60,14,39,0,0],"gold":117,"neow_bonus":"TWENTY_PERCENT_HP_BONUS","is_daily":false,"chose_seed":false,"campfire_upgraded":2,"win_rate":0.0,"timestamp":1613399142,"path_taken":["M","?","?","$","?","R","M","M","T","E","M","?","R","M","R","BOSS"],"items_purchased_type":["Card","Card"],"build_version":"2020-12-22","purchased_purges":0,"victory":false,"max_hp_per_floor":[86,86,86,86,86,86,86,86,86,86,86,86,86,86,86,86,86],"card_choices":[{"not_picked":["ThirdEye","FollowUp"],"picked":"SignatureMove","floor":1},{"not_picked":["Consecrate","BowlingBash"],"picked":"PathToVictory","floor":7},{"not_picked":["Worship","ReachHeaven"],"picked":"FlurryOfBlows","floor":8},{"not_picked":["SashWhip","EmptyBody"],"picked":"DevaForm","floor":10},{"not_picked":["Evaluate","CarveReality"],"picked":"Tantrum","floor":11},{"not_picked":["CutThroughFate","Perseverance"],"picked":"SignatureMove","floor":14}],"player_experience":130640,"relics_obtained":[{"floor":10,"key":"Tiny Chest"},{"floor":12,"key":"PreservedInsect"}],"event_choices":[{"damage_healed":0,"gold_gain":75,"player_choice":"Gather Gold","damage_taken":11,"max_hp_gain":0,"max_hp_loss":0,"event_name":"World of Goop","floor":2,"gold_loss":0},{"damage_healed":0,"gold_gain":0,"player_choice":"Grow","damage_taken":0,"max_hp_gain":0,"max_hp_loss":0,"event_name":"Living Wall","floor":3,"gold_loss":0,"cards_upgraded":["SignatureMove"]},{"cards_removed":["Injury"],"damage_healed":0,"gold_gain":0,"player_choice":"Card Removal","damage_taken":0,"max_hp_gain":0,"max_hp_loss":0,"event_name":"The Cleric","floor":5,"gold_loss":50}],"is_beta":false,"boss_relics":[],"items_purged_floors":[],"is_endless":false,"potions_floor_spawned":[1,8],"killed_by":"The Guardian","ascension_level":0}}