{"host":"x3w62xe80tjracsv","time":1613406593,"event":{"mods":["Act Like it!","BaseMod","CapriCore","Friendly Minions","Gensokyo","GifTheSpireLib","Koishi","Minty Spire (QoL Compilation)","RumiaBox-露米娅的神秘盒子","Shop Mod","StSLib","The Jungle","The Servant 0.9.4","Waifu the Spire","[IsaacMod]以撒尖塔"],"gold_per_floor":[109,109,121,191,202,202,232,232,281,281,295,295,36,51,51,51,51],"floor_reached":16,"language":"ZHS","playtime":407,"items_purged":["Strike_G"],"score":231,"play_id":"fd323833-99b4-461a-af4d-69cbf540b0fc","local_time":"20210216002953","is_ascension_mode":true,"campfire_choices":[{"data":"Cloak And Dagger","floor":6.0,"key":"SMITH"},{"floor":15,"key":"REST"}],"circlet_count":0,"master_deck":["AscendersBane","Strike_G","Strike_G","Strike_G+1","Strike_G+1","Defend_G","Defend_G","Defend_G","Defend_G","Defend_G","Survivor","Neutralize","Blur","Cloak And Dagger+1","Blade Dance+1","PiercingWail","Infinite Blades","Blade Dance"],"relics":["Ring of the Snake","HushsDoor","SatanicBible","NeowsBlessing","Whetstone","Golden Idol","Smiling Mask","HowToJump"],"acts_visited":["Exordium"],"potions_floor_usage":[14,14],"damage_taken":[{"damage":0.0,"enemies":"Cultist","floor":1.0,"turns":1.0},{"damage":0.0,"enemies":"Jaw Worm","floor":3.0,"turns":1.0},{"damage":0.0,"enemies":"2 Louse","floor":5.0,"turns":1.0},{"damage":0.0,"enemies":"3 Sentries","floor":7.0,"turns":2.0},{"damage":0,"enemies":"Red Slaver","floor":11,"turns":4},{"damage":0,"enemies":"Looter","floor":14,"turns":2},{"damage":52,"enemies":"Hexaghost","floor":16,"turns":14}],"seed_played":"8429643454749763090","potions_obtained":[{"floor":3.0,"key":"Swift Potion"},{"floor":5.0,"key":"SteroidPotion"},{"floor":14,"key":"Fruit Juice"}],"is_trial":false,"path_per_floor":["M","$","M","?","M","R","E","?","T","?","M","?","$","M","R","B"],"character_chosen":"THE_SILENT","items_purchased":["Infinite Blades","HowToJump"],"campfire_rested":1,"item_purchase_floors":[13,13],"current_hp_per_floor":[59,59,59,44,44,44,44,21,21,21,21,21,21,26,47,0,0],"gold":51,"neow_bonus":"THREE_ENEMY_KILL","is_daily":false,"chose_seed":false,"campfire_upgraded":1,"win_rate":0.0,"timestamp":1613406593,"path_taken":["M","$","?","?","M","R","E","?","T","?","?","?","$","M","R","BOSS"],"items_purchased_type":["Card","Relic"],"build_version":"2020-12-22","purchased_purges":1,"victory":false,"max_hp_per_floor":[66,66,66,66,66,66,66,66,66,66,66,66,66,71,71,71,71],"card_choices":[{"not_picked":[],"picked":"ChaosCard","floor":0.0},{"not_picked":["All Out Attack","Endless Agony"],"picked":"Blur","floor":1.0},{"not_picked":["Deflect","Acrobatics"],"picked":"Cloak And Dagger","floor":3.0},{"not_picked":["Distraction","Choke"],"picked":"Blade Dance","floor":5.0},{"not_picked":["Storm of Steel","Flying Knee"],"picked":"PiercingWail","floor":7.0},{"not_picked":["Dagger Throw","Prepared","Bane"],"picked":"SKIP","floor":11},{"not_picked":["Skewer","Flying Knee"],"picked":"Blade Dance","floor":14}],"player_experience":208566,"relics_obtained":[{"floor":7.0,"key":"Whetstone"},{"floor":9.0,"key":"Smiling Mask"}],"event_choices":[{"damage_healed":0.0,"max_hp_gain":0.0,"max_hp_loss":0.0,"gold_gain":0.0,"event_name":"Golden Idol","player_choice":"Take Damage","floor":8.0,"gold_loss":0.0,"damage_taken":23.0,"relics_obtained":["Golden Idol"]},{"damage_healed":0.0,"max_hp_gain":0.0,"max_hp_loss":0.0,"gold_gain":0.0,"event_name":"Shining Light","player_choice":"Ignored","floor":10.0,"gold_loss":0.0,"damage_taken":0.0},{"damage_healed":0,"gold_gain":0,"player_choice":"Grow","damage_taken":0,"max_hp_gain":0,"max_hp_loss":0,"event_name":"Living Wall","floor":12,"gold_loss":0,"cards_upgraded":["Blade Dance"]}],"is_beta":false,"boss_relics":[],"items_purged_floors":[13],"is_endless":false,"potions_floor_spawned":[3,5,14],"killed_by":"Hexaghost","ascension_level":17}}