{"host":"pj7egx7jkoz18hom","time":1613399584,"event":{"mods":["AchievementEnabler","BaseMod","Keyboard Shortcuts","Minty Spire (QoL Compilation)","SuperFastMode"],"gold_per_floor":[119,134,134,150,8,43,57,57,83,83,116,116,129,140,140,140,140],"floor_reached":16,"language":"KOR","playtime":611,"items_purged":["Strike_G"],"score":123,"play_id":"f952dfcb-3197-4981-991c-7d723a7efabb","local_time":"20210215233304","is_ascension_mode":true,"campfire_choices":[{"floor":8,"key":"REST"},{"data":"Catalyst","floor":12,"key":"SMITH"},{"data":"Distraction","floor":15,"key":"SMITH"}],"circlet_count":0,"master_deck":["Strike_G","Strike_G","Strike_G","Strike_G","Defend_G+1","Defend_G","Defend_G","Defend_G","Survivor+1","Neutralize","All Out Attack","Bouncing Flask","Dagger Spray","Noxious Fumes","Distraction+1","Catalyst+1","Prepared","Deflect"],"relics":["Ring of the Snake","Anchor","War Paint","Blood Vial","Omamori","Strawberry"],"acts_visited":["Exordium"],"potions_floor_usage":[6,11,16,16],"damage_taken":[{"damage":0,"enemies":"Jaw Worm","floor":1,"turns":3},{"damage":0,"enemies":"Small Slimes","floor":2,"turns":3},{"damage":0,"enemies":"Cultist","floor":4,"turns":3},{"damage":15,"enemies":"Lagavulin","floor":6,"turns":5},{"damage":5,"enemies":"Red Slaver","floor":7,"turns":4},{"damage":18,"enemies":"Gremlin Nob","floor":11,"turns":4},{"damage":0,"enemies":"2 Fungi Beasts","floor":13,"turns":2},{"damage":1,"enemies":"Looter","floor":14,"turns":2},{"damage":60,"enemies":"Slime Boss","floor":16,"turns":9}],"seed_played":"2681049628758640005","potions_obtained":[{"floor":1,"key":"Dexterity Potion"},{"floor":2,"key":"BlessingOfTheForge"},{"floor":7,"key":"SpeedPotion"},{"floor":13,"key":"SkillPotion"}],"is_trial":false,"path_per_floor":["M","M","?","M","$","E","M","R","T","?","E","R","M","M","R","B"],"character_chosen":"THE_SILENT","items_purchased":["Noxious Fumes"],"campfire_rested":1,"item_purchase_floors":[5],"current_hp_per_floor":[70,70,52,52,52,37,34,55,55,55,46,46,48,49,49,0,0],"gold":140,"neow_bonus":"RANDOM_COMMON_RELIC","is_daily":false,"chose_seed":false,"campfire_upgraded":2,"win_rate":0.0,"timestamp":1613399584,"path_taken":["M","M","?","M","$","E","M","R","T","?","E","R","M","M","R","BOSS"],"items_purchased_type":["Card"],"build_version":"2020-12-22","purchased_purges":1,"victory":false,"max_hp_per_floor":[70,70,70,70,70,70,70,70,70,70,77,77,77,77,77,77,77],"card_choices":[{"not_picked":["Finisher","Blade Dance"],"picked":"All Out Attack","floor":1},{"not_picked":["Bane","Accuracy"],"picked":"Bouncing Flask","floor":2},{"not_picked":["Choke","Cloak And Dagger"],"picked":"Dagger Spray","floor":4},{"not_picked":["Acrobatics","Sucker Punch"],"picked":"Distraction","floor":6},{"not_picked":["Outmaneuver","Slice"],"picked":"Catalyst","floor":7},{"not_picked":["Blade Dance","After Image","Prepared"],"picked":"SKIP","floor":11},{"not_picked":["Flying Knee","Infinite Blades"],"picked":"Deflect","floor":13},{"not_picked":["Quick Slash","Acrobatics","Dodge and Roll"],"picked":"SKIP","floor":14}],"player_experience":80506,"relics_obtained":[{"floor":6,"key":"Blood Vial"},{"floor":9,"key":"Omamori"},{"floor":11,"key":"Strawberry"}],"event_choices":[{"damage_healed":0,"gold_gain":0,"player_choice":"Success","damage_taken":18,"relics_obtained":["War Paint"],"max_hp_gain":0,"max_hp_loss":0,"event_name":"Scrap Ooze","floor":3,"gold_loss":0},{"damage_healed":0,"gold_gain":0,"cards_transformed":["Defend_G"],"player_choice":"Change","damage_taken":0,"max_hp_gain":0,"max_hp_loss":0,"event_name":"Living Wall","floor":10,"gold_loss":0,"cards_obtained":["Prepared"]}],"is_beta":false,"boss_relics":[],"items_purged_floors":[5],"is_endless":false,"potions_floor_spawned":[1,2,7,13],"killed_by":"Slime Boss","ascension_level":2}}