{"host":"5jdby9iqu3ct6557","time":1613433572,"event":{"mods":["BaseMod","DeckTracker","Highlight Path","Minty Spire (QoL Compilation)","Relic Stats","StSLib","ojb\u0027s Info Mod"],"gold_per_floor":[16,31,31,31,43,43,78,78,78,103,117,117,132,163,163,163,163],"floor_reached":16,"language":"ENG","playtime":5835,"items_purged":[],"score":240,"play_id":"d8cb94e5-30df-42d7-b29c-ab4682ebf86e","local_time":"20210215185932","is_ascension_mode":true,"campfire_choices":[{"data":"Hemokinesis","floor":6.0,"key":"SMITH"},{"data":"Bash","floor":8.0,"key":"SMITH"},{"floor":12.0,"key":"REST"},{"data":"Disarm","floor":15,"key":"SMITH"}],"circlet_count":0,"master_deck":["AscendersBane","Strike_R","Strike_R","Strike_R","Strike_R","Strike_R","Defend_R","Defend_R","Defend_R","Defend_R","Bash+1","Blood for Blood+1","Flame Barrier","Hemokinesis+1","Disarm+1","Dual Wield","Spot Weakness","Impervious"],"relics":["Burning Blood","Ginger","Dead Branch","Kunai","Omamori","Boot"],"acts_visited":["Exordium"],"potions_floor_usage":[14],"damage_taken":[{"damage":6.0,"enemies":"Cultist","floor":1.0,"turns":3.0},{"damage":1.0,"enemies":"Small Slimes","floor":2.0,"turns":4.0},{"damage":7.0,"enemies":"Jaw Worm","floor":5.0,"turns":4.0},{"damage":20.0,"enemies":"Lagavulin","floor":7.0,"turns":7.0},{"damage":17.0,"enemies":"Gremlin Nob","floor":10.0,"turns":4.0},{"damage":19.0,"enemies":"Large Slime","floor":11.0,"turns":5.0},{"damage":9.0,"enemies":"2 Fungi Beasts","floor":13.0,"turns":4.0},{"damage":19,"enemies":"3 Sentries","floor":14,"turns":6},{"damage":38,"enemies":"Hexaghost","floor":16,"turns":11}],"seed_played":"-4810015033597129766","potions_obtained":[{"floor":5.0,"key":"HeartOfIron"},{"floor":10.0,"key":"Energy Potion"},{"floor":11.0,"key":"PowerPotion"}],"is_trial":false,"path_per_floor":["M","M","?","?","M","R","E","R","T","E","M","R","M","E","R","B"],"character_chosen":"IRONCLAD","items_purchased":[],"campfire_rested":1,"item_purchase_floors":[],"current_hp_per_floor":[68,73,73,73,72,72,58,58,58,47,34,56,53,40,40,2,2],"gold":163,"neow_bonus":"ONE_RARE_RELIC","is_daily":false,"chose_seed":false,"campfire_upgraded":3,"win_rate":0.0,"timestamp":1613433572,"path_taken":["M","M","?","?","M","R","E","R","T","E","?","R","M","E","R","BOSS"],"items_purchased_type":[],"build_version":"2020-12-22","purchased_purges":0,"victory":false,"max_hp_per_floor":[75,75,75,75,75,75,75,75,75,75,75,75,75,75,75,75,75],"relic_stats":{"counters":[9,48],"Dead Branch":[20],"Ginger":[0],"Kunai":[2],"Boot":[0],"obtain_stats":[{"Dead Branch":7,"Omamori":10,"Ginger":0,"Kunai":9,"Boot":14,"Burning Blood":0},{"Dead Branch":4,"Omamori":5,"Ginger":0,"Kunai":4,"Boot":8,"Burning Blood":0},{"Dead Branch":18,"Omamori":22,"Ginger":0,"Kunai":18,"Boot":37,"Burning Blood":0}],"Burning Blood":48},"card_choices":[{"not_picked":["Flex","Sentinel"],"picked":"Blood for Blood","floor":1.0},{"not_picked":["Havoc","Infernal Blade"],"picked":"Flame Barrier","floor":2.0},{"not_picked":["Evolve","Searing Blow"],"picked":"Hemokinesis","floor":5.0},{"not_picked":["Whirlwind","True Grit"],"picked":"Disarm","floor":7.0},{"not_picked":["Inflame","Cleave"],"picked":"Dual Wield","floor":10.0},{"not_picked":["Body Slam","Rage","Headbutt"],"picked":"SKIP","floor":11.0},{"not_picked":["Searing Blow","Sentinel"],"picked":"Spot Weakness","floor":13.0},{"not_picked":["Power Through","Sword Boomerang"],"picked":"Impervious","floor":14}],"player_experience":2756050,"relics_obtained":[{"floor":7.0,"key":"Dead Branch"},{"floor":9.0,"key":"Kunai"},{"floor":10.0,"key":"Omamori"},{"floor":14,"key":"Boot"}],"event_choices":[{"damage_healed":0.0,"max_hp_gain":0.0,"max_hp_loss":0.0,"gold_gain":0.0,"event_name":"Living Wall","player_choice":"Grow","floor":3.0,"gold_loss":0.0,"damage_taken":0.0,"cards_upgraded":["Blood for Blood"]},{"damage_healed":0.0,"max_hp_gain":0.0,"max_hp_loss":0.0,"gold_gain":0.0,"event_name":"WeMeetAgain","player_choice":"Ignored","floor":4.0,"gold_loss":0.0,"damage_taken":0.0}],"is_beta":false,"boss_relics":[],"items_purged_floors":[],"is_endless":false,"potions_floor_spawned":[5,10,11,13],"killed_by":"Hexaghost","ascension_level":20}}