{"host":"am0cr9xwekqmrere","time":1613354145,"event":{"mods":["AchievementEnabler","Act Like it!","BaseMod","Better Altar","Better Match","Better Note","Better Sensory Stone","Better Skull","Better Third Choice","BetterRewards","Conspire","Downfall","Hubris","Infinite Spire","Minty Spire (QoL Compilation)","Rare Cards Sparkle","Spicy Shops","StSLib","Unceasing Turn Reminder"],"gold_per_floor":[99,115,129,9,25,53,101,101,1,1,27,12,12,12,29,132,132,132,132,147,247,347,347,347,347],"floor_reached":23,"language":"ENG","playtime":1094,"items_purged":[],"score":245,"play_id":"2f41b61e-f0c2-4182-8c2c-d375cbbebb98","local_time":"20210214195545","is_ascension_mode":false,"campfire_choices":[{"data":"hexamod:Float","floor":1.0,"key":"SMITH"},{"floor":9,"key":"REST"},{"floor":13,"key":"REST"},{"data":"hexamod:HexaLevel","floor":18,"key":"SMITH"}],"circlet_count":0,"master_deck":["hexamod:Strike","hexamod:Strike","hexamod:Strike","hexamod:Defend+1","hexamod:Defend","hexamod:Defend","hexamod:Defend+1","hexamod:Sear","hexamod:Float+1","hexamod:PhantomFireball","hexamod:HeatCrush","hexamod:Hexaguard","hexamod:EmpoweredFlame","hexamod:Hexaguard","hexamod:RadiantFlame+1","hexamod:GhostOfSpireFuture","hexamod:GhostShield+1","hexamod:SoulSteal","hexamod:ThermalTransfer","downfall:Malfunctioning","hexamod:GhostOfSpireFuture","hexamod:HexaLevel+1","hexamod:Firestarter+1","hexamod:Hexaguard"],"relics":["hexamod:UnbrokenSoul","StoneCalendar","hubris:ToyBattleship","hexamod:MatchstickCase","downfall:HeartBlessingGreen","bronze:DecasWashers","Potion Belt","downfall:GremlinWheel"],"acts_visited":["Exordium","TheCity"],"potions_floor_usage":[11,11,15,22,22,23],"damage_taken":[{"damage":1.0,"enemies":"Jaw Worm","floor":2.0,"turns":3.0},{"damage":4.0,"enemies":"infinitespire:Voidling","floor":3.0,"turns":3.0},{"damage":0.0,"enemies":"downfall:FleeingMerchant","floor":4.0,"turns":4.0},{"damage":0.0,"enemies":"conspire:RoseBush","floor":5.0,"turns":3.0},{"damage":32.0,"enemies":"3 Sentries","floor":6.0,"turns":7.0},{"damage":1,"enemies":"Lagavulin","floor":11,"turns":4},{"damage":0,"enemies":"downfall:FleeingMerchant","floor":12,"turns":4},{"damage":0,"enemies":"downfall:LooterAlt","floor":15,"turns":3},{"damage":0,"enemies":"WA_ARCHETYPE_RETAIN","floor":16,"turns":8},{"damage":14,"enemies":"Chosen","floor":20,"turns":7},{"damage":42,"enemies":"downfall:LadyInBlue","floor":21,"turns":12},{"damage":5,"enemies":"downfall:LadyInBlue","floor":22,"turns":3},{"damage":13,"enemies":"3 Byrds","floor":23,"turns":3}],"seed_played":"1059260916027848329","potions_obtained":[{"floor":2.0,"key":"hexamod:SoulburnPotion"},{"floor":3.0,"key":"EssenceOfSteel"},{"floor":11,"key":"Explosive Potion"},{"floor":15,"key":"DuplicationPotion"},{"floor":21,"key":"hexamod:InfernoChargePotion"},{"floor":21,"key":"Weak Potion"},{"floor":21,"key":"hexamod:SoulburnPotion"}],"is_trial":false,"path_per_floor":["R","M","M","$","M","E","T","?","R","?","E","$","R","?","M","B",null,"R","?","M","?","?","M"],"character_chosen":"THE_SPIRIT","items_purchased":["hexamod:EmpoweredFlame","hexamod:Hexaguard"],"campfire_rested":2,"item_purchase_floors":[4,4],"current_hp_per_floor":[63,62,62,62,62,30,30,30,48,48,47,47,63,63,63,63,63,63,73,59,17,12,0,0,0],"gold":347,"neow_bonus":"ONE_RARE_RELIC","is_daily":false,"chose_seed":false,"campfire_upgraded":2,"win_rate":0.0,"timestamp":1613354145,"path_taken":["R","M","M","$","M","E","T","?","R","?","E","?","R","?","M","BOSS","R","?","M","?","?","M"],"items_purchased_type":["Card","Card"],"build_version":"2020-12-22","purchased_purges":0,"victory":false,"max_hp_per_floor":[63,63,63,63,63,63,63,63,63,63,63,63,63,63,63,63,63,63,73,73,73,73,73,73,73],"card_choices":[{"not_picked":["hexamod:BacktrackSmack","hexamod:AdvancingGuard"],"picked":"hexamod:PhantomFireball","floor":2.0},{"not_picked":["hexamod:HauntingEcho","hexamod:PhantomFireball"],"picked":"hexamod:HeatCrush","floor":3.0},{"not_picked":["hexamod:HeatShield","hexamod:CatchUp"],"picked":"hexamod:Hexaguard","floor":4.0},{"not_picked":["hexamod:NightmareGuise","hexamod:SuperheatedStrike"],"picked":"hexamod:RadiantFlame","floor":5.0},{"not_picked":["hexamod:ApocalypticArmor","hexamod:HeatShield"],"picked":"hexamod:GhostOfSpireFuture","floor":6.0},{"not_picked":["hexamod:UnleashSpirits+1","hexamod:ForkedFlame+1"],"picked":"hexamod:GiftsFromTheDead+1","floor":8.0},{"not_picked":["hexamod:BacktrackSmack+1","hexamod:GhostLash+1"],"picked":"hexamod:GhostShield+1","floor":8.0},{"not_picked":["hexamod:ThermalTransfer","hexamod:HauntingEcho"],"picked":"hexamod:SoulSteal","floor":11},{"not_picked":["hexamod:SoulSteal","hexamod:NecessarySacrifice"],"picked":"hexamod:ThermalTransfer","floor":12},{"not_picked":["hexamod:HeatMetal","hexamod:GhostShield"],"picked":"hexamod:GhostOfSpireFuture","floor":15},{"not_picked":["hexamod:UnlimitedPower","hexamod:ApocalypticArmor"],"picked":"hexamod:HexaLevel","floor":16},{"not_picked":["hexamod:DynamicBlow","hexamod:BacktrackSmack"],"picked":"hexamod:Firestarter+1","floor":20},{"not_picked":["hexamod:NightmareStrike","hexamod:FastForward+1"],"picked":"hexamod:Hexaguard","floor":21}],"player_experience":2794785,"relics_obtained":[{"floor":6.0,"key":"hubris:ToyBattleship"},{"floor":7.0,"key":"hexamod:MatchstickCase"},{"floor":11,"key":"bronze:DecasWashers"},{"floor":21,"key":"Potion Belt"},{"floor":22,"key":"downfall:GremlinWheel"}],"event_choices":[{"damage_healed":0.0,"max_hp_gain":0.0,"max_hp_loss":0.0,"gold_gain":0.0,"event_name":"betterMatch:BetterMatch","player_choice":"2","floor":8.0,"gold_loss":0.0,"damage_taken":0.0,"cards_obtained":["betterMatch:RareCard","betterMatch:CommonCard"]},{"cards_removed":["hexamod:GiftsFromTheDead"],"damage_healed":0,"gold_gain":0,"player_choice":"Offered Rare","damage_taken":0,"max_hp_gain":10,"max_hp_loss":0,"event_name":"Bonfire Elementals","floor":19,"gold_loss":0}],"is_beta":false,"boss_relics":[{"not_picked":["Sozu","Fusion Hammer"],"picked":"hexamod:UnbrokenSoul"}],"items_purged_floors":[],"is_endless":false,"potions_floor_spawned":[2,3,11,15,21],"killed_by":"3 Byrds","ascension_level":0}}