{"host":"r4aerl4ckfvw1dw3","time":1613426139,"event":{"mods":["BaseMod","BetterRewards","Minty Spire (QoL Compilation)","Quick Restart","StSLib"],"gold_per_floor":[110,122,140,110,124,124,154,154,154,172,23,40,56,67,67,164,164,184,198,9,22,22,22,37,37,37],"floor_reached":25,"language":"ENG","playtime":4430,"items_purged":[],"score":251,"play_id":"9ecc8f97-ef2a-43fe-b96a-1155af861689","local_time":"20210215135539","is_ascension_mode":true,"campfire_choices":[{"data":"Defragment","floor":6.0,"key":"SMITH"},{"data":"Zap","floor":8.0,"key":"SMITH"},{"data":"Sweeping Beam","floor":15.0,"key":"SMITH"},{"floor":23.0,"key":"REST"}],"circlet_count":0,"master_deck":["Strike_B","Strike_B","Strike_B","Strike_B","Defend_B","Defend_B","Defend_B","Defend_B","Zap+1","Dualcast","All For One","Conserve Battery","Cold Snap","Defragment+1","Sweeping Beam+1","Capacitor","Stack","Echo Form","Go for the Eyes+1","Turbo","Defragment","Sweeping Beam+1"],"relics":["Cracked Core","Eternal Feather","Gremlin Horn","ClockworkSouvenir","Cursed Key","Membership Card"],"acts_visited":["Exordium","TheCity"],"potions_floor_usage":[],"damage_taken":[{"damage":6.0,"enemies":"Cultist","floor":1.0,"turns":4.0},{"damage":1.0,"enemies":"Small Slimes","floor":2.0,"turns":3.0},{"damage":6.0,"enemies":"2 Louse","floor":3.0,"turns":3.0},{"damage":5.0,"enemies":"2 Fungi Beasts","floor":5.0,"turns":4.0},{"damage":19.0,"enemies":"Lagavulin","floor":7.0,"turns":7.0},{"damage":4.0,"enemies":"Large Slime","floor":10.0,"turns":4.0},{"damage":9.0,"enemies":"Red Slaver","floor":12.0,"turns":3.0},{"damage":17.0,"enemies":"Exordium Thugs","floor":13.0,"turns":4.0},{"damage":1.0,"enemies":"2 Fungi Beasts","floor":14.0,"turns":3.0},{"damage":36.0,"enemies":"Slime Boss","floor":16.0,"turns":8.0},{"damage":3.0,"enemies":"Chosen","floor":18.0,"turns":5.0},{"damage":24.0,"enemies":"3 Byrds","floor":19.0,"turns":5.0},{"damage":18.0,"enemies":"Snake Plant","floor":21.0,"turns":6.0},{"damage":23.0,"enemies":"3 Cultists","floor":24.0,"turns":4.0},{"damage":46,"enemies":"Gremlin Leader","floor":25,"turns":4}],"seed_played":"7042916082524303937","potions_obtained":[{"floor":3.0,"key":"CultistPotion"},{"floor":4.0,"key":"Regen Potion"},{"floor":4.0,"key":"CultistPotion"},{"floor":7.0,"key":"Regen Potion"},{"floor":12.0,"key":"BlessingOfTheForge"},{"floor":16.0,"key":"Strength Potion"}],"is_trial":false,"path_per_floor":["M","M","M","?","M","R","E","R","T","M","$","M","M","M","R","B",null,"M","M","$","M","$","R","M","E"],"character_chosen":"DEFECT","items_purchased":["ClockworkSouvenir","Membership Card","Defragment"],"campfire_rested":1,"item_purchase_floors":[11,20,20],"current_hp_per_floor":[69,68,62,62,57,57,38,44,44,40,40,40,32,31,40,4,75,72,48,48,30,30,64,41,0,0],"gold":37,"neow_bonus":"ONE_RANDOM_RARE_CARD","is_daily":false,"chose_seed":false,"campfire_upgraded":3,"win_rate":0.0,"timestamp":1613426139,"path_taken":["M","M","M","?","M","R","E","R","T","M","$","M","M","M","R","BOSS","M","?","$","M","?","R","M","E"],"items_purchased_type":["Relic","Relic","Card"],"build_version":"2020-12-22","purchased_purges":0,"victory":false,"max_hp_per_floor":[75,75,75,75,75,75,75,75,75,75,75,75,75,75,75,75,75,75,75,75,75,75,75,75,75,75],"card_choices":[{"not_picked":["Hello World","Turbo"],"picked":"Conserve Battery","floor":1.0},{"not_picked":["Go for the Eyes","Hello World"],"picked":"Cold Snap","floor":2.0},{"not_picked":["Rebound","Barrage","Conserve Battery"],"picked":"SKIP","floor":3.0},{"not_picked":["Beam Cell","Coolheaded"],"picked":"Defragment","floor":5.0},{"not_picked":["Barrage","Redo","Skim"],"picked":"SKIP","floor":7.0},{"not_picked":["Redo","Amplify"],"picked":"Sweeping Beam","floor":10.0},{"not_picked":["Gash","Beam Cell"],"picked":"Capacitor","floor":12.0},{"not_picked":["Storm","Steam"],"picked":"Stack","floor":13.0},{"not_picked":["Conserve Battery","Tempest","Compile Driver"],"picked":"SKIP","floor":14.0},{"not_picked":["Multi-Cast","Meteor Strike"],"picked":"Echo Form","floor":16.0},{"not_picked":["Beam Cell","Barrage"],"picked":"Go for the Eyes+1","floor":18.0},{"not_picked":["Chill+1","Double Energy"],"picked":"Turbo","floor":19.0},{"not_picked":["Steam+1","Rebound+1"],"picked":"Sweeping Beam+1","floor":21.0},{"not_picked":["Sweeping Beam","Darkness","Stack"],"picked":"SKIP","floor":24.0}],"player_experience":598677,"relics_obtained":[{"floor":7.0,"key":"Eternal Feather"},{"floor":9.0,"key":"Gremlin Horn"}],"event_choices":[{"damage_healed":0.0,"max_hp_gain":0.0,"max_hp_loss":0.0,"gold_gain":0.0,"event_name":"The Woman in Blue","player_choice":"Bought 2 Potions","floor":4.0,"gold_loss":0.0,"damage_taken":0.0}],"is_beta":false,"boss_relics":[{"not_picked":["Fusion Hammer","SacredBark"],"picked":"Cursed Key"}],"items_purged_floors":[],"is_endless":false,"potions_floor_spawned":[3,7,12,16],"killed_by":"Gremlin Leader","ascension_level":4}}