{"host":"2vsc07ejz3c3tnrv","time":1613422344,"event":{"mods":["BaseMod","Minty Spire (QoL Compilation)","StSLib"],"gold_per_floor":[11,30,30,305,316,316,121,137,137,147,164,164,176,189,189,290,290,305,62,94,113,124,124,142,159,210,210,228,240,240,240,240,338,338,358,35,35,51,273,273,306,306,330,330,330,360,360,360,360,360],"floor_reached":51,"language":"ENG","playtime":8679,"items_purged":["Regret","Catalyst+1","Defend_G"],"score":1099,"play_id":"af91a492-aeb3-448c-8821-2f5243805f2b","local_time":"20210215175224","is_ascension_mode":true,"campfire_choices":[{"data":"Cloak And Dagger","floor":6.0,"key":"SMITH"},{"data":"Neutralize","floor":12.0,"key":"SMITH"},{"data":"Cloak And Dagger","floor":15.0,"key":"SMITH"},{"data":"Cloak And Dagger","floor":23.0,"key":"SMITH"},{"data":"Envenom","floor":30.0,"key":"SMITH"},{"floor":32.0,"key":"REST"},{"data":"Cloak And Dagger","floor":40.0,"key":"SMITH"},{"floor":45.0,"key":"DIG"},{"floor":49,"key":"DIG"}],"circlet_count":0,"master_deck":["AscendersBane","Defend_G+1","Defend_G+1","Survivor+1","Neutralize+1","Accuracy+1","Cloak And Dagger+1","Cloak And Dagger+1","Footwork+1","Cloak And Dagger+1","Cloak And Dagger+1","Blur+1","Footwork+1","Envenom+1","After Image+1","Panache+1","Prepared+1"],"relics":["Ring of the Snake","Du-Vu Doll","Astrolabe","Red Mask","Juzu Bracelet","Nloth\u0027s Gift","Empty Cage","PreservedInsect","Shovel","Mark of the Bloom","Oddly Smooth Stone","Ginger","Omamori","Ornamental Fan"],"acts_visited":["Exordium","TheCity","TheBeyond"],"potions_floor_usage":[50,50,50],"damage_taken":[{"damage":1.0,"enemies":"Small Slimes","floor":1.0,"turns":6.0},{"damage":3.0,"enemies":"Cultist","floor":2.0,"turns":5.0},{"damage":3.0,"enemies":"2 Louse","floor":5.0,"turns":4.0},{"damage":2.0,"enemies":"Looter","floor":8.0,"turns":4.0},{"damage":0.0,"enemies":"Large Slime","floor":10.0,"turns":8.0},{"damage":1.0,"enemies":"Exordium Wildlife","floor":11.0,"turns":3.0},{"damage":1.0,"enemies":"2 Fungi Beasts","floor":13.0,"turns":3.0},{"damage":0.0,"enemies":"3 Louse","floor":14.0,"turns":4.0},{"damage":24.0,"enemies":"Hexaghost","floor":16.0,"turns":15.0},{"damage":0.0,"enemies":"3 Byrds","floor":18.0,"turns":9.0},{"damage":0.0,"enemies":"Masked Bandits","floor":20.0,"turns":5.0},{"damage":12.0,"enemies":"2 Thieves","floor":21.0,"turns":4.0},{"damage":7.0,"enemies":"Shelled Parasite and Fungi","floor":22.0,"turns":5.0},{"damage":0.0,"enemies":"3 Cultists","floor":24.0,"turns":6.0},{"damage":1.0,"enemies":"Chosen and Byrds","floor":25.0,"turns":9.0},{"damage":10.0,"enemies":"Snake Plant","floor":28.0,"turns":6.0},{"damage":8.0,"enemies":"Centurion and Healer","floor":29.0,"turns":6.0},{"damage":22.0,"enemies":"Collector","floor":33.0,"turns":12.0},{"damage":2.0,"enemies":"Orb Walker","floor":35.0,"turns":5.0},{"damage":0.0,"enemies":"3 Shapes","floor":38.0,"turns":5.0},{"damage":3.0,"enemies":"Reptomancer","floor":41.0,"turns":6.0},{"damage":12,"enemies":"Nemesis","floor":46,"turns":7},{"damage":0,"enemies":"Awakened One","floor":50,"turns":13}],"seed_played":"-3151002900270417558","potions_obtained":[{"floor":1.0,"key":"AttackPotion"},{"floor":8.0,"key":"Energy Potion"},{"floor":10.0,"key":"SpeedPotion"},{"floor":11.0,"key":"EntropicBrew"},{"floor":21.0,"key":"Strength Potion"},{"floor":24.0,"key":"LiquidMemories"},{"floor":38.0,"key":"Explosive Potion"}],"is_trial":false,"path_per_floor":["M","M","$","?","M","R","$","M","T","M","M","R","M","M","R","B",null,"M","$","?","M","M","R","M","M","T","?","M","M","R","?","R","B",null,"M","$","?","M","?","R","E","?","T","?","R","E","?","?","R","B",null],"character_chosen":"THE_SILENT","items_purchased":["Cloak And Dagger","Footwork","HandDrill","PreservedInsect","Dexterity Potion"],"campfire_rested":1,"item_purchase_floors":[7,7,19,36,36],"current_hp_per_floor":[62,59,59,59,56,56,56,54,54,54,53,53,52,52,52,28,60,60,60,60,48,41,41,41,40,40,40,30,22,22,22,43,21,58,56,56,56,56,56,56,53,53,53,53,53,41,41,41,41,41],"gold":360,"neow_bonus":"REMOVE_TWO","is_daily":false,"chose_seed":false,"campfire_upgraded":6,"win_rate":0.0,"timestamp":1613422344,"path_taken":["M","M","$","?","M","R","$","M","T","M","M","R","M","M","R","BOSS","M","$","?","M","M","R","M","M","T","?","M","M","R","?","R","BOSS","M","$","?","M","?","R","E","?","T","?","R","E","?","?","R","BOSS"],"items_purchased_type":["Card","Card","Relic","Relic","Potion"],"build_version":"2020-12-22","purchased_purges":3,"victory":true,"max_hp_per_floor":[70,70,70,70,70,70,70,70,70,70,70,70,70,70,70,70,70,70,70,70,70,70,70,70,70,70,70,70,70,70,70,70,70,70,70,70,70,70,70,70,70,70,70,66,66,66,66,66,66,66],"card_choices":[{"not_picked":["Backflip","Deflect"],"picked":"Accuracy","floor":1.0},{"not_picked":["Choke","Dodge and Roll","Slice"],"picked":"SKIP","floor":2.0},{"not_picked":["Expertise","Slice"],"picked":"Cloak And Dagger","floor":5.0},{"not_picked":["Leg Sweep","Tools of the Trade"],"picked":"Cloak And Dagger","floor":8.0},{"not_picked":["Flying Knee","Slice","Setup"],"picked":"SKIP","floor":10.0},{"not_picked":["PiercingWail","Concentrate","Blur"],"picked":"SKIP","floor":11.0},{"not_picked":["Tactician","Slice"],"picked":"Cloak And Dagger","floor":13.0},{"not_picked":["Dagger Spray","Underhanded Strike","Concentrate"],"picked":"SKIP","floor":14.0},{"not_picked":["Heel Hook","Catalyst+1"],"picked":"Blade Dance","floor":18.0},{"not_picked":["Quick Slash","Dagger Spray","Flying Knee"],"picked":"SKIP","floor":21.0},{"not_picked":["Choke+1","Dodge and Roll","Acrobatics"],"picked":"SKIP","floor":22.0},{"not_picked":["Endless Agony+1","Concentrate","Flying Knee"],"picked":"SKIP","floor":24.0},{"not_picked":["Blade Dance","Flying Knee","Skewer"],"picked":"SKIP","floor":25.0},{"not_picked":["Deflect","Quick Slash","Backflip"],"picked":"SKIP","floor":28.0},{"not_picked":["PiercingWail","All Out Attack+1","Quick Slash"],"picked":"SKIP","floor":29.0},{"not_picked":["A Thousand Cuts","Bullet Time"],"picked":"After Image","floor":33.0},{"not_picked":["Concentrate+1","Masterful Stab","Burst"],"picked":"SKIP","floor":35.0},{"not_picked":["Deep Breath","Mind Blast"],"picked":"Panache","floor":37.0},{"not_picked":["Backflip","Noxious Fumes+1","Outmaneuver+1"],"picked":"SKIP","floor":38.0},{"not_picked":["Bullet Time","Corpse Explosion"],"picked":"Prepared+1","floor":41.0},{"not_picked":["Dagger Spray+1","Wraith Form v2","Caltrops+1"],"picked":"SKIP","floor":46}],"player_experience":1547643,"relics_obtained":[{"floor":9.0,"key":"Du-Vu Doll"},{"floor":20.0,"key":"Red Mask"},{"floor":26.0,"key":"Juzu Bracelet"},{"floor":41.0,"key":"Shovel"},{"floor":43.0,"key":"Oddly Smooth Stone"},{"floor":45.0,"key":"Ginger"},{"floor":46,"key":"Omamori"},{"floor":49,"key":"Ornamental Fan"}],"event_choices":[{"damage_healed":0.0,"max_hp_gain":0.0,"max_hp_loss":0.0,"gold_gain":275.0,"event_name":"Golden Shrine","player_choice":"Desecrate","floor":4.0,"gold_loss":0.0,"damage_taken":0.0,"cards_obtained":["Regret"]},{"damage_healed":0.0,"max_hp_gain":0.0,"max_hp_loss":0.0,"gold_gain":0.0,"event_name":"Masked Bandits","player_choice":"Fought Bandits","floor":20.0,"gold_loss":0.0,"damage_taken":0.0},{"damage_healed":0.0,"max_hp_gain":0.0,"max_hp_loss":0.0,"gold_gain":0.0,"event_name":"The Library","player_choice":"Read","floor":27.0,"gold_loss":0.0,"damage_taken":0.0,"cards_obtained":["Envenom"]},{"damage_healed":0.0,"max_hp_gain":0.0,"max_hp_loss":0.0,"gold_gain":0.0,"event_name":"N\u0027loth","player_choice":"Traded Relic","floor":31.0,"relics_lost":["HandDrill"],"gold_loss":0.0,"damage_taken":0.0,"relics_obtained":["Nloth\u0027s Gift"]},{"damage_healed":0.0,"max_hp_gain":0.0,"max_hp_loss":0.0,"gold_gain":0.0,"event_name":"SensoryStone","player_choice":"Memory 1","floor":37.0,"gold_loss":0.0,"damage_taken":0.0},{"damage_healed":0.0,"max_hp_gain":0.0,"max_hp_loss":0.0,"gold_gain":222.0,"event_name":"Tomb of Lord Red Mask","player_choice":"Wore Mask","floor":39.0,"gold_loss":0.0,"damage_taken":0.0},{"damage_healed":0.0,"max_hp_gain":0.0,"max_hp_loss":0.0,"gold_gain":0.0,"event_name":"MindBloom","player_choice":"Upgrade","floor":42.0,"gold_loss":0.0,"damage_taken":0.0,"cards_upgraded":["Defend_G","Defend_G","Survivor","Accuracy","Footwork","Blade Dance","After Image","Panache"],"relics_obtained":["Mark of the Bloom"]},{"damage_healed":0.0,"max_hp_gain":0.0,"max_hp_loss":4.0,"gold_gain":0.0,"event_name":"Winding Halls","player_choice":"Max HP","floor":44.0,"gold_loss":0.0,"damage_taken":0.0},{"cards_removed":["Blade Dance"],"damage_healed":0,"gold_gain":0,"player_choice":"Removed Skill","damage_taken":0,"max_hp_gain":0,"max_hp_loss":0,"event_name":"Falling","floor":47,"gold_loss":0},{"damage_healed":0,"gold_gain":0,"player_choice":"Ignored","damage_taken":0,"max_hp_gain":0,"max_hp_loss":0,"event_name":"Mysterious Sphere","floor":48,"gold_loss":0}],"is_beta":false,"boss_relics":[{"not_picked":["Busted Crown","Runic Dome"],"picked":"Astrolabe"},{"not_picked":["Black Star","HoveringKite"],"picked":"Empty Cage"}],"items_purged_floors":[7,19,36],"is_endless":false,"potions_floor_spawned":[1,8,10,11,21,24,28,38,46],"ascension_level":10}}