{"host":"tj6tjcyqgbd0xj5u","time":1613358495,"event":{"mods":["Aspiration","BaseMod","Better Match","BetterRewards","Challenge The Spire","Conspire","Defuse TimeMaze Blight","Dota2Spire","Downfall","Energized Spire","Evolution","GifTheSpireLib","Good Game Mod","Halation","Hubris","Hyrulean Relics","Infinite Spire","Minty Spire (QoL Compilation)","Reliquary","Replay The Spire","Reworked Bosses","Spikes Relics","StS++","StSLib","Stuff the Spire"],"gold_per_floor":[115,115,115,192,192,208,252,268,292,292,312,356,379,27,27,152,152,177,177,177,190,42,73,92,92,92,111,155,169,444,444,444],"floor_reached":31,"language":"ENG","playtime":962,"items_purged":["Injury"],"score":421,"play_id":"2e1e43d6-186d-47bf-8c57-068f3de4c789","local_time":"20210214230815","is_ascension_mode":true,"campfire_choices":[{"data":"Cleave","floor":10,"key":"SMITH"},{"data":"Sharp Hide","floor":15,"key":"SMITH"},{"floor":25,"key":"REST"}],"circlet_count":0,"master_deck":["Cleave+1","Cleave","Cleave","Armaments","Armaments","Bash","StSpp:Cataclysm","Dual Wield","StuffTheSpire:Slingshot","Uppercut","Twin Strike","BarbarianYell","True Grit","True Grit","True Grit","Sharp Hide+1","Offering","Regret"],"relics":["Burning Blood","EVO:Axolotl","REME:ComplimentaryCards","aspiration:Nostalgia","zeldaRelics:GreenHat","Blood Vial","Golden Idol","reliquary:FeatherDuster","hubris:TenFootPole","Art of War","Pocketwatch","halation:NonexistentMirror","ReplayTheSpireMod:DimensionalGlitch","reliquary:ExpiredCoupon","reliquary:QuartzCube","StSpp:BoiledEgg","Mercury Hourglass"],"acts_visited":["Exordium","TheCity"],"potions_floor_usage":[16,23,23,31,31],"damage_taken":[{"damage":1,"enemies":"Cultist","floor":1,"turns":3},{"damage":12,"enemies":"Jaw Worm","floor":6,"turns":2},{"damage":35,"enemies":"Lagavulin","floor":7,"turns":4},{"damage":0,"enemies":"2 Louse","floor":8,"turns":2},{"damage":11,"enemies":"Looter","floor":11,"turns":2},{"damage":8,"enemies":"Gremlin Nob","floor":12,"turns":3},{"damage":13,"enemies":"Exordium Thugs","floor":13,"turns":2},{"damage":46,"enemies":"Fading Forest","floor":16,"turns":11},{"damage":17,"enemies":"Shell Parasite","floor":18,"turns":4},{"damage":21,"enemies":"Chosen","floor":21,"turns":3},{"damage":31,"enemies":"Slavers","floor":23,"turns":4},{"damage":23,"enemies":"Centurion and Healer","floor":24,"turns":5},{"damage":37,"enemies":"Snake Plant","floor":27,"turns":4},{"damage":43,"enemies":"Book of Stabbing","floor":28,"turns":4},{"damage":9,"enemies":"3 Cultists","floor":29,"turns":4},{"damage":14,"enemies":"Centurion and Healer","floor":31,"turns":2}],"seed_played":"4462247306937065952","potions_obtained":[{"floor":7,"key":"Elixir"},{"floor":8,"key":"Swift Potion"},{"floor":11,"key":"Reflective Coating"},{"floor":16,"key":"FearPotion"},{"floor":24,"key":"Dexterity Potion"}],"is_trial":false,"path_per_floor":["M","?","?","T","?","M","E","M","T","R","M","E","M","$","R","B",null,"M","$","?","M","$","E","M","R","T","M","E","M","?","M"],"character_chosen":"IRONCLAD","items_purchased":["halation:NonexistentMirror","True Grit","Sharp Hide","reliquary:ExpiredCoupon"],"campfire_rested":1,"item_purchase_floors":[14,14,14,22],"current_hp_per_floor":[86,87,88,89,83,80,54,63,64,65,63,64,60,61,62,33,87,75,76,108,91,92,66,48,82,83,51,13,9,10,0,0],"gold":444,"neow_bonus":"NOSTALGIA","is_daily":false,"chose_seed":false,"campfire_upgraded":2,"win_rate":0.0,"timestamp":1613358495,"path_taken":["M","?","?","?","?","M","E","M","T","R","M","E","M","?","R","BOSS","M","$","?","M","$","E","M","R","T","M","E","M","?","M"],"items_purchased_type":["Relic","Card","Card","Relic"],"build_version":"2020-12-22","purchased_purges":1,"victory":false,"max_hp_per_floor":[89,90,91,92,93,94,95,96,97,98,99,100,101,102,103,104,105,106,107,108,109,110,111,112,113,114,115,116,117,118,119,119],"card_choices":[{"not_picked":["StuffTheSpire:RockThrow","Twin Strike"],"picked":"Dual Wield","floor":1},{"not_picked":["Warcry","Clothesline"],"picked":"StuffTheSpire:Slingshot","floor":6},{"not_picked":["Carnage","StSpp:Succumb","Abandon"],"picked":"SKIP","floor":7},{"not_picked":["Flex","Body Slam","StSpp:TheBiggerTheyAre"],"picked":"SKIP","floor":8},{"not_picked":["Iron Wave","Second Wind"],"picked":"Uppercut","floor":11},{"not_picked":["Perfected Strike","Replay:Many Hands"],"picked":"Twin Strike","floor":12},{"not_picked":["Armaments","Flex"],"picked":"BarbarianYell","floor":13},{"not_picked":["Double Tap","Replay:Many Hands"],"picked":"Offering","floor":16},{"not_picked":["Pommel Strike+1","Headbutt","Flex"],"picked":"SKIP","floor":18},{"not_picked":["Anger","Absolvement","Fire Breathing"],"picked":"SKIP","floor":21},{"not_picked":["Anger","Absolvement","Fire Breathing"],"picked":"SKIP","floor":21},{"not_picked":["Run Through","Headbutt+1","Warcry"],"picked":"SKIP","floor":23},{"not_picked":["Exhume","Clothesline","Infernal Blade"],"picked":"SKIP","floor":24},{"not_picked":["Seeing Red","Metallicize","conspire:Charge+1"],"picked":"SKIP","floor":27},{"not_picked":["Pommel Strike","Headbutt+1","Flex"],"picked":"SKIP","floor":28},{"not_picked":["Flex","Reckless Charge","Anger"],"picked":"SKIP","floor":29}],"player_experience":145454,"relics_obtained":[{"floor":4,"key":"reliquary:FeatherDuster"},{"floor":7,"key":"hubris:TenFootPole"},{"floor":9,"key":"Art of War"},{"floor":12,"key":"Pocketwatch"},{"floor":23,"key":"reliquary:QuartzCube"},{"floor":26,"key":"StSpp:BoiledEgg"},{"floor":28,"key":"Mercury Hourglass"}],"event_choices":[{"damage_healed":0,"gold_gain":0,"player_choice":"Take Wound","damage_taken":0,"relics_obtained":["Golden Idol"],"max_hp_gain":0,"max_hp_loss":0,"event_name":"Golden Idol","floor":3,"gold_loss":0,"cards_obtained":["Injury"]},{"cards_removed":["StuffTheSpire:CuriosityCurse"],"damage_healed":0,"gold_gain":0,"player_choice":"Card Removal","damage_taken":7,"max_hp_gain":0,"max_hp_loss":0,"event_name":"Golden Wing","floor":5,"gold_loss":0},{"damage_healed":36,"gold_gain":0,"player_choice":"Heal","damage_taken":0,"max_hp_gain":0,"max_hp_loss":0,"event_name":"The Library","floor":20,"gold_loss":0},{"damage_healed":0,"gold_gain":275,"player_choice":"Desecrate","damage_taken":0,"max_hp_gain":0,"max_hp_loss":0,"event_name":"Golden Shrine","floor":30,"gold_loss":0,"cards_obtained":["Regret"]}],"is_beta":false,"boss_relics":[{"not_picked":["Snecko Eye","hubris:GrandSneckoEye"],"picked":"ReplayTheSpireMod:DimensionalGlitch"}],"items_purged_floors":[14],"is_endless":false,"potions_floor_spawned":[7,8,11,16,18,24],"killed_by":"Centurion and Healer","ascension_level":6}}