{"host":"5dk97cf2ubw2v967","time":1613392872,"event":{"mods":["AlwaysNeverKeys","BaseMod","Better Altar","Better Vampires","Block Reminder","Card Filter","Colored Powertips","Downfall","Googly Eyes","Highlight Path","Minty Spire (QoL Compilation)","Permanent Neow","Potion Indicator Mod","Quick Restart","Relic Filter","Relic Stats","Say the Spire","Spicy Shops","StSLib","Waifu the Spire","everything is the same but u backflip on backflip"],"gold_per_floor":[110,110,23,23,23,23,52,52,52,77,92,126,126,144,144,215,215,234,21,21,21,31,65,65,65,65],"floor_reached":25,"language":"ENG","playtime":865,"items_purged":["Strike_R"],"score":470,"play_id":"bffe8a82-7791-4128-bd89-ab8cf3cf4753","local_time":"20210215124112","is_ascension_mode":true,"campfire_choices":[{"data":"Inflame","floor":6,"key":"SMITH"},{"floor":8,"key":"REST"},{"data":"Ghostly Armor","floor":15,"key":"SMITH"},{"data":"Sword Boomerang","floor":24,"key":"SMITH"}],"circlet_count":0,"master_deck":["AscendersBane","Strike_R","Strike_R","Defend_R","Defend_R","Defend_R","Defend_R","Bash","Double Tap","Flex","Inflame+1","Ghostly Armor+1","Sword Boomerang+1","Battle Trance","Evolve","Limit Break","Intimidate"],"relics":["Burning Blood","Pear","Eternal Feather","Paper Frog","Smiling Mask","Bottled Lightning","Sozu","Orichalcum","Singing Bowl"],"acts_visited":["Exordium","TheCity"],"potions_floor_usage":[10,12,16,25],"damage_taken":[{"damage":7,"enemies":"Small Slimes","floor":1,"turns":4},{"damage":45,"enemies":"3 Sentries","floor":7,"turns":10},{"damage":18,"enemies":"Lagavulin","floor":10,"turns":7},{"damage":8,"enemies":"2 Louse","floor":11,"turns":4},{"damage":40,"enemies":"3 Sentries","floor":12,"turns":8},{"damage":0,"enemies":"Cultist","floor":14,"turns":3},{"damage":19,"enemies":"The Guardian","floor":16,"turns":13},{"damage":19,"enemies":"Chosen","floor":18,"turns":4},{"damage":0,"enemies":"Spheric Guardian","floor":22,"turns":3},{"damage":31,"enemies":"Book of Stabbing","floor":23,"turns":4},{"damage":67,"enemies":"Slavers","floor":25,"turns":4}],"seed_played":"7981664080796456765","potions_obtained":[{"floor":1,"key":"Block Potion"},{"floor":10,"key":"PowerPotion"},{"floor":11,"key":"BloodPotion"},{"floor":12,"key":"FearPotion"}],"is_trial":false,"path_per_floor":["M","?","$","?","?","R","E","R","T","E","M","E","?","M","R","B",null,"M","$","?","?","M","E","R","E"],"character_chosen":"IRONCLAD","items_purchased":["Inflame","Orichalcum"],"campfire_rested":1,"item_purchase_floors":[3,19],"current_hp_per_floor":[49,41,41,41,69,69,30,61,61,49,47,13,6,12,21,8,66,53,53,53,53,59,36,45,0,0],"gold":65,"neow_bonus":"THREE_RARE_CARDS","is_daily":false,"chose_seed":false,"campfire_upgraded":3,"win_rate":0.0,"timestamp":1613392872,"path_taken":["M","?","$","?","?","R","E","R","T","E","M","E","?","M","R","BOSS","M","$","?","?","M","E","R","E"],"items_purchased_type":["Card","Relic"],"build_version":"2020-12-22","purchased_purges":1,"victory":false,"max_hp_per_floor":[75,85,85,85,85,85,85,85,85,85,85,85,85,85,85,85,85,85,85,85,85,85,87,87,87,87],"relic_stats":{"Sozu":2,"Singing Bowl":2,"counters":[11,64],"Eternal Feather":24,"Orichalcum":[36],"Smiling Mask":25,"obtain_stats":[{"Sozu":17,"Pear":2,"Singing Bowl":23,"Eternal Feather":7,"Bottled Lightning":12,"Orichalcum":19,"Smiling Mask":10,"Burning Blood":0,"Paper Frog":9},{"Sozu":7,"Pear":1,"Singing Bowl":10,"Eternal Feather":2,"Bottled Lightning":5,"Orichalcum":8,"Smiling Mask":3,"Burning Blood":0,"Paper Frog":2},{"Sozu":49,"Pear":4,"Singing Bowl":60,"Eternal Feather":14,"Bottled Lightning":33,"Orichalcum":53,"Smiling Mask":21,"Burning Blood":0,"Paper Frog":14}],"Burning Blood":60},"card_choices":[{"not_picked":["Demon Form","Immolate"],"picked":"Double Tap","floor":0},{"not_picked":["Blood for Blood","Sword Boomerang"],"picked":"Flex","floor":1},{"not_picked":["Sever Soul","Warcry","Second Wind"],"picked":"SKIP","floor":7},{"not_picked":["Searing Blow","Demon Form"],"picked":"Ghostly Armor","floor":10},{"not_picked":["Ghostly Armor","Sentinel"],"picked":"Sword Boomerang","floor":11},{"not_picked":["Infernal Blade","Rupture"],"picked":"Battle Trance","floor":12},{"not_picked":["Clothesline","Clash"],"picked":"Evolve","floor":14},{"not_picked":["Immolate","Feed"],"picked":"Limit Break","floor":16},{"not_picked":["Havoc","True Grit"],"picked":"Intimidate","floor":18},{"not_picked":["Clash","Flame Barrier","Ghostly Armor"],"picked":"SKIP","floor":22},{"not_picked":["Flame Barrier","Hemokinesis","Feel No Pain"],"picked":"Singing Bowl","floor":23}],"player_experience":1320545,"relics_obtained":[{"floor":7,"key":"Eternal Feather"},{"floor":9,"key":"Paper Frog"},{"floor":10,"key":"Smiling Mask"},{"floor":12,"key":"Bottled Lightning"},{"floor":23,"key":"Singing Bowl"}],"event_choices":[{"damage_healed":0,"gold_gain":0,"player_choice":"Success","damage_taken":18,"relics_obtained":["Pear"],"max_hp_gain":0,"max_hp_loss":0,"event_name":"Scrap Ooze","floor":2,"gold_loss":0},{"cards_removed":["Strike_R"],"damage_healed":0,"gold_gain":0,"player_choice":"Forget","damage_taken":0,"max_hp_gain":0,"max_hp_loss":0,"event_name":"Living Wall","floor":4,"gold_loss":0},{"damage_healed":28,"gold_gain":0,"player_choice":"Banana","damage_taken":0,"max_hp_gain":0,"max_hp_loss":0,"event_name":"Big Fish","floor":5,"gold_loss":0},{"cards_removed":["Strike_R"],"damage_healed":0,"gold_gain":0,"player_choice":"Card Removal","damage_taken":7,"max_hp_gain":0,"max_hp_loss":0,"event_name":"Golden Wing","floor":13,"gold_loss":0},{"damage_healed":0,"gold_gain":0,"player_choice":"Ignored","damage_taken":0,"max_hp_gain":0,"max_hp_loss":0,"event_name":"Cursed Tome","floor":21,"gold_loss":0}],"is_beta":false,"boss_relics":[{"not_picked":["Philosopher\u0027s Stone","Snecko Eye"],"picked":"Sozu"}],"items_purged_floors":[19],"is_endless":false,"potions_floor_spawned":[1,10,11,12,18,23],"killed_by":"Slavers","ascension_level":20}}