{"host":"g2yp6paluzgljz05","time":1613347495,"event":{"mods":["BaseMod","Bestiary","Colored Powertips","DeckTracker","Highlight Path","Minty Spire (QoL Compilation)","Quick Restart"],"gold_per_floor":[109,34,109,109,209,209,223,240,265,291,291,291,316,330,330,429,429,441,461,661,313,188,215,215,228,228,228,245,245,277,297,297,395,395,413,413,432,56,75,75,75],"floor_reached":40,"language":"ENG","playtime":2965,"items_purged":["Strike_B","Strike_B","Defend_B","Defend_B"],"score":543,"play_id":"8979011b-ab4a-48f4-a268-2982cb2b8da9","local_time":"20210215110455","is_ascension_mode":true,"campfire_choices":[{"data":"Zap","floor":6.0,"key":"SMITH"},{"floor":15.0,"key":"REST"},{"floor":24.0,"key":"REST"},{"floor":27,"key":"REST"},{"data":"Loop","floor":32,"key":"SMITH"}],"circlet_count":0,"master_deck":["Defend_B","Zap+1","Dualcast","Reboot","Defragment","Loop+1","Self Repair","Defragment","Machine Learning","Coolheaded+1","Machine Learning","Electrodynamics","Loop","Loop+1"],"relics":["Cracked Core","Vajra","Gremlin Horn","HornCleat","PreservedInsect","Centennial Puzzle","Nuclear Battery","Cables","White Beast Statue","Meat on the Bone","CultistMask","CaptainsWheel","Runic Dome","DollysMirror"],"acts_visited":["Exordium","TheCity","TheBeyond"],"potions_floor_usage":[33,40],"damage_taken":[{"damage":1.0,"enemies":"Cultist","floor":1.0,"turns":3.0},{"damage":1.0,"enemies":"2 Louse","floor":7.0,"turns":2.0},{"damage":2.0,"enemies":"Jaw Worm","floor":8.0,"turns":3.0},{"damage":38.0,"enemies":"Gremlin Nob","floor":10.0,"turns":4.0},{"damage":6.0,"enemies":"3 Sentries","floor":13.0,"turns":5.0},{"damage":1.0,"enemies":"2 Fungi Beasts","floor":14.0,"turns":3.0},{"damage":33.0,"enemies":"Hexaghost","floor":16.0,"turns":10.0},{"damage":25.0,"enemies":"3 Byrds","floor":18.0,"turns":4.0},{"damage":8.0,"enemies":"Spheric Guardian","floor":19.0,"turns":4.0},{"damage":31.0,"enemies":"Book of Stabbing","floor":23.0,"turns":6.0},{"damage":21.0,"enemies":"Centurion and Healer","floor":25.0,"turns":11.0},{"damage":8,"enemies":"Shelled Parasite and Fungi","floor":28,"turns":4},{"damage":31,"enemies":"Slavers","floor":30,"turns":8},{"damage":40,"enemies":"Cultist and Chosen","floor":31,"turns":7},{"damage":31,"enemies":"Champ","floor":33,"turns":11},{"damage":4,"enemies":"3 Darklings","floor":35,"turns":2},{"damage":11,"enemies":"Orb Walker","floor":37,"turns":3},{"damage":33,"enemies":"Maw","floor":39,"turns":6},{"damage":53,"enemies":"Giant Head","floor":40,"turns":7}],"seed_played":"2394021099605497964","potions_obtained":[{"floor":10.0,"key":"SkillPotion"},{"floor":13.0,"key":"SneckoOil"},{"floor":16.0,"key":"Ancient Potion"},{"floor":23.0,"key":"SpeedPotion"},{"floor":28,"key":"FairyPotion"},{"floor":31,"key":"Ancient Potion"},{"floor":33,"key":"FocusPotion"},{"floor":35,"key":"SkillPotion"},{"floor":37,"key":"EssenceOfSteel"}],"is_trial":false,"path_per_floor":["M","$","?","?","?","R","M","M","T","E","?","T","E","M","R","B",null,"M","M","?","$","$","E","R","M","T","R","M","?","E","M","R","B",null,"M","?","M","$","M","E"],"character_chosen":"DEFECT","items_purchased":["Cables","Loop","DollysMirror"],"campfire_rested":3,"item_purchase_floors":[21,38,38],"current_hp_per_floor":[74,74,63,63,63,63,62,60,60,22,19,19,13,19,41,15,60,42,41,41,41,41,17,39,25,25,47,46,46,34,41,41,29,64,67,67,63,63,49,0,0],"gold":75,"neow_bonus":"TRANSFORM_CARD","is_daily":false,"chose_seed":false,"campfire_upgraded":2,"win_rate":0.0,"timestamp":1613347495,"path_taken":["M","$","?","?","?","R","M","?","T","E","?","?","E","M","R","BOSS","M","M","?","?","$","E","R","M","T","R","M","?","E","?","R","BOSS","M","?","M","$","M","E"],"items_purchased_type":["Relic","Card","Relic"],"build_version":"2020-12-22","purchased_purges":4,"victory":false,"max_hp_per_floor":[75,75,75,75,75,75,75,75,75,75,75,75,75,75,75,75,75,75,75,75,75,75,75,75,75,75,75,75,75,75,75,75,75,75,75,75,75,75,75,75,75],"card_choices":[{"not_picked":["Redo","Sweeping Beam","Fusion"],"picked":"SKIP","floor":1.0},{"not_picked":["Sunder","Stack"],"picked":"Defragment","floor":7.0},{"not_picked":["Steam","Go for the Eyes","Seek"],"picked":"SKIP","floor":8.0},{"not_picked":["Ball Lightning","Melter"],"picked":"Loop","floor":10.0},{"not_picked":["Stack","Lockon"],"picked":"Self Repair","floor":13.0},{"not_picked":["Glacier","Hologram"],"picked":"Defragment","floor":14.0},{"not_picked":["All For One","Fission"],"picked":"Machine Learning","floor":16.0},{"not_picked":["Steam+1","Cold Snap"],"picked":"Coolheaded+1","floor":18.0},{"not_picked":["Ball Lightning+1","Beam Cell+1","Hyperbeam"],"picked":"SKIP","floor":19.0},{"not_picked":["Blizzard","Leap"],"picked":"Machine Learning","floor":23.0},{"not_picked":["Auto Shields","Cold Snap+1","Compile Driver"],"picked":"SKIP","floor":25},{"not_picked":["Compile Driver","Tempest","Steam Power"],"picked":"SKIP","floor":28},{"not_picked":["Leap","Turbo+1","Chaos"],"picked":"SKIP","floor":30},{"not_picked":["Stack","Leap","Turbo+1"],"picked":"SKIP","floor":31},{"not_picked":["Fission","Echo Form"],"picked":"Electrodynamics","floor":33},{"not_picked":["Beam Cell+1","Conserve Battery","Cold Snap+1"],"picked":"SKIP","floor":35},{"not_picked":["Steam","Barrage","Gash"],"picked":"SKIP","floor":37},{"not_picked":["Hologram+1","Skim+1","Rip and Tear+1"],"picked":"SKIP","floor":39}],"player_experience":370527,"relics_obtained":[{"floor":9.0,"key":"Vajra"},{"floor":10.0,"key":"Gremlin Horn"},{"floor":12.0,"key":"PreservedInsect"},{"floor":13.0,"key":"Centennial Puzzle"},{"floor":23.0,"key":"White Beast Statue"},{"floor":26,"key":"Meat on the Bone"},{"floor":30,"key":"CaptainsWheel"}],"event_choices":[{"damage_healed":0.0,"max_hp_gain":0.0,"max_hp_loss":0.0,"gold_gain":75.0,"event_name":"World of Goop","player_choice":"Gather Gold","floor":3.0,"gold_loss":0.0,"damage_taken":11.0},{"cards_removed":["Strike_B"],"damage_healed":0.0,"max_hp_gain":0.0,"max_hp_loss":0.0,"gold_gain":0.0,"event_name":"Living Wall","player_choice":"Forget","floor":4.0,"gold_loss":0.0,"damage_taken":0.0},{"damage_healed":0.0,"max_hp_gain":0.0,"max_hp_loss":0.0,"gold_gain":100.0,"event_name":"Golden Shrine","player_choice":"Pray","floor":5.0,"gold_loss":0.0,"damage_taken":0.0},{"damage_healed":0.0,"max_hp_gain":0.0,"max_hp_loss":0.0,"gold_gain":0.0,"event_name":"Scrap Ooze","player_choice":"Success","floor":11.0,"gold_loss":0.0,"damage_taken":3.0,"relics_obtained":["HornCleat"]},{"damage_healed":0.0,"max_hp_gain":0.0,"max_hp_loss":0.0,"gold_gain":200.0,"event_name":"Wheel of Change","player_choice":"Gold","floor":20.0,"gold_loss":0.0,"damage_taken":0.0},{"damage_healed":0,"gold_gain":0,"player_choice":"Trade","damage_taken":0,"relics_obtained":["CultistMask"],"max_hp_gain":0,"max_hp_loss":0,"event_name":"FaceTrader","floor":29,"gold_loss":0},{"cards_removed":["Defend_B"],"damage_healed":0,"gold_gain":0,"player_choice":"Removed Skill","damage_taken":0,"max_hp_gain":0,"max_hp_loss":0,"event_name":"Falling","floor":36,"gold_loss":0}],"is_beta":false,"boss_relics":[{"not_picked":["Snecko Eye","Calling Bell"],"picked":"Nuclear Battery"},{"not_picked":["Velvet Choker","Pandora\u0027s Box"],"picked":"Runic Dome"}],"items_purged_floors":[2,21,22,38],"is_endless":false,"potions_floor_spawned":[10,13,16,23,25,28,30,31,33,35,37,39],"killed_by":"Giant Head","ascension_level":5}}