{"host":"d52brwsy6af8zvaq","time":1613421832,"event":{"mods":["AchievementEnabler","BaseMod","Bestiary","Highlight Path","Minty Spire (QoL Compilation)","Quick Restart","Relic Stats","ojb\u0027s Better Paths Mod"],"gold_per_floor":[113,29,29,48,64,96,76,76,129,129,129],"floor_reached":10,"language":"ENG","playtime":774,"items_purged":[],"score":132,"play_id":"227c3407-eff0-4646-949b-d9244735a34c","local_time":"20210215134352","is_ascension_mode":true,"campfire_choices":[{"data":"Barrage","floor":8.0,"key":"SMITH"}],"circlet_count":0,"master_deck":["AscendersBane","Strike_B","Strike_B","Strike_B","Strike_B","Defend_B","Defend_B","Defend_B","Defend_B","Zap+1","Dualcast","Compile Driver","Self Repair","Storm","Barrage+1","Coolheaded"],"relics":["Cracked Core","Akabeko","Oddly Smooth Stone"],"acts_visited":["Exordium"],"potions_floor_usage":[10],"damage_taken":[{"damage":1.0,"enemies":"Cultist","floor":1.0,"turns":4.0},{"damage":0.0,"enemies":"2 Louse","floor":4.0,"turns":2.0},{"damage":2.0,"enemies":"Small Slimes","floor":5.0,"turns":3.0},{"damage":25.0,"enemies":"Lagavulin","floor":6.0,"turns":7.0},{"damage":70,"enemies":"Gremlin Nob","floor":10,"turns":4}],"seed_played":"-8410571263559479769","potions_obtained":[{"floor":4.0,"key":"Ancient Potion"},{"floor":6.0,"key":"Regen Potion"},{"floor":7.0,"key":"Fruit Juice"}],"is_trial":false,"path_per_floor":["M","$","?","M","M","E","?","R","T","E"],"character_chosen":"DEFECT","items_purchased":["Self Repair"],"campfire_rested":0,"item_purchase_floors":[2],"current_hp_per_floor":[63,63,63,63,68,50,55,55,55,0,0],"gold":129,"neow_bonus":"RANDOM_COMMON_RELIC","is_daily":false,"chose_seed":false,"campfire_upgraded":1,"win_rate":0.0,"timestamp":1613421832,"path_taken":["M","$","?","M","?","E","?","R","T","E"],"items_purchased_type":["Card"],"build_version":"2020-12-22","purchased_purges":0,"victory":false,"max_hp_per_floor":[71,71,71,71,71,71,76,76,76,76,76],"relic_stats":{"counters":[5,20],"obtain_stats":[{"Oddly Smooth Stone":6,"Cracked Core":0,"Akabeko":0},{"Oddly Smooth Stone":4,"Cracked Core":0,"Akabeko":0},{"Oddly Smooth Stone":16,"Cracked Core":0,"Akabeko":0}]},"card_choices":[{"not_picked":["Go for the Eyes","Redo"],"picked":"Compile Driver","floor":1.0},{"not_picked":["Compile Driver","Leap"],"picked":"Storm","floor":4.0},{"not_picked":["Steam Power","Redo"],"picked":"Barrage","floor":5.0},{"not_picked":["Beam Cell","BootSequence"],"picked":"Coolheaded","floor":6.0}],"player_experience":2276233,"relics_obtained":[{"floor":6.0,"key":"Oddly Smooth Stone"}],"event_choices":[{"damage_healed":0.0,"max_hp_gain":0.0,"max_hp_loss":0.0,"gold_gain":0.0,"event_name":"Accursed Blacksmith","player_choice":"Forge","floor":3.0,"gold_loss":0.0,"damage_taken":0.0,"cards_upgraded":["Zap"]},{"damage_healed":0.0,"max_hp_gain":0.0,"max_hp_loss":0.0,"gold_gain":0.0,"event_name":"The Woman in Blue","player_choice":"Bought 1 Potion","floor":7.0,"gold_loss":0.0,"damage_taken":0.0}],"is_beta":false,"boss_relics":[],"items_purged_floors":[],"is_endless":false,"potions_floor_spawned":[4,6],"killed_by":"Gremlin Nob","ascension_level":20}}