{"host":"3fuwgqa6zowkodik","time":1613417955,"event":{"mods":["AchievementEnabler","BaseMod","Better Altar","Better Match","Better Note","Better Sensory Stone","Better Skull","Better Third Choice","Colored Map","Colored Powertips","Downfall","Minty Spire (QoL Compilation)","Random Character Button","Rare Cards Sparkle","Relic Stats","Replay The Spire","StSLib"],"gold_per_floor":[116,116,136,136,86,130,130,163,163,163,193,40,53,94,94,94,94],"floor_reached":16,"language":"ENG","playtime":581,"items_purged":[],"score":162,"play_id":"12321759-c7a7-4ff9-bc1f-b441bbad67a0","local_time":"20210215203915","is_ascension_mode":true,"campfire_choices":[{"data":"Rage","floor":7,"key":"SMITH"},{"data":"Havoc","floor":15,"key":"SMITH"}],"circlet_count":0,"master_deck":["Strike_R","Strike_R","Strike_R","Strike_R","Strike_R","Defend_R","Defend_R","Defend_R","Defend_R","Bash","Rage+1","Regret","Headbutt+1","Havoc+1","Inflame+1","Clash","Delirium","Metallicize","Flex"],"relics":["Burning Blood","NeowsBlessing","ReplayTheSpireMod:Ninjato","Golden Idol","Garlic","Nunchaku","Replay:Bottled Snecko","Ring of Peace","Ring of Misfortune","Darkstone Periapt","Guide Book","Replay:Bottled Steam"],"acts_visited":["Exordium"],"potions_floor_usage":[8,16,16],"damage_taken":[{"damage":0,"enemies":"Jaw Worm","floor":1,"turns":1},{"damage":0,"enemies":"2 Louse","floor":3,"turns":1},{"damage":0,"enemies":"Lagavulin","floor":6,"turns":1},{"damage":49,"enemies":"Gremlin Nob","floor":8,"turns":4},{"damage":0,"enemies":"Small Slimes","floor":13,"turns":3},{"damage":4,"enemies":"3 Sentries","floor":14,"turns":8},{"damage":0,"enemies":"Fading Forest","floor":16,"turns":4}],"seed_played":"73363592052419199","potions_obtained":[{"floor":1,"key":"Dexterity Potion"},{"floor":3,"key":"bronze:BurnAndBuffPotion"},{"floor":13,"key":"Ancient Potion"}],"is_trial":false,"path_per_floor":["M","?","M","?","$","E","R","E","T","?","?","$","M","E","R","B"],"character_chosen":"IRONCLAD","items_purchased":["Havoc","Guide Book"],"campfire_rested":0,"item_purchase_floors":[5,12],"current_hp_per_floor":[80,80,80,60,60,66,66,23,23,23,23,23,29,31,31,31,31],"gold":94,"neow_bonus":"THREE_ENEMY_KILL","is_daily":false,"chose_seed":false,"campfire_upgraded":2,"win_rate":0.0,"timestamp":1613417955,"path_taken":["M","?","M","?","?","E","R","E","T","?","?","$","M","E","R","BOSS"],"items_purchased_type":["Card","Relic"],"build_version":"2020-12-22","purchased_purges":0,"victory":false,"max_hp_per_floor":[80,80,80,80,80,80,80,80,80,80,80,80,80,80,80,80,80],"relic_stats":{"Darkstone Periapt":0,"Nunchaku":[2],"counters":[7,22],"Golden Idol":27,"obtain_stats":[{"Darkstone Periapt":11,"Nunchaku":8,"ReplayTheSpireMod:Ninjato":2,"NeowsBlessing":0,"Golden Idol":4,"Ring of Peace":10,"Ring of Misfortune":10,"Guide Book":12,"Garlic":6,"Replay:Bottled Snecko":9,"Burning Blood":0,"Replay:Bottled Steam":14},{"Darkstone Periapt":4,"Nunchaku":4,"ReplayTheSpireMod:Ninjato":1,"NeowsBlessing":0,"Golden Idol":2,"Ring of Peace":4,"Ring of Misfortune":4,"Guide Book":4,"Garlic":3,"Replay:Bottled Snecko":4,"Burning Blood":0,"Replay:Bottled Steam":6},{"Darkstone Periapt":7,"Nunchaku":7,"ReplayTheSpireMod:Ninjato":1,"NeowsBlessing":0,"Golden Idol":2,"Ring of Peace":7,"Ring of Misfortune":7,"Guide Book":7,"Garlic":3,"Replay:Bottled Snecko":7,"Burning Blood":0,"Replay:Bottled Steam":18}],"Burning Blood":24},"card_choices":[{"not_picked":["ReplayTheSpireMod:Stacked","Thunderclap"],"picked":"Rage","floor":1},{"not_picked":["Wild Strike","Twin Strike"],"picked":"Headbutt","floor":3},{"not_picked":["ReplayTheSpireMod:Corrosion Curse","Clothesline"],"picked":"Inflame","floor":6},{"not_picked":["Dual Wield","Pommel Strike"],"picked":"Clash","floor":8},{"not_picked":["Offering","Body Slam"],"picked":"Metallicize","floor":13},{"not_picked":["Rage","ReplayReversal"],"picked":"Flex","floor":14}],"player_experience":159545,"relics_obtained":[{"floor":6,"key":"Garlic"},{"floor":8,"key":"Nunchaku"},{"floor":9,"key":"Replay:Bottled Snecko"},{"floor":10,"key":"Ring of Peace"},{"floor":10,"key":"Ring of Misfortune"},{"floor":14,"key":"Replay:Bottled Steam"}],"event_choices":[{"damage_healed":0,"gold_gain":0,"player_choice":"Box","damage_taken":0,"relics_obtained":["ReplayTheSpireMod:Ninjato"],"max_hp_gain":0,"max_hp_loss":0,"event_name":"Big Fish","floor":2,"gold_loss":0,"cards_obtained":["Regret"]},{"damage_healed":0,"gold_gain":0,"player_choice":"Take Damage","damage_taken":20,"relics_obtained":["Golden Idol"],"max_hp_gain":0,"max_hp_loss":0,"event_name":"Golden Idol","floor":4,"gold_loss":0},{"damage_healed":0,"gold_gain":30,"player_choice":"Searched \u00272\u0027 times","damage_taken":0,"relics_obtained":["Darkstone Periapt"],"max_hp_gain":0,"max_hp_loss":0,"event_name":"Dead Adventurer","floor":11,"gold_loss":0}],"is_beta":false,"boss_relics":[],"items_purged_floors":[],"is_endless":false,"potions_floor_spawned":[1,3,13],"killed_by":"Fading Forest","ascension_level":3}}