{"host":"vyiqbz5w606ur92t","time":1613351645,"event":{"mods":["BaseMod","Downfall","Minty Spire (QoL Compilation)","Relic Stats","StSLib"],"gold_per_floor":[99,118,28,43,53,83,83,83,233,267,282,299,199,299,311,412,412,412,429,446,496,546,446,471,491,505,655,690,590,11,23,34,139,139,139,159,177,278,190,221,221,254,270,320,220,38,106,132,142,142,142,177,17,17,17,17],"floor_reached":57,"language":"ENG","playtime":6799,"items_purged":["Regret","Guardian:Strike_Guardian","Guardian:Strike_Guardian","Guardian:Strike_Guardian"],"score":2081,"play_id":"5fc9fc96-666e-4528-b3b0-294d5ba78081","local_time":"20210215011405","is_ascension_mode":true,"campfire_choices":[{"floor":1.0,"key":"RECALL"},{"data":"Guardian:BodySlam","floor":8.0,"key":"SMITH"},{"data":"Guardian:MultiBeam","floor":13.0,"key":"SMITH"},{"data":"Guardian:FuturePlans","floor":18.0,"key":"SMITH"},{"floor":29,"key":"REST"},{"data":"Guardian:ConstructionForm","floor":35,"key":"SMITH"},{"data":"Guardian:FloatingOrbs","floor":45,"key":"SMITH"},{"data":"Guardian:ConstructionForm","floor":54,"key":"SMITH"}],"circlet_count":0,"master_deck":["Guardian:Strike_Guardian+1","Guardian:Defend_Guardian","Guardian:Defend_Guardian","Guardian:Defend_Guardian","Guardian:Defend_Guardian","Guardian:CurlUp","Guardian:TwinSlam+1","Guardian:BodySlam+1","Guardian:ShieldSpikes","Guardian:Recover","Guardian:Reroute","Guardian:MultiBeam+1","Guardian:ShieldCharger","Guardian:FuturePlans+1","Guardian:ArmoredProtocol","Guardian:Incinerate","Guardian:AncientConstruct","Guardian:Repulse+1","Ghostly","Guardian:TimeCapacitor+1","Guardian:RollAttack+1","Guardian:ChargeCore","Guardian:ConstructionForm+1","Guardian:ConstructionForm+1","Guardian:PiercingHide+1","Guardian:SpikerProtocol+1","Guardian:FloatingOrbs+1","Guardian:ShieldCharger+1","Guardian:FuturePlans","Guardian:BronzeArmor"],"relics":["Guardian:ModeShifter","Guardian:GemstoneGun","PreservedInsect","Mercury Hourglass","Slimebound:StickyStick","downfall:HeartBlessingRed","downfall:CloakOfManyFaces","CultistMask","FaceOfCleric","NlothsMask","GremlinMask","SsserpentHead","SlaversCollar","Gambling Chip","The Courier","Bronze Scales","downfall:HeartBlessingGreen","hexamod:BolsterEngine","Ice Cream","Philosopher\u0027s Stone","Torii","OrangePellets","bronze:DecasWashers","Slimebound:PreparedRelic","Calipers","downfall:HeartBlessingBlue","Kunai","Pen Nib","Whetstone"],"acts_visited":["Exordium","TheCity","TheBeyond","TheEnding"],"potions_floor_usage":[36,38,42,42,49,49,56,56,56,56,56,56],"damage_taken":[{"damage":4.0,"enemies":"Small Slimes","floor":2.0,"turns":5.0},{"damage":4.0,"enemies":"downfall:FleeingMerchant","floor":3.0,"turns":4.0},{"damage":0.0,"enemies":"2 Louse","floor":4.0,"turns":3.0},{"damage":0.0,"enemies":"Cultist","floor":5.0,"turns":4.0},{"damage":5.0,"enemies":"3 Sentries","floor":10.0,"turns":5.0},{"damage":0.0,"enemies":"Large Slime","floor":11.0,"turns":3.0},{"damage":0.0,"enemies":"2 Fungi Beasts","floor":12.0,"turns":3.0},{"damage":7.0,"enemies":"downfall:FaceTrader","floor":14.0,"turns":5.0},{"damage":0.0,"enemies":"downfall:LooterAlt","floor":15.0,"turns":2.0},{"damage":0.0,"enemies":"WA_ARCHETYPE_RETAIN","floor":16.0,"turns":5.0},{"damage":2.0,"enemies":"3 Byrds","floor":19.0,"turns":4.0},{"damage":2.0,"enemies":"Spheric Guardian","floor":20.0,"turns":4.0},{"damage":10.0,"enemies":"Cultist and Chosen","floor":25.0,"turns":6.0},{"damage":14,"enemies":"Snake Plant","floor":26,"turns":6},{"damage":5,"enemies":"SI_SHIV_ARCHETYPE","floor":27,"turns":7},{"damage":30,"enemies":"Gremlin Leader","floor":28,"turns":4},{"damage":0,"enemies":"downfall:FleeingMerchant","floor":30,"turns":4},{"damage":0,"enemies":"Chosen and Byrds","floor":31,"turns":4},{"damage":0,"enemies":"3 Cultists","floor":32,"turns":4},{"damage":16,"enemies":"IC_MUSHROOM_ARCHETYPE","floor":33,"turns":7},{"damage":0,"enemies":"3 Shapes","floor":36,"turns":8},{"damage":0,"enemies":"Orb Walker","floor":37,"turns":4},{"damage":0,"enemies":"2 Orb Walkers","floor":38,"turns":6},{"damage":3,"enemies":"downfall:FleeingMerchant","floor":39,"turns":4},{"damage":0,"enemies":"Giant Head","floor":40,"turns":6},{"damage":0,"enemies":"Reptomancer","floor":42,"turns":4},{"damage":1,"enemies":"Writhing Mass","floor":43,"turns":5},{"damage":0,"enemies":"Spire Growth","floor":47,"turns":5},{"damage":0,"enemies":"Giant Head","floor":48,"turns":6},{"damage":0,"enemies":"Maw","floor":49,"turns":6},{"damage":0,"enemies":"SI_POISON_ARCHETYPE","floor":50,"turns":7},{"damage":0,"enemies":"downfall:CharBossMerchant","floor":52,"turns":5},{"damage":0,"enemies":"downfall:NeowBoss","floor":55,"turns":7},{"damage":0,"enemies":"downfall:NeowBossFinal","floor":56,"turns":7}],"seed_played":"-1291499711554894191","potions_obtained":[{"floor":2.0,"key":"LiquidBronze"},{"floor":5.0,"key":"hexamod:SoulburnPotion"},{"floor":10.0,"key":"Guardian:BlockOnCardUsePotion"},{"floor":12.0,"key":"Weak Potion"},{"floor":16.0,"key":"Guardian:DefensiveModePotion"},{"floor":20.0,"key":"SteroidPotion"},{"floor":26,"key":"LiquidMemories"},{"floor":28,"key":"champ:CounterPotion"},{"floor":32,"key":"BlessingOfTheForge"},{"floor":33,"key":"Energy Potion"},{"floor":36,"key":"hexamod:SoulburnPotion"},{"floor":40,"key":"Guardian:DefensiveModePotion"},{"floor":47,"key":"ColorlessPotion"},{"floor":48,"key":"EntropicBrew"},{"floor":49,"key":"Explosive Potion"}],"is_trial":false,"path_per_floor":["R","M","$","M","M","?","T","R","?","E","M","M","R","?","M","B",null,"R","M","M","?","?","?","T","M","M","?","E","R","$","M","M","B",null,"R","M","M","?","?","E","T","E","M","?","R","$","M","E","M","B",null,"E","$","R","B","B",null],"character_chosen":"GUARDIAN","items_purchased":["hexamod:BolsterEngine","Ice Cream","Guardian:ConstructionForm","OrangePellets","bronze:DecasWashers","Guardian:FloatingOrbs","Guardian:FuturePlans","Whetstone","PowerPotion"],"campfire_rested":1,"item_purchase_floors":[30,30,30,39,39,39,46,53,53],"current_hp_per_floor":[72,68,64,64,64,64,64,64,64,59,59,59,59,52,53,54,75,75,74,73,73,73,73,73,64,51,47,18,44,45,46,47,32,77,77,78,79,80,78,79,79,80,80,72,82,82,83,84,85,86,106,107,107,107,108,109],"gold":17,"neow_bonus":"ONE_RARE_RELIC","is_daily":false,"chose_seed":false,"campfire_upgraded":6,"win_rate":0.0,"timestamp":1613351645,"path_taken":["R","M","$","M","M","?","T","R","?","E","M","M","R","?","M","BOSS","R","M","M","?","?","?","T","M","M","?","E","R","$","M","M","BOSS","R","M","M","?","?","E","T","E","M","?","R","$","?","E","M","BOSS","E","$","R","BOSS","BOSS"],"items_purchased_type":["Relic","Relic","Card","Relic","Relic","Card","Card","Relic","Potion"],"build_version":"2020-12-22","purchased_purges":4,"victory":true,"max_hp_per_floor":[80,80,80,80,80,80,80,80,80,80,80,80,80,80,81,82,82,82,83,84,84,84,84,84,85,86,87,88,88,89,90,91,92,92,92,93,94,95,96,97,97,98,99,99,109,109,110,111,112,113,113,114,114,114,115,116],"relic_stats":{"Torii":0,"counters":[34,168],"PreservedInsect":590,"Pen Nib":[2],"Whetstone":["Guardian:TwinSlam","Guardian:Strike_Guardian"],"Mercury Hourglass":[494],"SsserpentHead":400,"OrangePellets":[30],"FaceOfCleric":26,"Gambling Chip":[44],"Bronze Scales":[216],"Kunai":[12],"obtain_stats":[{"Ice Cream":30,"Calipers":42,"Torii":38,"GremlinMask":14,"downfall:HeartBlessingGreen":29,"Whetstone":53,"SsserpentHead":14,"FaceOfCleric":14,"Slimebound:StickyStick":10,"downfall:HeartBlessingBlue":45,"Gambling Chip":27,"Philosopher\u0027s Stone":34,"downfall:CloakOfManyFaces":14,"Kunai":48,"downfall:HeartBlessingRed":13,"Guardian:GemstoneGun":0,"bronze:DecasWashers":39,"Guardian:ModeShifter":0,"PreservedInsect":6,"The Courier":27,"Pen Nib":52,"Mercury Hourglass":7,"SlaversCollar":17,"OrangePellets":39,"Bronze Scales":28,"CultistMask":14,"Slimebound:PreparedRelic":40,"hexamod:BolsterEngine":30,"NlothsMask":14},{"Ice Cream":17,"Calipers":26,"Torii":23,"GremlinMask":8,"downfall:HeartBlessingGreen":16,"Whetstone":32,"SsserpentHead":8,"FaceOfCleric":8,"Slimebound:StickyStick":5,"downfall:HeartBlessingBlue":27,"Gambling Chip":15,"Philosopher\u0027s Stone":20,"downfall:CloakOfManyFaces":8,"Kunai":29,"downfall:HeartBlessingRed":7,"Guardian:GemstoneGun":0,"bronze:DecasWashers":24,"Guardian:ModeShifter":0,"PreservedInsect":4,"The Courier":15,"Pen Nib":32,"Mercury Hourglass":4,"SlaversCollar":10,"OrangePellets":24,"Bronze Scales":16,"CultistMask":8,"Slimebound:PreparedRelic":25,"hexamod:BolsterEngine":17,"NlothsMask":8},{"Ice Cream":73,"Calipers":120,"Torii":106,"GremlinMask":32,"downfall:HeartBlessingGreen":69,"Whetstone":154,"SsserpentHead":32,"FaceOfCleric":32,"Slimebound:StickyStick":21,"downfall:HeartBlessingBlue":125,"Gambling Chip":65,"Philosopher\u0027s Stone":88,"downfall:CloakOfManyFaces":32,"Kunai":136,"downfall:HeartBlessingRed":27,"Guardian:GemstoneGun":0,"bronze:DecasWashers":110,"Guardian:ModeShifter":0,"PreservedInsect":16,"The Courier":65,"Pen Nib":154,"Mercury Hourglass":16,"SlaversCollar":39,"OrangePellets":110,"Bronze Scales":69,"CultistMask":32,"Slimebound:PreparedRelic":116,"hexamod:BolsterEngine":73,"NlothsMask":32}]},"card_choices":[{"not_picked":["Guardian:TemporalStrike","Guardian:ShieldSpikes"],"picked":"Guardian:BodySlam","floor":2.0},{"not_picked":["Guardian:Gem_White","Guardian:Suspension"],"picked":"Guardian:ShieldSpikes","floor":3.0},{"not_picked":["Guardian:TemporalStrike","Guardian:Suspension"],"picked":"Guardian:Recover","floor":4.0},{"not_picked":["Guardian:Gem_Green","Guardian:DonusPower"],"picked":"Guardian:Reroute","floor":5.0},{"not_picked":["Guardian:BaubleBeam","Guardian:Harden"],"picked":"Guardian:MultiBeam","floor":10.0},{"not_picked":["Guardian:TimeBomb","Guardian:ChargeUp"],"picked":"Guardian:ShieldCharger","floor":11.0},{"not_picked":["Guardian:PrimingBeam","Guardian:Gem_Red"],"picked":"Guardian:FuturePlans","floor":12.0},{"not_picked":["Guardian:Gem_Red","Guardian:Reroute"],"picked":"Guardian:ArmoredProtocol","floor":14.0},{"not_picked":["Guardian:PiercingHide","Guardian:Gem_Red"],"picked":"Guardian:Incinerate","floor":15.0},{"not_picked":["Guardian:Gem_Orange","Guardian:FierceBash"],"picked":"Guardian:AncientConstruct","floor":16.0},{"not_picked":["Guardian:Gem_White","Guardian:PiercingHide"],"picked":"Guardian:Repulse+1","floor":19.0},{"not_picked":["Guardian:DonusPower","Guardian:TemporalShield","Guardian:Reroute+1"],"picked":"SKIP","floor":20.0},{"not_picked":["Guardian:Preprogram+1","Guardian:Gem_Lightblue"],"picked":"Guardian:TimeCapacitor+1","floor":25.0},{"not_picked":["Guardian:RollAttack","Guardian:RefractedBeam"],"picked":"Guardian:Gem_Red","floor":26},{"not_picked":["Guardian:Gem_Red","Guardian:RefractedBeam"],"picked":"Guardian:Gem_Yellow","floor":27},{"not_picked":["Guardian:WalkerClaw","Guardian:Incinerate+1"],"picked":"Guardian:RollAttack","floor":28},{"not_picked":["Guardian:WalkerClaw","Guardian:TimeBomb+1"],"picked":"Guardian:ChargeCore","floor":30},{"not_picked":["Guardian:TemporalShield","Guardian:TimeCapacitor"],"picked":"Guardian:Gem_Purple","floor":31},{"not_picked":["Guardian:Gem_Cyan","Guardian:CrystalBeam+1"],"picked":"Guardian:Gem_Red","floor":32},{"not_picked":["Guardian:AncientConstruct","Guardian:RevengeProtocol"],"picked":"Guardian:ConstructionForm","floor":33},{"not_picked":["Guardian:Orbwalk+1","Guardian:ChargeCore"],"picked":"Guardian:PiercingHide+1","floor":36},{"not_picked":["Guardian:Gem_Fragmented","Guardian:PiercingHide+1","Guardian:CrystalBeam+1"],"picked":"SKIP","floor":37},{"not_picked":["Guardian:RollAttack","Guardian:EvasiveProtocol"],"picked":"Guardian:SpikerProtocol+1","floor":39},{"not_picked":["Guardian:Incinerate","Guardian:DecasProtection+1"],"picked":"Guardian:Gem_Blue","floor":40},{"not_picked":["Guardian:Harden+1","Guardian:TemporalStrike+1"],"picked":"Guardian:ShieldCharger+1","floor":42},{"not_picked":["Guardian:CrystalBeam+1","Guardian:Incinerate","Guardian:GuardianWhirl+1"],"picked":"SKIP","floor":43},{"not_picked":["Guardian:VentSteam+1","Guardian:AncientConstruct"],"picked":"Guardian:BronzeArmor","floor":47},{"not_picked":["Guardian:BronzeArmor","Guardian:Repulse"],"picked":"Guardian:Gem_Yellow","floor":48},{"not_picked":["Guardian:PrimingBeam+1","Guardian:TemporalStrike","Guardian:RefractedBeam"],"picked":"SKIP","floor":49},{"not_picked":["Guardian:ChargeCore+1","Guardian:Preprogram","Guardian:CrystalBeam"],"picked":"SKIP","floor":52}],"player_experience":1777441,"relics_obtained":[{"floor":7.0,"key":"Mercury Hourglass"},{"floor":10.0,"key":"Slimebound:StickyStick"},{"floor":14.0,"key":"downfall:CloakOfManyFaces"},{"floor":27,"key":"Gambling Chip"},{"floor":27,"key":"The Courier"},{"floor":28,"key":"Bronze Scales"},{"floor":38,"key":"Torii"},{"floor":40,"key":"Slimebound:PreparedRelic"},{"floor":42,"key":"Calipers"},{"floor":48,"key":"Kunai"},{"floor":52,"key":"Pen Nib"}],"event_choices":[{"damage_healed":0.0,"max_hp_gain":0.0,"max_hp_loss":0.0,"gold_gain":0.0,"event_name":"Vampires","player_choice":"Ignored","floor":22.0,"gold_loss":0.0,"damage_taken":0.0},{"damage_healed":0,"gold_gain":0,"player_choice":"Fight","damage_taken":0,"max_hp_gain":0,"max_hp_loss":0,"event_name":"Mysterious Sphere","floor":38,"gold_loss":0}],"is_beta":false,"boss_relics":[{"not_picked":["Guardian:StasisSlotReductionRelic","Empty Cage"],"picked":"SlaversCollar"},{"not_picked":["Astrolabe","SacredBark"],"picked":"Philosopher\u0027s Stone"}],"items_purged_floors":[3,30,39,46],"is_endless":false,"potions_floor_spawned":[2,5,10,12,16,20,26,28,32,33,36,40,47,48,49],"ascension_level":7}}