{"host":"ix07nhfx4o3nf6kx","time":1613390276,"event":{"mods":["BaseMod","Hermit","Minty Spire (QoL Compilation)","StSLib","The Bug Knight","The Cursed","The Dragon Tamer","The Hierophant","The Jungle","The Runesmith"],"gold_per_floor":[115,115,40,40,50,50,78,78,78,78,39,39,55,87,87,188,188,206,206,206,206,206,206,224,224,224,241,241,253,11,26,26,126,176,194,112,128,140,140,140,140],"floor_reached":40,"language":"KOR","playtime":3965,"items_purged":[],"score":442,"play_id":"c018487a-9c22-41a4-87fb-9676ca8dbc46","local_time":"20210215205756","is_ascension_mode":false,"campfire_choices":[{"data":"HollowMod:HornetsHelp","floor":6,"key":"SMITH"},{"floor":8,"key":"REST"},{"floor":10,"key":"REST"},{"data":"HollowMod:CornifersMapStart","floor":12,"key":"SMITH"},{"data":"HollowMod:DoubleDash","floor":15,"key":"SMITH"},{"data":"HollowMod:Weaversong","floor":23,"key":"SMITH"},{"data":"Ghostly","floor":25,"key":"SMITH"},{"floor":32,"key":"REST"}],"circlet_count":0,"master_deck":["HollowMod:NailStrikeStart+1","HollowMod:NailStrikeStart+1","HollowMod:NailStrikeStart+1","HollowMod:NailStrikeStart+1","HollowMod:QuickDashStart+1","HollowMod:QuickDashStart+1","HollowMod:QuickDashStart+1","HollowMod:QuickDashStart+1","HollowMod:FocusHealStart+1","HollowMod:PogoStrike","HollowMod:LifebloodCore+1","HollowMod:DoubleDash+1","HollowMod:HornetsHelp+1","HollowMod:SoulEater","HollowMod:CornifersMapStart+1","HollowMod:FallenFury+1","HollowMod:CycloneSlash","HollowMod:FastStrike","HollowMod:Weaversong+1","HollowMod:CrystalDash","Ghostly+1","Ghostly+1","Ghostly","Ghostly","Ghostly","HollowMod:QuirrelsAssistance","HollowMod:DashSlash+1","HollowMod:AwokenDreamNail","Enlightenment","HollowMod:GrimmsGift","HollowMod:MantisMark","HollowMod:SharpenedNail+1","HollowMod:MonomonsArchive","HollowMod:CloakDash+1","Dark Shackles","Apotheosis"],"relics":["HollowMod:VesselMask","Lantern","Regal Pillow","Bag of Preparation","Snecko Eye","Bottled Tornado","PreservedInsect","War Paint","Tiny House"],"acts_visited":["Exordium","TheCity","TheBeyond"],"potions_floor_usage":[16,33,33,38,40,40],"damage_taken":[{"damage":0,"enemies":"Jaw Worm","floor":1,"turns":3},{"damage":0,"enemies":"2 Louse","floor":5,"turns":3},{"damage":68,"enemies":"Lagavulin","floor":7,"turns":13},{"damage":0,"enemies":"Small Slimes","floor":13,"turns":3},{"damage":9,"enemies":"3 Sentries","floor":14,"turns":8},{"damage":61,"enemies":"The Guardian","floor":16,"turns":17},{"damage":0,"enemies":"Spheric Guardian","floor":18,"turns":3},{"damage":3,"enemies":"HollowMod:HuskSentry","floor":24,"turns":4},{"damage":31,"enemies":"Centurion and Healer","floor":27,"turns":14},{"damage":0,"enemies":"Snake Plant","floor":29,"turns":3},{"damage":2,"enemies":"Chosen and Byrds","floor":31,"turns":6},{"damage":27,"enemies":"HollowMod:NKGrimm","floor":33,"turns":13},{"damage":2,"enemies":"Orb Walker","floor":35,"turns":4},{"damage":22,"enemies":"3 Shapes","floor":37,"turns":6},{"damage":19,"enemies":"Maw","floor":38,"turns":12},{"damage":5,"enemies":"Sphere and 2 Shapes","floor":40,"turns":2}],"seed_played":"-6488319054166322711","potions_obtained":[{"floor":14,"key":"AttackPotion"},{"floor":18,"key":"AttackPotion"},{"floor":27,"key":"FearPotion"},{"floor":34,"key":"BlessingOfTheForge"},{"floor":35,"key":"Energy Potion"},{"floor":38,"key":"FearPotion"}],"is_trial":false,"path_per_floor":["M","?","$","?","M","R","E","R","T","R","$","R","M","E","R","B",null,"M","?","?","T","$","R","M","R","T","M","$","M","$","M","R","B",null,"M","$","M","M","?","M"],"character_chosen":"THE_BUGKNIGHT","items_purchased":["HollowMod:HornetsHelp","HollowMod:FallenFury","War Paint","Enlightenment","HollowMod:MonomonsArchive"],"campfire_rested":3,"item_purchase_floors":[3,11,30,30,36],"current_hp_per_floor":[68,68,68,68,68,68,12,32,32,67,67,67,68,59,59,8,68,68,34,34,34,34,34,31,31,31,10,10,10,10,18,34,17,39,37,37,15,8,3,0,0],"gold":140,"neow_bonus":"THREE_RARE_CARDS","is_daily":false,"chose_seed":false,"campfire_upgraded":5,"win_rate":0.0,"timestamp":1613390276,"path_taken":["M","?","$","?","M","R","E","R","T","R","$","R","M","E","R","BOSS","M","?","?","?","$","R","M","R","T","?","?","M","$","M","R","BOSS","M","$","M","M","?","M"],"items_purchased_type":["Card","Card","Relic","Card","Card"],"build_version":"2020-12-22","purchased_purges":0,"victory":false,"max_hp_per_floor":[68,68,68,68,68,68,68,68,68,68,68,68,68,68,68,68,68,68,34,34,34,34,34,34,34,34,34,34,34,34,34,34,34,39,39,39,39,39,39,39,39],"card_choices":[{"not_picked":["HollowMod:ElderbugsWisdom","HollowMod:VoidDash"],"picked":"HollowMod:LifebloodCore","floor":0},{"not_picked":["HollowMod:VengefulVoid","HollowMod:HeavyBlow"],"picked":"HollowMod:DoubleDash","floor":1},{"not_picked":["HollowMod:SiblingsSouls","HollowMod:SiblingsShadow"],"picked":"HollowMod:SoulEater","floor":5},{"not_picked":["HollowMod:WraithStrike","HollowMod:TaintedHusks"],"picked":"HollowMod:CornifersMapStart","floor":7},{"not_picked":["HollowMod:ShapeofUnn","HollowMod:SharpenedNail"],"picked":"HollowMod:CycloneSlash","floor":13},{"not_picked":["HollowMod:LifebloodCocoon","HollowMod:SharpenedShadows"],"picked":"HollowMod:FastStrike","floor":14},{"not_picked":["HollowMod:HornetsHelp","HollowMod:HerrahsAnger"],"picked":"HollowMod:Weaversong","floor":16},{"not_picked":["HollowMod:SoulShaman+1","HollowMod:CornifersMapStart"],"picked":"HollowMod:CrystalDash","floor":18},{"not_picked":["HollowMod:SiblingsSouls","HollowMod:ShadowDash"],"picked":"HollowMod:QuirrelsAssistance","floor":24},{"not_picked":["HollowMod:GoodIntentions","HollowMod:DreamGate"],"picked":"HollowMod:DashSlash+1","floor":27},{"not_picked":["HollowMod:NewLittleFool+1","HollowMod:FallenFury"],"picked":"HollowMod:AwokenDreamNail","floor":29},{"not_picked":["HollowMod:LuriensSpire","HollowMod:BlackTendrils"],"picked":"HollowMod:GrimmsGift","floor":31},{"not_picked":["HollowMod:DungDefenderAura+1","HollowMod:DreamGate"],"picked":"HollowMod:MantisMark","floor":34},{"not_picked":["HollowMod:NewGlowingWomb","HollowMod:DescendingDark"],"picked":"HollowMod:SharpenedNail+1","floor":35},{"not_picked":["HollowMod:CycloneSlash+1","HollowMod:ShadowDash"],"picked":"HollowMod:CloakDash+1","floor":37},{"not_picked":["HollowMod:InfectionAssault","HollowMod:TaintedHusks+1","HollowMod:MothsMistake+1"],"picked":"SKIP","floor":38},{"not_picked":["Purity","Trip"],"picked":"Dark Shackles","floor":39},{"not_picked":["Thinking Ahead","Master of Strategy"],"picked":"Apotheosis","floor":39}],"player_experience":309164,"relics_obtained":[{"floor":7,"key":"Lantern"},{"floor":9,"key":"Regal Pillow"},{"floor":14,"key":"Bag of Preparation"},{"floor":21,"key":"Bottled Tornado"},{"floor":26,"key":"PreservedInsect"}],"event_choices":[{"damage_healed":0,"gold_gain":0,"player_choice":"Ignored","damage_taken":0,"max_hp_gain":0,"max_hp_loss":0,"event_name":"Golden Wing","floor":2,"gold_loss":0},{"damage_healed":0,"gold_gain":0,"player_choice":"Grow","damage_taken":0,"max_hp_gain":0,"max_hp_loss":0,"event_name":"Living Wall","floor":4,"gold_loss":0,"cards_upgraded":["HollowMod:LifebloodCore"]},{"damage_healed":0,"gold_gain":0,"player_choice":"Became a Ghost","damage_taken":0,"max_hp_gain":0,"max_hp_loss":34,"event_name":"Ghosts","floor":19,"gold_loss":0,"cards_obtained":["Ghostly","Ghostly","Ghostly","Ghostly","Ghostly"]},{"damage_healed":0,"gold_gain":0,"player_choice":"Simplicity","damage_taken":0,"max_hp_gain":0,"max_hp_loss":0,"event_name":"Back to Basics","floor":20,"gold_loss":0,"cards_upgraded":["HollowMod:NailStrikeStart","HollowMod:NailStrikeStart","HollowMod:NailStrikeStart","HollowMod:NailStrikeStart","HollowMod:QuickDashStart","HollowMod:QuickDashStart","HollowMod:QuickDashStart","HollowMod:QuickDashStart"]},{"damage_healed":0,"gold_gain":0,"player_choice":"Memory 2","damage_taken":5,"max_hp_gain":0,"max_hp_loss":0,"event_name":"SensoryStone","floor":39,"gold_loss":0}],"is_beta":false,"boss_relics":[{"not_picked":["Velvet Choker","Black Star"],"picked":"Snecko Eye"},{"not_picked":["Empty Cage","Astrolabe"],"picked":"Tiny House"}],"items_purged_floors":[],"is_endless":false,"potions_floor_spawned":[14,18,27,35,38],"killed_by":"Sphere and 2 Shapes","ascension_level":0}}