{"host":"l7l2v2zs4hqku4vk","time":1613355107,"event":{"mods":["Act Like it!","BaseMod","Colored Powertips","Downfall","Highlight Path","Minty Spire (QoL Compilation)","Replay The Spire","RumiaBox-露米娅的神秘盒子","StSLib","TestMod","The Servant 0.9.4","篝火指南"],"gold_per_floor":[99,118,118,136,166,166,240,258,302,302,328,328,254,281,307,413,413,413,433,450,450,665,688,738,691,711,745,766,785,837,314,328,439,439,800,844,884,932,583,483,509,509,509,531,531,559,578,42,75,103,103,145,432,432,444,450],"floor_reached":57,"language":"ZHS","playtime":3925,"items_purged":["Slimebound:Strike_Slimebound","Slimebound:Strike_Slimebound","Slimebound:Strike_Slimebound","Slimebound:WasteNot+1","Slimebound:Grow","Slimebound:ViciousTackle","Slimebound:Equalize"],"score":1250,"play_id":"d84b9771-6045-423e-b2c2-a24f2e07e998","local_time":"20210215101147","is_ascension_mode":false,"campfire_choices":[{"data":"Slimebound:Tackle","floor":1,"key":"SMITH"},{"data":"Slimebound:Chomp","floor":6,"key":"SMITH"},{"data":"Slimebound:Split","floor":10,"key":"SMITH"},{"data":"Slimebound:Split","floor":12,"key":"SMITH"},{"data":"Slimebound:RainOfGoop","floor":18,"key":"SMITH"},{"floor":35,"key":"RECALL"},{"data":"expansioncontent:QuickStudy","floor":40,"key":"SMITH"},{"data":"Slimebound:MassRepurpose","floor":42,"key":"SMITH"},{"data":"Slimebound:Darklings","floor":45,"key":"SMITH"},{"data":"Slimebound:LevelUp","floor":54,"key":"SMITH"}],"circlet_count":0,"master_deck":["Slimebound:Tackle+1","Slimebound:Defend_Slimebound","Slimebound:Defend_Slimebound","Slimebound:Defend_Slimebound+1","Slimebound:Defend_Slimebound","Slimebound:Split+1","Slimebound:CorrosiveSpit","Slimebound:ForwardTackle","Slimebound:Split+1","Slimebound:Chomp+1","Slimebound:GrowthPunch","Slimebound:GoopSpray","Slimebound:RainOfGoop+1","Slimebound:SplitLeeching+1","Slimebound:AcidTongue","Slimebound:SplitLeeching+1","Slimebound:SplitAcid","Slimebound:SplitMire","Slimebound:FlameTackle+1","Slimebound:LeadByExample","Slimebound:Dissolve","Slimebound:SplitBruiser","Slimebound:SplitMire","Slimebound:LevelUp+1","Slimebound:MassRepurpose+1","Slimebound:RollThrough+1","expansioncontent:QuickStudy+1","Slimebound:Darklings+1","Slimebound:PressTheAttack+1"],"relics":["Slimebound:AbsorbEndCombat","testmod-TestBox","Replay:Bandana","testmod-Recursion","Mercury Hourglass","FossilizedHelix","testmod-CardMagician","MoreBug","MagicDraw1","Replay:Accelerometer","testmod-CrystalShield","Ancient Tea Set","HandDrill","testmod-Fanaticism","downfall:HeartBlessingGreen","downfall:HeartBlessingBlue","downfall:HeartBlessingRed","MealTicket","Divine Protection","Happy Flower","Replay:WaspNest"],"acts_visited":["Exordium","TheCity","TheBeyond","TheEnding"],"potions_floor_usage":[14,16,16,16,33,33,33,48,55,55,55],"damage_taken":[{"damage":12,"enemies":"Jaw Worm","floor":2,"turns":2},{"damage":4,"enemies":"Cultist","floor":4,"turns":3},{"damage":3,"enemies":"Small Slimes","floor":5,"turns":2},{"damage":7,"enemies":"Exordium Thugs","floor":8,"turns":2},{"damage":0,"enemies":"3 Sentries","floor":9,"turns":4},{"damage":0,"enemies":"Blue Slaver","floor":11,"turns":2},{"damage":0,"enemies":"downfall:FleeingMerchant","floor":13,"turns":4},{"damage":13,"enemies":"Large Slime","floor":14,"turns":2},{"damage":0,"enemies":"Exordium Wildlife","floor":15,"turns":2},{"damage":8,"enemies":"WA_ARCHETYPE_RETAIN","floor":16,"turns":4},{"damage":0,"enemies":"3 Byrds","floor":19,"turns":3},{"damage":23,"enemies":"downfall:LooterAlt2","floor":20,"turns":4},{"damage":15,"enemies":"downfall:FleeingMerchant","floor":22,"turns":4},{"damage":0,"enemies":"Centurion and Healer","floor":23,"turns":5},{"damage":0,"enemies":"downfall:FleeingMerchant","floor":25,"turns":2},{"damage":0,"enemies":"Snecko","floor":26,"turns":3},{"damage":1,"enemies":"Replay:Snechameleon","floor":27,"turns":4},{"damage":0,"enemies":"Shelled Parasite and Fungi","floor":28,"turns":3},{"damage":14,"enemies":"Snake Plant","floor":29,"turns":2},{"damage":15,"enemies":"Book of Stabbing","floor":30,"turns":4},{"damage":8,"enemies":"Centurion and Healer","floor":32,"turns":4},{"damage":21,"enemies":"IC_MUSHROOM_ARCHETYPE","floor":33,"turns":5},{"damage":45,"enemies":"3 Shapes","floor":36,"turns":2},{"damage":10,"enemies":"3 Darklings","floor":37,"turns":3},{"damage":0,"enemies":"Sphere and 2 Shapes","floor":44,"turns":2},{"damage":3,"enemies":"Spire Growth","floor":46,"turns":2},{"damage":0,"enemies":"Writhing Mass","floor":47,"turns":2},{"damage":38,"enemies":"4 Shapes","floor":49,"turns":2},{"damage":31,"enemies":"DF_ARCHETYPE_ORBS","floor":50,"turns":5},{"damage":10,"enemies":"downfall:CharBossMerchant","floor":52,"turns":4},{"damage":16,"enemies":"downfall:NeowBoss","floor":55,"turns":8},{"damage":37,"enemies":"downfall:NeowBossFinal","floor":56,"turns":6}],"seed_played":"-2512455573106177475","potions_obtained":[{"floor":2,"key":"Fire Potion"},{"floor":5,"key":"Guardian:BlockOnCardUsePotion"},{"floor":14,"key":"Energy Potion"},{"floor":15,"key":"Fire Potion"},{"floor":26,"key":"Adrenaline Potion"},{"floor":27,"key":"SkillPotion"},{"floor":28,"key":"Energy Potion"},{"floor":38,"key":"Milkshake"},{"floor":38,"key":"testmod-TestPotion"},{"floor":38,"key":"Venom Potion"},{"floor":49,"key":"GamblersBrew"}],"is_trial":false,"path_per_floor":["R","M","?","M","M","R","T","M","E","R","M","R","$","M","M","B",null,"R","M","M","?","$","M","T","$","M","E","M","M","E","$","M","B",null,"R","M","M","?","$","R","T","R","?","M","R","M","M","$","M","B",null,"E","$","R","B","B",null],"character_chosen":"SLIMEBOUND","items_purchased":["Slimebound:SplitLeeching+1","MoreBug","MagicDraw1","Ancient Tea Set","Slimebound:SplitBruiser","Slimebound:SplitMire","HandDrill","expansioncontent:QuickStudy","testmod-SpacePotion","Divine Protection","Replay:WaspNest","Fruit Juice"],"campfire_rested":0,"item_purchase_floors":[22,22,25,31,31,31,31,39,48,48,53,53],"current_hp_per_floor":[65,53,53,49,46,46,46,43,49,49,51,51,65,54,58,54,65,65,65,44,36,31,45,45,49,55,65,65,53,54,54,51,51,65,75,57,59,59,59,59,59,59,59,65,65,62,68,75,71,70,75,75,75,75,80,80],"gold":450,"neow_bonus":"RANDOM_COMMON_RELIC","is_daily":false,"chose_seed":false,"campfire_upgraded":9,"win_rate":0.0,"timestamp":1613355107,"path_taken":["R","M","?","M","M","R","T","?","E","R","M","R","?","M","M","BOSS","R","M","M","?","$","M","T","$","M","E","M","M","E","?","M","BOSS","R","M","M","?","$","R","T","R","?","M","R","M","M","$","M","BOSS","E","$","R","BOSS","BOSS"],"items_purchased_type":["Card","Relic","Relic","Relic","Card","Card","Relic","Card","Potion","Relic","Relic","Potion"],"build_version":"2020-12-22","purchased_purges":7,"victory":true,"max_hp_per_floor":[65,65,65,65,65,65,65,65,65,65,65,65,65,65,65,65,65,65,65,65,65,65,65,65,65,65,65,65,65,65,65,65,65,65,75,75,75,75,75,75,75,75,75,75,75,75,75,75,75,75,75,75,75,75,80,80],"card_choices":[{"not_picked":["Slimebound:HauntingLick","Slimebound:SamplingLick"],"picked":"Slimebound:ForwardTackle","floor":2},{"not_picked":["Slimebound:HauntingLick","Slimebound:LeechingTouch"],"picked":"Slimebound:Chomp","floor":4},{"not_picked":["Slimebound:ComboTackle","Slimebound:SpikyOuterGoop"],"picked":"Slimebound:GrowthPunch","floor":5},{"not_picked":["Slimebound:TongueLash","Slimebound:LeechingTouch"],"picked":"Slimebound:GoopSpray","floor":8},{"not_picked":["Slimebound:RainOfGoop","Slimebound:LeechEnergy"],"picked":"Slimebound:ViciousTackle","floor":9},{"not_picked":["Slimebound:Schlurp","Slimebound:SplitBruiser"],"picked":"Slimebound:Equalize","floor":11},{"not_picked":["Slimebound:Chomp","Slimebound:Overexert"],"picked":"Slimebound:MinionMaster","floor":13},{"not_picked":["Slimebound:SplitAcid","Slimebound:FormOfPuddle"],"picked":"Slimebound:Grow","floor":14},{"not_picked":["Slimebound:PressTheAttack","Slimebound:Prepare"],"picked":"Slimebound:RainOfGoop","floor":15},{"not_picked":["Slimebound:DouseInSlime","Slimebound:LeechLife"],"picked":"Slimebound:WasteNot","floor":16},{"not_picked":["Slimebound:ForwardTackle","Slimebound:TongueLash"],"picked":"Slimebound:SplitLeeching+1","floor":19},{"not_picked":["Slimebound:ComboTackle","Slimebound:SplitLeeching","Slimebound:LeechingTouch+1"],"picked":"SKIP","floor":20},{"not_picked":["Slimebound:SamplingLick","Slimebound:Schlurp+1"],"picked":"Slimebound:AcidTongue","floor":22},{"not_picked":["Slimebound:ComboTackle+1","Slimebound:GrowthPunch"],"picked":"Slimebound:SplitAcid","floor":23},{"not_picked":["Slimebound:Chomp","Slimebound:Grow"],"picked":"Slimebound:SplitMire","floor":25},{"not_picked":["Slimebound:ViciousTackle+1","Slimebound:SlimeBarrage"],"picked":"Slimebound:FlameTackle+1","floor":26},{"not_picked":["Slimebound:Gluttony","Slimebound:Chomp"],"picked":"Slimebound:LeadByExample","floor":27},{"not_picked":["Slimebound:SplitAcid","Slimebound:PressTheAttack+1"],"picked":"Slimebound:Dissolve","floor":28},{"not_picked":["Slimebound:Gluttony","Slimebound:LeechingTouch","Slimebound:SplitMire"],"picked":"SKIP","floor":29},{"not_picked":["Slimebound:ViciousTackle","Slimebound:RainOfGoop+1","Slimebound:SplitAcid"],"picked":"SKIP","floor":30},{"not_picked":["Slimebound:GoopTackle","Slimebound:SlimeBrawl"],"picked":"Slimebound:LevelUp","floor":32},{"not_picked":["Slimebound:RallyTheTroops","Slimebound:DouseInSlime"],"picked":"Slimebound:MassRepurpose","floor":33},{"not_picked":["Slimebound:LivingWall","Slimebound:PressTheAttack","Slimebound:GoopSpray+1"],"picked":"SKIP","floor":36},{"not_picked":["Slimebound:SplitMire+1","Slimebound:SplitLeeching+1"],"picked":"Slimebound:RollThrough+1","floor":37},{"not_picked":["Slimebound:SlimeSpikes+1","Slimebound:Prepare","Slimebound:SplitMire+1"],"picked":"SKIP","floor":44},{"not_picked":["Slimebound:SamplingLick","Slimebound:ViciousTackle","Slimebound:RainOfGoop"],"picked":"SKIP","floor":46},{"not_picked":["Slimebound:RainOfGoop+1","Slimebound:SplitBruiser+1","Slimebound:HauntingLick"],"picked":"SKIP","floor":47},{"not_picked":["Slimebound:RejuvenatingLick","Slimebound:SplitLeeching+1"],"picked":"Slimebound:PressTheAttack+1","floor":49},{"not_picked":["Slimebound:Replication+1","Slimebound:HauntingLick","Slimebound:ItLooksTasty+1"],"picked":"SKIP","floor":52}],"player_experience":1783248,"relics_obtained":[{"floor":7,"key":"Mercury Hourglass"},{"floor":9,"key":"FossilizedHelix"},{"floor":27,"key":"Replay:Accelerometer"},{"floor":30,"key":"testmod-CrystalShield"},{"floor":41,"key":"MealTicket"},{"floor":52,"key":"Happy Flower"}],"event_choices":[],"is_beta":false,"boss_relics":[{"not_picked":["Slimebound:TarBlob","testmod-Temperance"],"picked":"testmod-CardMagician"},{"not_picked":["Runic Pyramid","Busted Crown"],"picked":"testmod-Fanaticism"}],"items_purged_floors":[13,22,25,31,39,48,53],"is_endless":false,"potions_floor_spawned":[2,5,14,15,26,27,28,30,32,44,49],"ascension_level":0}}