{"host":"dwyzfvnzfcqffr30","time":1613424572,"event":{"mods":["2.2 Compatiblity","Act Like it!","Aspiration","BaseMod","Beaked The Cultist","Better Altar","Better Match","Better Note","Better Sensory Stone","Better Skull","Better Third Choice","Clockwork Mod","Colored Map","Colored Powertips","Conspire","Downfall","Elementarium","GifTheSpireLib","Halation","Hermit","Hubris","Infinite Spire","Ironclad Rager","Jedi Mod","Menagerie","Mimic Mod","Minty Spire (QoL Compilation)","Permanent Neow","Random Character Button","Relic Filter Mod","Reliquary","Replay The Spire","Spicy Shops","Spikes Relics","StSLib","Stuff the Spire","The Construct","The Disciple","The Druid","The Marked","TheFirefly","Trackpad","Wandering Minibosses"],"gold_per_floor":[119,143,171,171,198,198,240,240,240,285,321,360,412,412,412,512,512,563,563,607,634,694,694,694,694],"floor_reached":24,"language":"ENG","playtime":1385,"items_purged":["Strike_G+1"],"score":450,"play_id":"b3699809-a790-4e43-ba1b-9534d63623e8","local_time":"20210215132932","is_ascension_mode":true,"campfire_choices":[{"floor":6,"key":"RECALL"},{"floor":8,"key":"REST"},{"floor":15,"key":"REST"},{"floor":23,"key":"REST"}],"circlet_count":0,"master_deck":["AscendersBane","theDruid:Rabid+1","Strike_G+1","Strike_G+1","Strike_G+1","Strike_G+1","Defend_G+1","Defend_G+1","Defend_G+1","Defend_G+1","Defend_G+1","Survivor+1","Neutralize+1","Phantasmal Killer+1","Apotheosis+1","MasterReality+1","Blade Dance+1","StuffTheSpire:DoubleShiv+1","Quick Slash+1","StuffTheSpire:MirrorStance+1","hubris:Sniper+1","Adrenaline+1","Dagger Spray+1","hubris:SlightOfHand+1"],"relics":["Ring of the Snake","Toxic Egg 2","Molten Egg 2","Frozen Egg 2","Quantum Egg","infinitespire:EvilPickle","conspire:InfiniteJournal","SacredBark","hubris:TinFlute","halation:Prosthetics","Bottled Tornado","infinitespire:WardingShard","infinitespire:BottledMercury","reliquary:RosewoodLute","halation:HeavySnake","SnailShell","construct:ClawGrip","Red Mask"],"acts_visited":["Exordium","TheCity"],"potions_floor_usage":[5,7,10,13,16,21,22],"damage_taken":[{"damage":0,"enemies":"2 Louse","floor":1,"turns":4},{"damage":0,"enemies":"Cultist","floor":2,"turns":2},{"damage":0,"enemies":"Jaw Worm","floor":3,"turns":2},{"damage":4,"enemies":"Exordium Thugs","floor":5,"turns":4},{"damage":3,"enemies":"Gremlin Nob","floor":7,"turns":3},{"damage":4,"enemies":"Lagavulin","floor":10,"turns":5},{"damage":0,"enemies":"2 Fungi Beasts","floor":11,"turns":6},{"damage":8,"enemies":"Blue Slaver","floor":12,"turns":3},{"damage":0,"enemies":"3 Sentries","floor":13,"turns":5},{"damage":16,"enemies":"The Guardian","floor":16,"turns":8},{"damage":0,"enemies":"Chosen","floor":18,"turns":3},{"damage":3,"enemies":"2 Thieves","floor":20,"turns":2},{"damage":7,"enemies":"Masked Bandits","floor":21,"turns":2},{"damage":0,"enemies":"Snake Plant","floor":22,"turns":3},{"damage":21,"enemies":"Slavers","floor":24,"turns":5}],"seed_played":"8507497259367305265","potions_obtained":[{"floor":2,"key":"Languid Potion"},{"floor":3,"key":"Strength Potion"},{"floor":7,"key":"SkillPotion"},{"floor":12,"key":"Flashbang"},{"floor":14,"key":"champ:CounterPotion"},{"floor":20,"key":"Strength Potion"},{"floor":21,"key":"Reflective Coating"}],"is_trial":false,"path_per_floor":["M","M","M","?","M","R","E","R","T","E","M","M","E","?","R","B",null,"M","AVR","M","?","M","R","E"],"character_chosen":"THE_SILENT","items_purchased":[],"campfire_rested":3,"item_purchase_floors":[],"current_hp_per_floor":[25,25,25,28,24,24,21,28,28,24,24,16,16,16,24,8,23,23,23,20,13,13,21,0,0],"gold":694,"neow_bonus":"THREE_RARE_CARDS","is_daily":false,"chose_seed":false,"campfire_upgraded":0,"win_rate":0.0,"timestamp":1613424572,"path_taken":["M","M","M","?","M","R","E","R","T","E","M","M","E","?","R","BOSS","M","AVR","M","?","M","R","E"],"items_purchased_type":[],"build_version":"2020-12-22","purchased_purges":1,"victory":false,"max_hp_per_floor":[25,25,25,28,28,28,28,28,28,28,28,28,28,28,28,28,28,28,28,28,28,28,28,28,28],"card_choices":[{"not_picked":["Glass Knife","jedi:brewingpoison"],"picked":"Phantasmal Killer","floor":0},{"not_picked":["Prepared+1","Deflect+1"],"picked":"Blade Dance+1","floor":1},{"not_picked":["Prepared+1","Slice+1","hubris:SlightOfHand+1"],"picked":"SKIP","floor":2},{"not_picked":["Endless Agony+1","ShadowRift+1"],"picked":"StuffTheSpire:DoubleShiv+1","floor":3},{"not_picked":["Predator+1","Dodge and Roll+1","Endless Agony+1"],"picked":"SKIP","floor":5},{"not_picked":["Backflip+1","Replay:Poison Smokescreen+1"],"picked":"Quick Slash+1","floor":7},{"not_picked":["Bane+1","Tools of the Trade+1","All Out Attack+1"],"picked":"SKIP","floor":10},{"not_picked":["Outmaneuver+1","Flying Knee+1"],"picked":"StuffTheSpire:MirrorStance+1","floor":11},{"not_picked":["Quick Slash+1","StuffTheSpire:Injection+1","Tactician+1"],"picked":"SKIP","floor":12},{"not_picked":["Escape Plan+1","Setup+1"],"picked":"hubris:Sniper+1","floor":13},{"not_picked":["Atom Bomb+1","Poison Darts+1"],"picked":"Adrenaline+1","floor":16},{"not_picked":["jedi:pocketpoison+1","StuffTheSpire:Sprint+1"],"picked":"Dagger Spray+1","floor":18},{"not_picked":["Riddle With Holes+1","StuffTheSpire:DoubleShiv+1","Poisoned Stab+1"],"picked":"SKIP","floor":20},{"not_picked":["Toxin Wave+1","StuffTheSpire:MirrorStance+1"],"picked":"hubris:SlightOfHand+1","floor":22}],"player_experience":3211023,"relics_obtained":[{"floor":7,"key":"infinitespire:WardingShard"},{"floor":10,"key":"infinitespire:BottledMercury"},{"floor":13,"key":"reliquary:RosewoodLute"},{"floor":21,"key":"Red Mask"}],"event_choices":[{"damage_healed":0,"gold_gain":0,"player_choice":"Simplicity","damage_taken":0,"max_hp_gain":0,"max_hp_loss":10,"event_name":"betterThird:BetterWriting","floor":0,"gold_loss":0},{"damage_healed":0,"gold_gain":0,"player_choice":"Got Potions","damage_taken":0,"max_hp_gain":0,"max_hp_loss":0,"event_name":"Lab","floor":14,"gold_loss":0},{"damage_healed":0,"gold_gain":0,"player_choice":"Fought Bandits","damage_taken":0,"max_hp_gain":0,"max_hp_loss":0,"event_name":"Masked Bandits","floor":21,"gold_loss":0}],"is_beta":false,"boss_relics":[{"not_picked":["Fusion Hammer","aspiration:FutureDiary"],"picked":"halation:HeavySnake"}],"items_purged_floors":[19],"is_endless":false,"potions_floor_spawned":[2,3,7,12,20,21],"killed_by":"Slavers","ascension_level":17}}