{"host":"hpn0uxah5qjr7pa6","time":1613378815,"event":{"mods":["2.2 Compatiblity","Act Like it!","Aspiration","BaseMod","Better Third Choice","BetterRewards","Challenge The Spire","Colored Powertips","Conspire","DeckTracker","Downfall","Energized Spire","Hallownest","Hermit","Highlight Path","Hubris","Infinite Spire","Minty Spire (QoL Compilation)","Permanent Neow","Quick Restart","Rare Cards Sparkle","Replay The Spire","Spicy Shops","StSLib"],"gold_per_floor":[116,131,70,87,107,107,107,127,127,127,127,52,63,37,37,137,137,157,157,157,171,131,131,144,144,170,185,185,209,229,229,229,333,333,350,258,277,177,193,193,209,209,263,263,283,283,283,297,297,297],"floor_reached":51,"language":"ENG","playtime":1115,"items_purged":["Clumsy","bronze:FollowUp"],"score":691,"play_id":"2a83fe27-291b-4a26-a0c0-97292789963b","local_time":"20210215004655","daily_mods":["SealedDeck"],"is_ascension_mode":false,"campfire_choices":[{"data":"bronze:ChosenStrike","floor":6,"key":"SMITH"},{"data":"bronze:BronzeOrb","floor":11,"key":"SMITH"},{"data":"bronze:BronzeOrb","floor":23,"key":"SMITH"},{"data":"bronze:ChosenStrike","floor":25,"key":"SMITH"},{"data":"bronze:BronzeOrb","floor":28,"key":"SMITH"},{"data":"bronze:OilSpill","floor":32,"key":"SMITH"},{"floor":40,"key":"REST"},{"data":"bronze:Overheat","floor":46,"key":"SMITH"},{"floor":49,"key":"REST"}],"circlet_count":0,"master_deck":["bronze:Shield","bronze:Overheat","bronze:Branch","bronze:Repair","bronze:Frontload","bronze:Branch","bronze:ChosenStrike+1","bronze:OilSpill","bronze:BronzeOrb+1","bronze:BronzeOrb+1","bronze:DigitalCarnage+1","bronze:BronzeOrb+1","bronze:Overheat","bronze:OilSpill+1","bronze:RecursiveStrike+1","bronze:Overheat+1","bronze:ChosenStrike+1","bronze:OilSpill+1"],"relics":["bronze:BronzeCore","aspiration:Lifesprig","aspiration:TomeofQuesting","infinitespire:Broken Mirror","Painkiller Herb","Bottled Lightning","CeramicFish","MutagenicStrength","Sozu","Matryoshka","Orichalcum","Smiling Mask","CaptainsWheel"],"acts_visited":["Exordium","TheCity","TheBeyond"],"potions_floor_usage":[16,24,29,33,33],"damage_taken":[{"damage":0,"enemies":"Cultist","floor":1,"turns":2},{"damage":0,"enemies":"Small Slimes","floor":2,"turns":2},{"damage":0,"enemies":"2 Louse","floor":4,"turns":1},{"damage":0,"enemies":"Gremlin Gang","floor":5,"turns":4},{"damage":0,"enemies":"Large Slime","floor":8,"turns":3},{"damage":0,"enemies":"3 Louse","floor":13,"turns":2},{"damage":12,"enemies":"Slime Boss","floor":16,"turns":2},{"damage":0,"enemies":"Spheric Guardian","floor":18,"turns":1},{"damage":0,"enemies":"3 Byrds","floor":21,"turns":2},{"damage":0,"enemies":"Snecko","floor":24,"turns":2},{"damage":0,"enemies":"Shelled Parasite and Fungi","floor":27,"turns":2},{"damage":2,"enemies":"Centurion and Healer","floor":29,"turns":2},{"damage":0,"enemies":"Chosen and Byrds","floor":30,"turns":2},{"damage":31,"enemies":"hubris:MusketHawk","floor":33,"turns":5},{"damage":0,"enemies":"3 Shapes","floor":35,"turns":2},{"damage":0,"enemies":"Orb Walker","floor":37,"turns":1},{"damage":26,"enemies":"Sphere and 2 Shapes","floor":39,"turns":4},{"damage":5,"enemies":"4 Shapes","floor":41,"turns":3},{"damage":0,"enemies":"Spire Growth","floor":45,"turns":2},{"damage":12,"enemies":"Writhing Mass","floor":48,"turns":3},{"damage":42,"enemies":"hubris:GrandSnecko","floor":50,"turns":7}],"seed_played":"1214205741077762206","potions_obtained":[{"floor":2,"key":"Death Potion"},{"floor":4,"key":"LiquidBronze"},{"floor":8,"key":"Adrenaline Potion"},{"floor":16,"key":"sneckomod:MuddlingPotion"},{"floor":21,"key":"DuplicationPotion"},{"floor":29,"key":"Adrenaline Potion"}],"is_trial":true,"path_per_floor":["M","M","$","M","M","R","T","M","T","?","R","$","M","$","R","B",null,"?","?","AVR","?","?","T","?","T","T","?","T","?","?","?","T","B",null,"?","?","?","T","?","T","?","?","T","?","?","T","AVR","?","T","B",null],"character_chosen":"THE_AUTOMATON","items_purchased":["aspiration:Lifesprig","bronze:OilSpill"],"campfire_rested":2,"item_purchase_floors":[3,14],"current_hp_per_floor":[70,70,70,70,70,70,70,70,70,70,70,70,70,70,70,58,70,70,70,70,70,70,70,70,70,70,70,70,68,68,68,68,44,70,70,70,70,70,44,65,65,65,65,65,70,70,70,58,70,28],"gold":297,"neow_bonus":"","is_daily":false,"chose_seed":false,"campfire_upgraded":7,"win_rate":0.0,"timestamp":1613378815,"path_taken":["M","M","$","M","?","R","?","M","T","?","R","$","M","$","R","BOSS","?","?","AVR","?","?","T","?","T","T","?","T","?","?","?","T","BOSS","?","?","?","T","?","T","?","?","T","?","?","T","AVR","?","T","BOSS"],"items_purchased_type":["Relic","Card"],"build_version":"2020-12-22","purchased_purges":2,"victory":true,"max_hp_per_floor":[70,70,70,70,70,70,70,70,70,70,70,70,70,70,70,70,70,70,70,70,70,70,70,70,70,70,70,70,70,70,70,70,70,70,70,70,70,70,70,70,70,70,70,70,70,70,70,70,70,70],"card_choices":[{"not_picked":["bronze:Shield","bronze:Repair"],"picked":"bronze:BronzeOrb","floor":1},{"not_picked":["bronze:Frontload","bronze:Refactor","bronze:Constructor"],"picked":"SKIP","floor":2},{"not_picked":["bronze:DelayedGuard","bronze:Shield"],"picked":"bronze:DigitalCarnage","floor":4},{"not_picked":["bronze:DarkDash","bronze:Constructor"],"picked":"bronze:BronzeOrb","floor":5},{"not_picked":["bronze:ForLoop","bronze:Repulsor"],"picked":"bronze:Overheat","floor":8},{"not_picked":["bronze:InfiniteBeams","bronze:Shield","bronze:WhirlingStrike"],"picked":"SKIP","floor":13},{"not_picked":["bronze:Mutator","bronze:Hardcode"],"picked":"bronze:RecursiveStrike","floor":16},{"not_picked":["bronze:DelayedGuard+1","bronze:BugBarrage+1"],"picked":"bronze:Overheat","floor":18},{"not_picked":["bronze:Backtrace+1","bronze:DelayedSlice+1","bronze:CutThrough"],"picked":"SKIP","floor":21},{"not_picked":["bronze:Repulsor+1","bronze:Optimize"],"picked":"bronze:ChosenStrike","floor":24},{"not_picked":["bronze:Constructor","bronze:Separator","bronze:DelayedSlice"],"picked":"SKIP","floor":27},{"not_picked":["bronze:Constructor+1","bronze:Backtrace"],"picked":"bronze:OilSpill+1","floor":29},{"not_picked":["bronze:Fortify","bronze:DelayedGuard","bronze:Separator+1"],"picked":"SKIP","floor":30},{"not_picked":["bronze:Backtrace","bronze:BugBarrage","bronze:Invalidate+1"],"picked":"SKIP","floor":35},{"not_picked":["bronze:DelayedSlice","bronze:BugBarrage+1","bronze:BitShift+1"],"picked":"SKIP","floor":37},{"not_picked":["bronze:Turbo","bronze:DelayedGuard+1","bronze:BuggyMess"],"picked":"SKIP","floor":39},{"not_picked":["bronze:Refactor+1","bronze:GetLatest","bronze:Repulsor"],"picked":"SKIP","floor":41},{"not_picked":["bronze:CutThrough","bronze:Turbo+1","bronze:Safeguard+1"],"picked":"SKIP","floor":45},{"not_picked":["bronze:Frontload","bronze:Turbo","bronze:GetLatest+1"],"picked":"SKIP","floor":48}],"player_experience":251031,"relics_obtained":[{"floor":7,"key":"aspiration:TomeofQuesting"},{"floor":9,"key":"infinitespire:Broken Mirror"},{"floor":26,"key":"CeramicFish"},{"floor":43,"key":"Orichalcum"},{"floor":43,"key":"Smiling Mask"}],"event_choices":[{"damage_healed":0,"gold_gain":0,"player_choice":"Upgrade","damage_taken":0,"max_hp_gain":0,"max_hp_loss":0,"event_name":"Designer","floor":22,"gold_loss":40,"cards_upgraded":["bronze:RecursiveStrike"]},{"damage_healed":0,"gold_gain":0,"player_choice":"Inject Mutagens","damage_taken":0,"relics_obtained":["MutagenicStrength"],"max_hp_gain":0,"max_hp_loss":0,"event_name":"Drug Dealer","floor":31,"gold_loss":0},{"damage_healed":0,"gold_gain":0,"player_choice":"Paid Gold","damage_taken":0,"relics_obtained":["Matryoshka"],"max_hp_gain":0,"max_hp_loss":0,"event_name":"WeMeetAgain","floor":36,"gold_loss":92},{"damage_healed":0,"gold_gain":0,"player_choice":"Ignored","damage_taken":0,"max_hp_gain":0,"max_hp_loss":0,"event_name":"Tomb of Lord Red Mask","floor":44,"gold_loss":0}],"is_beta":false,"boss_relics":[{"not_picked":["expansioncontent:StudyCardRelic","Replay:Grab Bag"],"picked":"Painkiller Herb"},{"not_picked":["Replay:Ancient Bell","hubris:TerracottaHorce"],"picked":"Sozu"}],"items_purged_floors":[12,38],"is_endless":false,"potions_floor_spawned":[2,4,8,16,21,29,37,41,45,48],"ascension_level":0}}