{"host":"oq9vgnvl0fi8z8ha","time":1613398882,"event":{"mods":["BaseMod","Block Reminder","ChefMod","Curses Come First","Evolution","Fox Events","Highlight Path","Minty Spire (QoL Compilation)","Relic Stats","Smile Girya","StSLib","The Bug Knight","The Runesmith","Treasure Hunter","Unceasing Turn Reminder"],"gold_per_floor":[353,353,366,377,13,47,47,63,118,118,118,134,209,241,241,344,344,355,369,41,41,41,41,41],"floor_reached":23,"language":"ENG","playtime":2474,"items_purged":[],"score":224,"play_id":"288a0c3d-b45d-4202-9b20-edec999938a1","local_time":"20210215072122","is_ascension_mode":false,"campfire_choices":[{"floor":7,"key":"RECALL"},{"floor":15,"key":"REST"}],"circlet_count":0,"master_deck":["HollowMod:DashSlash","HollowMod:CycloneSlash","HollowMod:SoulStrike","HollowMod:DoubleDash","HollowMod:DoubleDash","HollowMod:DoubleDash","HollowMod:DoubleDash","HollowMod:FocusHealStart+1","HollowMod:SharpenedNail","HollowMod:SiblingsShadow+1","HollowMod:ElderbugsWisdom","HollowMod:NewLittleFool","HollowMod:MonomonsArchive","TH:DeckOfManyThings","HollowMod:DesolateDive","HollowMod:SiblingsShadow","TH:ArmorSpikes","HollowMod:GoodIntentions","TH:PixieDust","HollowMod:HerrahsAnger","TH:DeckOfManyThings","HollowMod:theNailsmith","HollowMod:CloakDash+1","HollowMod:QuirrelsAssistance","Good Instincts","RitualDagger"],"relics":["HollowMod:VesselMask","EVO:Axolotl","Anchor","Medical Kit","HollowMod:MillibellesNoteRelic","Bottled Flame","Nunchaku","Black Star","Lee\u0027s Waffle"],"acts_visited":["Exordium","TheCity"],"potions_floor_usage":[6,12,14,16,19],"damage_taken":[{"damage":0,"enemies":"Jaw Worm","floor":1,"turns":3},{"damage":0,"enemies":"2 Louse","floor":3,"turns":2},{"damage":0,"enemies":"Small Slimes","floor":4,"turns":4},{"damage":11,"enemies":"Lagavulin","floor":6,"turns":8},{"damage":8,"enemies":"Exordium Wildlife","floor":8,"turns":6},{"damage":3,"enemies":"2 Fungi Beasts","floor":12,"turns":3},{"damage":13,"enemies":"HollowMod:MossKnight","floor":14,"turns":8},{"damage":75,"enemies":"The Guardian","floor":16,"turns":17},{"damage":56,"enemies":"Spheric Guardian","floor":18,"turns":15},{"damage":36,"enemies":"Chosen","floor":19,"turns":9},{"damage":112,"enemies":"Book of Stabbing","floor":23,"turns":10}],"seed_played":"-961246853290194903","potions_obtained":[{"floor":3,"key":"SpeedPotion"},{"floor":4,"key":"SkillPotion"},{"floor":8,"key":"ColorlessPotion"},{"floor":12,"key":"PowerPotion"},{"floor":18,"key":"AttackPotion"}],"is_trial":false,"path_per_floor":["M","?","M","M","$","E","R","M","T","?","?","M","?","E","R","B",null,"M","M","$","?","?","E"],"character_chosen":"THE_BUGKNIGHT","items_purchased":["Medical Kit","HollowMod:MillibellesNoteRelic","HollowMod:MonomonsArchive","Lee\u0027s Waffle","Good Instincts","FairyPotion"],"campfire_rested":1,"item_purchase_floors":[5,5,5,20,20,20],"current_hp_per_floor":[76,76,76,76,76,71,71,68,68,53,53,56,45,44,66,3,76,32,6,83,77,77,0,0],"gold":41,"neow_bonus":"RANDOM_COMMON_RELIC","is_daily":false,"chose_seed":false,"campfire_upgraded":0,"win_rate":0.0,"timestamp":1613398882,"path_taken":["M","?","M","M","$","E","R","M","T","?","?","?","?","E","R","BOSS","M","M","$","?","?","E"],"items_purchased_type":["Relic","Relic","Card","Relic","Card","Potion"],"build_version":"2020-12-22","purchased_purges":0,"victory":false,"max_hp_per_floor":[76,76,76,76,76,76,76,76,76,76,76,76,76,76,76,76,76,76,76,83,83,83,83,83],"relic_stats":{"Nunchaku":[10],"Lee\u0027s Waffle":77,"counters":[11,85],"Black Star":0,"Medical Kit":[12],"obtain_stats":[{"Anchor":0,"Bottled Flame":6,"Nunchaku":14,"Lee\u0027s Waffle":20,"HollowMod:VesselMask":0,"Black Star":17,"EVO:Axolotl":0,"Medical Kit":5,"HollowMod:MillibellesNoteRelic":5},{"Anchor":0,"Bottled Flame":4,"Nunchaku":7,"Lee\u0027s Waffle":10,"HollowMod:VesselMask":0,"Black Star":8,"EVO:Axolotl":0,"Medical Kit":3,"HollowMod:MillibellesNoteRelic":3},{"Anchor":0,"Bottled Flame":17,"Nunchaku":34,"Lee\u0027s Waffle":75,"HollowMod:VesselMask":0,"Black Star":51,"EVO:Axolotl":0,"Medical Kit":9,"HollowMod:MillibellesNoteRelic":9}]},"card_choices":[{"not_picked":["HollowMod:TaintedHusks","HollowMod:SharpenedNail"],"picked":"HollowMod:SiblingsShadow","floor":1},{"not_picked":["HollowMod:SoulStrike","HollowMod:GoodIntentions"],"picked":"HollowMod:ElderbugsWisdom","floor":3},{"not_picked":["HollowMod:Grubsong","HollowMod:SoulVessel"],"picked":"HollowMod:NewLittleFool","floor":4},{"not_picked":["TH:Mimic"],"picked":"TH:DeckOfManyThings","floor":6},{"not_picked":["HollowMod:LifebloodCocoon","HollowMod:ShadowDash"],"picked":"HollowMod:DesolateDive","floor":6},{"not_picked":["HollowMod:CycloneSlash","HollowMod:NewLittleFool"],"picked":"HollowMod:SiblingsShadow","floor":8},{"not_picked":["TH:ElvenBoots"],"picked":"TH:ArmorSpikes","floor":9},{"not_picked":["HollowMod:SharpenedNail","HollowMod:SoulSplash"],"picked":"HollowMod:GoodIntentions","floor":12},{"not_picked":["TH:Mimic"],"picked":"TH:PixieDust","floor":14},{"not_picked":["HollowMod:SoulStrike","HollowMod:DescendingDark"],"picked":"HollowMod:HerrahsAnger","floor":14},{"not_picked":["TH:Mimic"],"picked":"TH:DeckOfManyThings","floor":16},{"not_picked":["HollowMod:Weaversong","HollowMod:SoulMaster"],"picked":"HollowMod:theNailsmith","floor":16},{"not_picked":["HollowMod:NewGlowingWomb","HollowMod:DoubleDash"],"picked":"HollowMod:CloakDash+1","floor":18},{"not_picked":["HollowMod:HeavyBlow","HollowMod:DoubleDash"],"picked":"HollowMod:QuirrelsAssistance","floor":19}],"player_experience":212356,"relics_obtained":[{"floor":6,"key":"Bottled Flame"},{"floor":14,"key":"Nunchaku"}],"event_choices":[{"damage_healed":0,"gold_gain":0,"player_choice":"Entered Light","damage_taken":15,"max_hp_gain":0,"max_hp_loss":0,"event_name":"Shining Light","floor":10,"gold_loss":0,"cards_upgraded":["HollowMod:FocusHealStart","HollowMod:SiblingsShadow"]},{"damage_healed":0,"gold_gain":0,"player_choice":"Ignored","damage_taken":0,"max_hp_gain":0,"max_hp_loss":0,"event_name":"Liars Game","floor":11,"gold_loss":0},{"damage_healed":0,"gold_gain":75,"player_choice":"Gather Gold","damage_taken":11,"max_hp_gain":0,"max_hp_loss":0,"event_name":"World of Goop","floor":13,"gold_loss":0},{"damage_healed":0,"gold_gain":0,"player_choice":"Joined the Cult","damage_taken":6,"max_hp_gain":0,"max_hp_loss":0,"event_name":"Nest","floor":21,"gold_loss":0,"cards_obtained":["RitualDagger"]},{"damage_healed":0,"gold_gain":0,"player_choice":"Ignored","damage_taken":0,"max_hp_gain":0,"max_hp_loss":0,"event_name":"Vampires","floor":22,"gold_loss":0}],"is_beta":false,"boss_relics":[{"not_picked":["Tiny House","SlaversCollar"],"picked":"Black Star"}],"items_purged_floors":[],"is_endless":false,"potions_floor_spawned":[3,4,8,12,18],"killed_by":"Book of Stabbing","ascension_level":0}}