{"host":"qj2ynjh122p6ybyd","time":1613427124,"event":{"mods":["AchievementEnabler","Aspiration","BaseMod","Better Match","Better Note","Highlight Path","Infinite Spire","Minty Spire (QoL Compilation)","Quick Restart","Relic Stats","Reliquary","Replay The Spire","StSLib","SuperFastMode","The Blackbeard","The Gatherer"],"gold_per_floor":[114,114,125,125,139,139,165,184,259,259,259,259,278,243,243,319,319,333,333,333,333],"floor_reached":20,"language":"RUS","playtime":588,"items_purged":[],"score":292,"play_id":"26e39d42-bddb-4fd1-a2c5-f98750c9d1d8","local_time":"20210216001204","is_ascension_mode":true,"campfire_choices":[{"data":"Ball Lightning","floor":6,"key":"SMITH"},{"floor":12,"key":"REST"},{"data":"Zap","floor":15,"key":"SMITH"}],"circlet_count":0,"master_deck":["AscendersBane","Strike_B","Strike_B","Strike_B+1","Defend_B","Defend_B","Defend_B","Defend_B","Zap+1","Dualcast","Streamline","Self Repair","Ball Lightning+1","aspiration:Polymerization","Leap+1","Ball Lightning","Mirror Shield"],"relics":["Cracked Core","reliquary:Conveyor","GremlinMask","MealTicket","aspiration:SeaSaltIceCream","aspiration:Nostalgia","Gatherer:AlchemyBag","SacredBark","aspiration:Stabinomicon"],"acts_visited":["Exordium","TheCity"],"potions_floor_usage":[16],"damage_taken":[{"damage":5,"enemies":"Small Slimes","floor":1,"turns":4},{"damage":7,"enemies":"Jaw Worm","floor":3,"turns":4},{"damage":1,"enemies":"Cultist","floor":5,"turns":3},{"damage":32,"enemies":"Gremlin Nob","floor":7,"turns":4},{"damage":6,"enemies":"Blue Slaver","floor":8,"turns":3},{"damage":0,"enemies":"2 Fungi Beasts","floor":13,"turns":3},{"damage":21,"enemies":"Fading Forest","floor":16,"turns":11},{"damage":49,"enemies":"3 Byrds","floor":18,"turns":5},{"damage":7,"enemies":"Chosen","floor":20,"turns":1}],"seed_played":"-8474294498987468774","potions_obtained":[{"floor":8,"key":"Toxic Potion"},{"floor":13,"key":"Energy Potion"},{"floor":16,"key":"FocusPotion"}],"is_trial":false,"path_per_floor":["M","?","M","?","M","R","E","M","T","?","?","R","M","?","R","B",null,"M","?","M"],"character_chosen":"DEFECT","items_purchased":[],"campfire_rested":1,"item_purchase_floors":[],"current_hp_per_floor":[41,41,34,34,40,40,15,16,16,16,16,37,44,61,61,47,65,23,7,0,0],"gold":333,"neow_bonus":"ONE_RARE_RELIC","is_daily":false,"chose_seed":false,"campfire_upgraded":2,"win_rate":0.0,"timestamp":1613427124,"path_taken":["M","?","M","?","M","R","E","?","T","?","?","R","?","?","R","BOSS","M","?","M"],"items_purchased_type":[],"build_version":"2020-12-22","purchased_purges":0,"victory":false,"max_hp_per_floor":[71,71,71,71,71,71,71,71,71,71,71,71,71,71,71,71,71,71,71,71,71],"relic_stats":{"counters":[9,38],"MealTicket":0,"obtain_stats":[{"reliquary:Conveyor":0,"aspiration:Nostalgia":9,"SacredBark":17,"GremlinMask":4,"MealTicket":7,"aspiration:Stabinomicon":19,"aspiration:SeaSaltIceCream":9,"Cracked Core":0,"Gatherer:AlchemyBag":9},{"reliquary:Conveyor":0,"aspiration:Nostalgia":5,"SacredBark":7,"GremlinMask":2,"MealTicket":4,"aspiration:Stabinomicon":8,"aspiration:SeaSaltIceCream":5,"Cracked Core":0,"Gatherer:AlchemyBag":5},{"reliquary:Conveyor":0,"aspiration:Nostalgia":18,"SacredBark":32,"GremlinMask":8,"MealTicket":15,"aspiration:Stabinomicon":37,"aspiration:SeaSaltIceCream":18,"Cracked Core":0,"Gatherer:AlchemyBag":18}]},"card_choices":[{"not_picked":["Compile Driver","BasicCrystalCard"],"picked":"Streamline","floor":1},{"not_picked":["Tempest","Double Energy"],"picked":"Self Repair","floor":3},{"not_picked":["Barrage","Rebound"],"picked":"Ball Lightning","floor":5},{"not_picked":["Conserve Battery","Panic Button"],"picked":"aspiration:Polymerization","floor":7},{"not_picked":["Beam Cell","Barrage"],"picked":"Time Bomb","floor":8},{"not_picked":["FIFO Queue","ReplayTheSpireMod:Reroute Power"],"picked":"Ball Lightning","floor":13},{"not_picked":["Hyperbeam","Reboot"],"picked":"Mirror Shield","floor":16},{"not_picked":["Double Energy","Leap","Panic Button"],"picked":"SKIP","floor":18}],"player_experience":385992,"relics_obtained":[{"floor":7,"key":"MealTicket"},{"floor":9,"key":"aspiration:SeaSaltIceCream"},{"floor":19,"key":"aspiration:Stabinomicon"}],"event_choices":[{"damage_healed":0,"gold_gain":0,"player_choice":"Trade","damage_taken":0,"relics_obtained":["GremlinMask"],"max_hp_gain":0,"max_hp_loss":0,"event_name":"FaceTrader","floor":4,"gold_loss":0},{"cards_removed":["Strike_B"],"damage_healed":0,"gold_gain":0,"player_choice":"Offered Basic","damage_taken":0,"max_hp_gain":0,"max_hp_loss":0,"event_name":"Bonfire Elementals","floor":11,"gold_loss":0},{"damage_healed":17,"gold_gain":0,"player_choice":"Healed","damage_taken":0,"max_hp_gain":0,"max_hp_loss":0,"event_name":"The Cleric","floor":14,"gold_loss":35},{"damage_healed":0,"gold_gain":0,"player_choice":"Obtained Book","damage_taken":16,"max_hp_gain":0,"max_hp_loss":0,"event_name":"Cursed Tome","floor":19,"gold_loss":0}],"is_beta":false,"boss_relics":[{"not_picked":["aspiration:WatcherSkillbook","Snecko Eye"],"picked":"SacredBark"}],"items_purged_floors":[],"is_endless":false,"potions_floor_spawned":[8,13,16],"killed_by":"Chosen","ascension_level":14}}