{"host":"pj05r22d3fegil3v","time":1613422824,"event":{"mods":["BaseMod","Better Altar","Better Match","Better Note","Better Sensory Stone","Better Skull","Better Third Choice","BetterRewards","Card Filter","Colored Powertips","Curses Come First","DeckTracker","Displayed Cursed Tome","Minty Spire (QoL Compilation)","Quick Restart","Rare Cards Sparkle","Relic Filter Mod","Smile Girya","StSLib","everything is the same but u backflip on backflip","slay the spire mod where everything is the same but ironclad has a cowboy hat"],"gold_per_floor":[112,159,169,184,184,184,209,209,264,292,292,65,96,10,10,109,109,126,225,235,253,4,4,33,33,33,45,70,70,70,70,70],"floor_reached":31,"language":"ENG","playtime":1736,"items_purged":["Strike_P","Strike_P","Defend_P"],"score":487,"play_id":"28004ccc-1667-4dff-b9fd-1fa1bdfd7d84","local_time":"20210215160024","is_ascension_mode":true,"campfire_choices":[{"floor":6,"key":"RECALL"},{"data":"Study","floor":8,"key":"SMITH"},{"data":"Eruption","floor":11,"key":"SMITH"},{"data":"LikeWater","floor":15,"key":"SMITH"},{"data":"DevaForm","floor":23,"key":"SMITH"},{"floor":25,"key":"REST"},{"data":"TalkToTheHand","floor":30,"key":"SMITH"}],"circlet_count":0,"master_deck":["Strike_P","Strike_P","Defend_P","Defend_P","Eruption+1","Vigilance","Study+1","FlurryOfBlows","ClearTheMind","Tantrum","TalkToTheHand+1","MentalFortress","LikeWater+1","FlurryOfBlows","DevaForm+1","WreathOfFlame+1","Crescendo","FlurryOfBlows","LikeWater"],"relics":["HolyWater","Sling","Pen Nib","Tiny Chest","Potion Belt","Bottled Lightning","Anchor","Pantograph","Lantern"],"acts_visited":["Exordium","TheCity"],"potions_floor_usage":[10,16,16,21,24,24],"damage_taken":[{"damage":2,"enemies":"Cultist","floor":1,"turns":3},{"damage":0,"enemies":"Small Slimes","floor":3,"turns":5},{"damage":1,"enemies":"Jaw Worm","floor":4,"turns":3},{"damage":13,"enemies":"Lagavulin","floor":7,"turns":5},{"damage":1,"enemies":"3 Sentries","floor":10,"turns":5},{"damage":0,"enemies":"Gremlin Nob","floor":13,"turns":2},{"damage":0,"enemies":"Hexaghost","floor":16,"turns":9},{"damage":0,"enemies":"Chosen","floor":18,"turns":5},{"damage":0,"enemies":"Shell Parasite","floor":20,"turns":4},{"damage":13,"enemies":"Snecko","floor":21,"turns":5},{"damage":41,"enemies":"Gremlin Leader","floor":24,"turns":5},{"damage":0,"enemies":"Chosen and Byrds","floor":27,"turns":4},{"damage":18,"enemies":"Book of Stabbing","floor":28,"turns":5},{"damage":24,"enemies":"Snake Plant","floor":31,"turns":3}],"seed_played":"3445672595929381180","potions_obtained":[{"floor":3,"key":"PowerPotion"},{"floor":4,"key":"Block Potion"},{"floor":16,"key":"FearPotion"},{"floor":18,"key":"LiquidBronze"},{"floor":21,"key":"EssenceOfSteel"},{"floor":27,"key":"SpeedPotion"}],"is_trial":false,"path_per_floor":["M","T","M","M","?","R","E","R","T","E","R","$","E","$","R","B",null,"M","?","M","M","$","R","E","R","T","M","E","?","R","M"],"character_chosen":"WATCHER","items_purchased":["Study","Sling","MentalFortress","Dexterity Potion","LikeWater","FlurryOfBlows","FlurryOfBlows","LikeWater"],"campfire_rested":1,"item_purchase_floors":[0,0,12,12,14,14,22,22],"current_hp_per_floor":[70,70,70,69,69,69,56,56,56,55,55,55,55,55,55,55,72,72,72,72,59,59,59,18,39,39,39,21,21,21,0,0],"gold":70,"neow_bonus":"","is_daily":false,"chose_seed":false,"campfire_upgraded":5,"win_rate":0.0,"timestamp":1613422824,"path_taken":["M","?","M","M","?","R","E","R","T","E","R","$","E","?","R","BOSS","M","?","M","M","$","R","E","R","T","M","E","?","R","M"],"items_purchased_type":["Card","Relic","Card","Potion","Card","Card","Card","Card"],"build_version":"2020-12-22","purchased_purges":3,"victory":false,"max_hp_per_floor":[72,72,72,72,72,72,72,72,72,72,72,72,72,72,72,72,72,72,72,72,72,72,72,72,72,72,72,72,72,72,72,72],"card_choices":[{"not_picked":["Meditate","Halt","FlyingSleeves"],"picked":"SKIP","floor":1},{"not_picked":["Crescendo","Study"],"picked":"FlurryOfBlows","floor":3},{"not_picked":["JustLucky","PathToVictory"],"picked":"ClearTheMind","floor":4},{"not_picked":["Blasphemy","JustLucky"],"picked":"Tantrum","floor":7},{"not_picked":["Evaluate","Protect"],"picked":"TalkToTheHand","floor":10},{"not_picked":["ThirdEye","Prostrate","BowlingBash"],"picked":"SKIP","floor":13},{"not_picked":["Brilliance","Blasphemy"],"picked":"DevaForm","floor":16},{"not_picked":["SandsOfTime+1","JustLucky+1"],"picked":"WreathOfFlame+1","floor":18},{"not_picked":["PathToVictory","ClearTheMind"],"picked":"Crescendo","floor":20},{"not_picked":["Study","EmptyFist","Wallop"],"picked":"SKIP","floor":21},{"not_picked":["EmptyMind+1","Prostrate","BattleHymn+1"],"picked":"SKIP","floor":24},{"not_picked":["Evaluate","Meditate","WreathOfFlame"],"picked":"SKIP","floor":27},{"not_picked":["Consecrate","Protect","Evaluate"],"picked":"SKIP","floor":28}],"player_experience":93820,"relics_obtained":[{"floor":7,"key":"Pen Nib"},{"floor":9,"key":"Tiny Chest"},{"floor":10,"key":"Potion Belt"},{"floor":13,"key":"Bottled Lightning"},{"floor":24,"key":"Anchor"},{"floor":26,"key":"Pantograph"},{"floor":28,"key":"Lantern"}],"event_choices":[{"cards_removed":["Defend_P"],"damage_healed":0,"gold_gain":0,"player_choice":"Forget","damage_taken":0,"max_hp_gain":0,"max_hp_loss":0,"event_name":"Living Wall","floor":5,"gold_loss":0},{"damage_healed":0,"gold_gain":99,"player_choice":"Steal","damage_taken":0,"max_hp_gain":0,"max_hp_loss":0,"event_name":"betterThird:BetterNest","floor":19,"gold_loss":0}],"is_beta":false,"boss_relics":[{"not_picked":["Velvet Choker","Fusion Hammer"],"picked":"HolyWater"}],"items_purged_floors":[0,12,22],"is_endless":false,"potions_floor_spawned":[3,4,16,18,21,27],"killed_by":"Snake Plant","ascension_level":1}}