{"host":"urzvr6030gsf1sd7","time":1613349993,"event":{"mods":["AchievementEnabler","BaseMod","Block Reminder","Colored Powertips","Minty Spire (QoL Compilation)","Permanent Neow","StSLib"],"gold_per_floor":[112,43,59,234,184,184,212,212,235,255,34,34,59,94,94,195,195,208,224,25,37,37,66,66,85,109,30,30,30,47,47,47,143,143,162,38,56,56,76,76,86,86,86,86,86,86],"floor_reached":45,"language":"ENG","playtime":3427,"items_purged":["Evaluate"],"score":513,"play_id":"2c3b7d4a-4b21-44c5-bfe9-70643f802726","local_time":"20210214194633","is_ascension_mode":true,"campfire_choices":[{"data":"Fasting2","floor":6.0,"key":"SMITH"},{"data":"Eruption","floor":8.0,"key":"SMITH"},{"data":"FlyingSleeves","floor":12.0,"key":"SMITH"},{"data":"CutThroughFate","floor":15.0,"key":"SMITH"},{"data":"Vigilance","floor":24,"key":"SMITH"},{"floor":29,"key":"REST"},{"data":"Panacea","floor":32,"key":"SMITH"},{"data":"Wallop","floor":40,"key":"SMITH"},{"data":"CrushJoints","floor":42,"key":"SMITH"},{"floor":44,"key":"REST"}],"circlet_count":0,"master_deck":["Strike_P","Strike_P","Defend_P+1","Defend_P+1","Defend_P","Eruption+1","Vigilance+1","Panacea+1","Fasting2+1","Conclude","FlyingSleeves+1","CutThroughFate+1","SashWhip","Devotion","Judgement+1","JustLucky+1","BattleHymn+1","Meditate","Halt","Halt","FearNoEvil+1","CrushJoints+1","Wireheading","Weave+1","Blasphemy","Wallop+1","Nirvana","FlurryOfBlows+1","Protect","Prostrate+1"],"relics":["PureWater","Pocketwatch","MealTicket","Art of War","Juzu Bracelet","Toy Ornithopter","Astrolabe","Vajra","Happy Flower","War Paint","Nilry\u0027s Codex","Velvet Choker","Regal Pillow"],"acts_visited":["Exordium","TheCity","TheBeyond"],"potions_floor_usage":[23,25,25,33,37,41],"damage_taken":[{"damage":2.0,"enemies":"Cultist","floor":1.0,"turns":3.0},{"damage":0.0,"enemies":"Small Slimes","floor":3.0,"turns":2.0},{"damage":34.0,"enemies":"Gremlin Nob","floor":7.0,"turns":5.0},{"damage":2.0,"enemies":"Jaw Worm","floor":10.0,"turns":3.0},{"damage":9.0,"enemies":"3 Sentries","floor":14.0,"turns":5.0},{"damage":0.0,"enemies":"Slime Boss","floor":16.0,"turns":3.0},{"damage":0.0,"enemies":"Chosen","floor":18.0,"turns":4.0},{"damage":24.0,"enemies":"Shell Parasite","floor":19.0,"turns":2.0},{"damage":13,"enemies":"Shelled Parasite and Fungi","floor":21,"turns":3},{"damage":38,"enemies":"Book of Stabbing","floor":23,"turns":3},{"damage":4,"enemies":"Snake Plant","floor":25,"turns":3},{"damage":0,"enemies":"Cultist and Chosen","floor":30,"turns":4},{"damage":19,"enemies":"Automaton","floor":33,"turns":7},{"damage":17,"enemies":"Orb Walker","floor":35,"turns":4},{"damage":39,"enemies":"3 Darklings","floor":37,"turns":5},{"damage":19,"enemies":"4 Shapes","floor":39,"turns":3},{"damage":33,"enemies":"Spire Growth","floor":41,"turns":5},{"damage":60,"enemies":"Reptomancer","floor":45,"turns":5}],"seed_played":"-2103368186923091325","potions_obtained":[{"floor":1.0,"key":"PowerPotion"},{"floor":3.0,"key":"Ancient Potion"},{"floor":14.0,"key":"Strength Potion"},{"floor":19,"key":"StancePotion"},{"floor":21,"key":"FearPotion"},{"floor":23,"key":"StancePotion"},{"floor":35,"key":"Strength Potion"}],"is_trial":false,"path_per_floor":["M","$","M","?","?","R","E","R","T","M","$","R","T","E","R","B",null,"M","M","$","M","?","E","R","M","T","$","?","R","M","?","R","B",null,"M","$","M","$","M","R","M","R","T","R","E"],"character_chosen":"WATCHER","items_purchased":["Conclude","Art of War","Vajra","Block Potion","Wireheading","Nirvana","BlessingOfTheForge"],"campfire_rested":2,"item_purchase_floors":[2,11,20,20,27,36,36],"current_hp_per_floor":[70,70,70,70,70,70,36,36,36,34,49,49,49,40,40,45,72,72,48,63,50,37,4,4,10,10,25,9,32,32,32,32,18,77,60,75,41,56,37,37,9,9,9,47,0,0],"gold":86,"neow_bonus":"RANDOM_COLORLESS","is_daily":false,"chose_seed":false,"campfire_upgraded":8,"win_rate":0.0,"timestamp":1613349993,"path_taken":["M","$","M","?","?","R","E","R","T","?","?","R","?","E","R","BOSS","M","M","?","M","?","E","R","M","T","$","?","R","M","?","R","BOSS","M","$","M","$","M","R","M","R","T","R","E"],"items_purchased_type":["Card","Relic","Relic","Potion","Card","Card","Potion"],"build_version":"2020-12-22","purchased_purges":1,"victory":false,"max_hp_per_floor":[72,72,72,72,72,72,72,72,72,72,72,72,72,72,72,72,72,72,72,72,72,77,77,77,77,77,77,77,77,77,77,77,77,77,77,77,77,77,77,77,77,77,77,77,77,77],"card_choices":[{"not_picked":["Finesse","Madness"],"picked":"Panacea","floor":0.0},{"not_picked":["MentalFortress","Prostrate"],"picked":"Fasting2","floor":1.0},{"not_picked":["Conclude","JustLucky"],"picked":"Evaluate","floor":3.0},{"not_picked":["Conclude","Protect"],"picked":"FlyingSleeves","floor":7.0},{"not_picked":["Crescendo","BowlingBash"],"picked":"CutThroughFate","floor":10.0},{"not_picked":["Judgement","FollowUp"],"picked":"SashWhip","floor":14.0},{"not_picked":["ConjureBlade","DeusExMachina"],"picked":"Devotion","floor":16.0},{"not_picked":["JustLucky","CrushJoints"],"picked":"Meditate","floor":18.0},{"not_picked":["CrushJoints","ForeignInfluence"],"picked":"Halt","floor":19},{"not_picked":["PathToVictory","CutThroughFate+1"],"picked":"Halt","floor":21},{"not_picked":["EmptyFist","ConjureBlade"],"picked":"FearNoEvil+1","floor":23},{"not_picked":["SignatureMove","WindmillStrike"],"picked":"CrushJoints","floor":25},{"not_picked":["Meditate","Consecrate"],"picked":"Weave+1","floor":30},{"not_picked":["Vault","Omniscience"],"picked":"Blasphemy","floor":33},{"not_picked":["ClearTheMind","Prostrate"],"picked":"Wallop","floor":35},{"not_picked":["Adaptation","FearNoEvil+1"],"picked":"FlurryOfBlows+1","floor":37},{"not_picked":["FlurryOfBlows","FearNoEvil"],"picked":"Protect","floor":39},{"not_picked":["ClearTheMind","WheelKick"],"picked":"Prostrate+1","floor":41}],"player_experience":246853,"relics_obtained":[{"floor":7.0,"key":"Pocketwatch"},{"floor":9.0,"key":"MealTicket"},{"floor":13.0,"key":"Juzu Bracelet"},{"floor":14.0,"key":"Toy Ornithopter"},{"floor":23,"key":"Happy Flower"},{"floor":26,"key":"War Paint"},{"floor":28,"key":"Nilry\u0027s Codex"},{"floor":43,"key":"Regal Pillow"}],"event_choices":[{"damage_healed":0.0,"max_hp_gain":0.0,"max_hp_loss":0.0,"gold_gain":175.0,"event_name":"Liars Game","player_choice":"AGREE","floor":4.0,"gold_loss":0.0,"damage_taken":0.0,"cards_obtained":["Doubt"]},{"cards_removed":["Doubt"],"damage_healed":0.0,"max_hp_gain":0.0,"max_hp_loss":0.0,"gold_gain":0.0,"event_name":"The Cleric","player_choice":"Card Removal","floor":5.0,"gold_loss":50.0,"damage_taken":0.0},{"damage_healed":0,"gold_gain":0,"player_choice":"Shed Blood","damage_taken":18,"max_hp_gain":5,"max_hp_loss":0,"event_name":"Forgotten Altar","floor":22,"gold_loss":0},{"damage_healed":0,"gold_gain":0,"player_choice":"Obtained Book","damage_taken":16,"max_hp_gain":0,"max_hp_loss":0,"event_name":"Cursed Tome","floor":28,"gold_loss":0},{"damage_healed":0,"gold_gain":0,"player_choice":"Ignored","damage_taken":0,"max_hp_gain":0,"max_hp_loss":0,"event_name":"Vampires","floor":31,"gold_loss":0}],"is_beta":false,"boss_relics":[{"not_picked":["Cursed Key","Ectoplasm"],"picked":"Astrolabe"},{"not_picked":["Philosopher\u0027s Stone","Fusion Hammer"],"picked":"Velvet Choker"}],"items_purged_floors":[11],"is_endless":false,"potions_floor_spawned":[1,3,14,19,21,23,35],"killed_by":"Reptomancer","ascension_level":1}}