{"host":"0rn20prxkpuv2e47","time":1613359254,"event":{"mods":["100% Spire Juice","ATMod(阿瑾Mod)","Act Like it!","Arknights","Aspiration","BaseMod","Challenge The Spire","Downfall","Friendly Minions","Gensokyo","GungeonMod","Hallownest","Hermit","Koishi","KomeijiMod","Luminous","Marisa（F雨　魔理沙）","Minty Spire (QoL Compilation)","MostiFishMod","Prisma Mod","Quick Restart","Reimu（博丽灵梦）","Remilia（蕾米莉亚）","Robot Space Explorer","SIMod","Shop Mod","StSLib","The Administrix","The Alterego","The Animator","The Blackbeard","The Bug Knight","The Construct","The Cursed","The Jungle","The Mystic","The Runesmith","The Senshi","The Servant 0.9.4","WarShipGirlsR/战舰少女R mod","Warlord Emblem","Wide Potions","Youmu（魂魄妖梦）","Yuyuko","[GremlinLeader]The Maniac","[IsaacMod]以撒尖塔","[功能]功能增强和修复MOD","noobMod","【功能Mod】聪明的最终Boss","【遗物卡牌】REMEMod"],"gold_per_floor":[117,72,84,84,124,124,9,26,26,45,85,102,27,37,37,139,139,357,370,300,372,372,372,385,385,454,454,484,484,500,500,500,500,500],"floor_reached":33,"language":"ZHS","playtime":1464,"items_purged":["Strike_YM","Defend_YM","downfall:Icky","Defend_YM","Defend_YM","Strike_YM","Strike_YM","Strike_YM","Defend_YM","SuddenPhantomFormationSlashOfKarmicWind","ConstancyOfTheConventionalTruth","SlashOfPresentWorld","WheelOfPainOfLivingAndDead","SwordExtraction","HeartExcerptSlash","HeartExcerptSlash","ThreeKonsSevenHakus","HeavenGodSword","CherryBlossomFlashing","ThreeKonsSevenHakus+1","HeavenGodSword","CherryBlossomFlashing","BizarrenessOfSixRealms+1"],"score":432,"play_id":"742be16f-028d-4c79-9fb1-0f95366b68dc","local_time":"20210215112054","is_ascension_mode":false,"campfire_choices":[{"data":"BizarrenessOfSixRealms","floor":6,"key":"SMITH"},{"data":"FastingOfTheYoungPreta","floor":15,"key":"SMITH"},{"data":"TurningAngelCut","floor":23,"key":"SMITH"},{"data":"CelestialStarSword","floor":25,"key":"SMITH"},{"data":"MatsuyoiReflectingSatelliteSlash","floor":27,"key":"SMITH"},{"data":"Flash of Steel","floor":29,"key":"SMITH"},{"floor":32,"key":"RECALL"}],"circlet_count":0,"master_deck":["FastingOfTheYoungPreta+1","TurningAngelCut+1","MatsuyoiReflectingSatelliteSlash+1","CelestialStarSword+1"],"relics":["MiniYoumu","ice","AT_ATBox","REME_ComplimentaryCards","HushsDoor","DaveBox","Transparent","SharpPlug","SynthV:TestCard","SynthV:C4","Happy Flower","TimeFreeze","BloodDonationMachine","AT_RedNoBalance","Civilization","DemoMod:GnawedKey","aspiration:FetidBarrel","DemoMod:GlassGuonStoneRelic","Damocles","WarlordEmblem:MantleReynold","AT_GuinsooRageblade","Ice Cream","Runesmith:AutoHammer","DemoMod:Metronome","MetatronsCube","Kunai","BookofShadows","Chemical X","WarlordEmblem:QuestDruid","WarlordEmblem:MantleWalana","Toxic Egg 2","Bronze Scales","The Courier","REME_HourglassOfDeath"],"acts_visited":["Gensokyo:Gensokyo","TheCity"],"potions_floor_usage":[5],"damage_taken":[{"damage":30,"enemies":"Gensokyo:3_Fairies","floor":1,"turns":2},{"damage":46,"enemies":"Gensokyo:Python","floor":3,"turns":3},{"damage":30,"enemies":"Gensokyo:2_Kodama","floor":5,"turns":2},{"damage":25,"enemies":"Gensokyo:Kitsune","floor":8,"turns":2},{"damage":47,"enemies":"Gensokyo:5_Fairies","floor":10,"turns":4},{"damage":33,"enemies":"Gensokyo:2_Rabbits","floor":12,"turns":2},{"damage":36,"enemies":"Gensokyo:CorruptedTreant","floor":14,"turns":2},{"damage":57,"enemies":"Gensokyo:Reimu","floor":16,"turns":3},{"damage":34,"enemies":"Shell Parasite","floor":18,"turns":2},{"damage":18,"enemies":"3 Byrds","floor":19,"turns":1},{"damage":38,"enemies":"Snecko","floor":24,"turns":2},{"damage":40,"enemies":"REME_1_Revenger","floor":28,"turns":2},{"damage":21,"enemies":"Snake Plant","floor":30,"turns":1},{"damage":44,"enemies":"Automaton","floor":33,"turns":2}],"seed_played":"-2509964679611896081","potions_obtained":[{"floor":1,"key":"REME_GoldPotion"},{"floor":3,"key":"Regen Potion"},{"floor":12,"key":"REME_GoldPotion"}],"is_trial":false,"path_per_floor":["M","$","M","?","M","R","$","M","T","M","?","M","COS","M","R","B",null,"M","M","$","T","$","R","M","R","T","R","E","R","M","?","R","B"],"character_chosen":"YOUMU","items_purchased":["SynthV:C4","Flash of Steel","Happy Flower","TimeFreeze","SuddenPhantomFormationSlashOfKarmicWind","SwordExtraction","ThreeKonsSevenHakus","BloodDonationMachine","AT_SilverBalance","Civilization","ConstancyOfTheConventionalTruth","DemoMod:GnawedKey","MatsuyoiReflectingSatelliteSlash","Damocles","HeavenGodSword","Runesmith:AutoHammer","DemoMod:Metronome","MetatronsCube","BookofShadows","Chemical X","WarlordEmblem:QuestDruid","CelestialStarSword"],"campfire_rested":0,"item_purchase_floors":[2,2,2,2,2,2,2,7,7,7,7,7,17,17,20,20,20,20,22,22,22,22],"current_hp_per_floor":[75,75,74,59,74,74,74,76,76,84,69,90,90,96,96,101,87,94,99,99,99,99,99,104,104,104,104,109,109,114,114,114,0,0],"gold":500,"neow_bonus":"THREE_RARE_CARDS","is_daily":false,"chose_seed":false,"campfire_upgraded":6,"win_rate":0.0,"timestamp":1613359254,"path_taken":["M","$","M","?","M","R","$","M","T","?","?","?","COS","?","R","BOSS","M","M","$","?","$","R","M","R","T","R","E","R","M","?","R","BOSS"],"items_purchased_type":["Relic","Card","Relic","Relic","Card","Card","Card","Relic","Relic","Relic","Card","Relic","Card","Relic","Card","Relic","Relic","Relic","Relic","Relic","Relic","Card"],"build_version":"2020-12-22","purchased_purges":23,"victory":false,"max_hp_per_floor":[75,75,75,75,75,75,75,76,76,84,84,90,90,96,96,101,87,94,99,99,99,99,99,104,104,104,104,109,109,114,114,114,114,114],"card_choices":[{"not_picked":["GreatEnlightenmentAppearingAndDisappearing","SlashOfSaigyouSpringWind"],"picked":"FastingOfTheYoungPreta","floor":0},{"not_picked":["ThreeKonsSevenHakus","HumanKnowledgeSword","CrescentMoonSlash"],"picked":"SKIP","floor":1},{"not_picked":["FantasyOfEnteringEnlightenment","PretaSword","HeavenlyHaloSlash","ConstancyOfTheConventionalTruth"],"picked":"HeartExcerptSlash","floor":3},{"not_picked":["DispleasureOfTheSevenHakus","FantasyOfEnteringEnlightenment","SpiritCuttingSword","SuddenDivineSeveringOfKarmicWind"],"picked":"BizarrenessOfSixRealms","floor":5},{"not_picked":["ThreeKonsSevenHakus","SanzenSekai","HeavenlyHaloSlash","LowerRealmReflectionSlash"],"picked":"TurningAngelCut","floor":8},{"not_picked":["SlashOfAscensionToBuddhahood","SlashOfTheEternalFuture","SwordExtraction","SlashOfMeditation"],"picked":"CherryBlossomFlashing","floor":10},{"not_picked":["SlashClearingTheSixSenses","SpiritCuttingSword","FlashingScatteredFlowers","SwordOfBindingDesires"],"picked":"CherryBlossomFlashing","floor":12},{"not_picked":["SlashOfMeditation","HumanKnowledgeSword","HellGodSword","SanzenSekai","ThreeKonsSevenHakus"],"picked":"SKIP","floor":14},{"not_picked":["ASingleThoughtAndInfiniteKalpas","HellRealmSword","VoidnessSword","AsuraSword"],"picked":"HeavenGodSword","floor":16},{"not_picked":["LifeCuttingSword","HeavenSword","ConstancyOfTheConventionalTruth","SwordExtraction"],"picked":"ThreeKonsSevenHakus+1","floor":18},{"not_picked":["HesitationCuttingSword","PreachingAvici","SanzenSekai","TenKingsRetributionOnThePreta+1","DispleasureOfTheSevenHakus"],"picked":"SKIP","floor":19},{"not_picked":["SwordExtraction","ThreeKonsSevenHakus","EchoesOfTheInclemencyOfAllBeings","ThoughtCuttingSword","DeadlyForm"],"picked":"SKIP","floor":24},{"not_picked":["SanzenSekai","SlashOfMeditation","SpiritMediumsBind+1","SwordOfBindingDesires+1","LowerRealmReflectionSlash"],"picked":"SKIP","floor":28},{"not_picked":["ConstancyOfTheConventionalTruth+1","CrescentMoonSlash+1","HeartExcerptSlash","LowerRealmReflectionSlash","GhostSword+1"],"picked":"SKIP","floor":30}],"player_experience":189458,"relics_obtained":[{"floor":1,"key":"SynthV:TestCard"},{"floor":9,"key":"aspiration:FetidBarrel"},{"floor":18,"key":"WarlordEmblem:MantleReynold"},{"floor":19,"key":"Ice Cream"},{"floor":21,"key":"Kunai"},{"floor":24,"key":"WarlordEmblem:MantleWalana"},{"floor":26,"key":"Toxic Egg 2"},{"floor":28,"key":"Bronze Scales"},{"floor":28,"key":"The Courier"},{"floor":30,"key":"REME_HourglassOfDeath"}],"event_choices":[{"cards_removed":["Flash of Steel"],"damage_healed":0,"gold_gain":0,"player_choice":"Card Removal","damage_taken":0,"max_hp_gain":0,"max_hp_loss":0,"event_name":"Wheel of Change","floor":31,"gold_loss":0}],"is_beta":false,"boss_relics":[{"not_picked":["construct:ClawGrip","Velvet Choker"],"picked":"MiniYoumu"},{"not_picked":[]}],"items_purged_floors":[2,2,2,2,2,2,2,2,2,20,20,20,20,20,20,20,20,20,20,20,20,20,20],"is_endless":false,"potions_floor_spawned":[1,1,3,3,8,12,12,12,14,16,16,18,18,24,24,28,30],"killed_by":"Automaton","ascension_level":0}}