{"host":"uv5ws9rdk87e8i5k","time":1613428260,"event":{"mods":["AchievementEnabler","BaseMod","Colored Map","Minty Spire (QoL Compilation)","Permanent Neow","Quick Restart","StSLib","SuperFastMode","The Necromancer"],"gold_per_floor":[111,129,147,163,177,208,208,236,236,16,91,120,132,152,152,249,249,259,259,259],"floor_reached":19,"language":"ENG","playtime":430,"items_purged":["Strike_P"],"score":306,"play_id":"6d1c63d9-a0fd-46f5-9b5b-52cd9822c3fd","local_time":"20210215163100","is_ascension_mode":true,"campfire_choices":[{"data":"BattleHymn","floor":7,"key":"SMITH"},{"floor":15,"key":"REST"}],"circlet_count":0,"master_deck":["Strike_P","Strike_P","Defend_P","Defend_P","Defend_P","Eruption","Vigilance","Crescendo","Wallop","EmptyFist","Protect","Perseverance","Ragnarok","BattleHymn+1","CutThroughFate+1","Evaluate","Study","FearNoEvil+1","CarveReality+1","Swivel","DevaForm"],"relics":["PureWater","Molten Egg 2","Pantograph","Shuriken","Dead Branch","Philosopher\u0027s Stone"],"acts_visited":["Exordium","TheCity"],"potions_floor_usage":[8,8,12,16],"damage_taken":[{"damage":3,"enemies":"2 Louse","floor":1,"turns":2},{"damage":0,"enemies":"Jaw Worm","floor":2,"turns":2},{"damage":0,"enemies":"Cultist","floor":3,"turns":2},{"damage":2,"enemies":"Looter","floor":4,"turns":3},{"damage":1,"enemies":"Blue Slaver","floor":5,"turns":4},{"damage":0,"enemies":"Lagavulin","floor":6,"turns":7},{"damage":0,"enemies":"3 Sentries","floor":8,"turns":2},{"damage":26,"enemies":"Lagavulin","floor":12,"turns":6},{"damage":6,"enemies":"Large Slime","floor":13,"turns":2},{"damage":6,"enemies":"2 Fungi Beasts","floor":14,"turns":3},{"damage":0,"enemies":"Slime Boss","floor":16,"turns":5},{"damage":29,"enemies":"3 Byrds","floor":18,"turns":4},{"damage":0,"enemies":"Shell Parasite","floor":19,"turns":1}],"seed_played":"7732076045128248603","potions_obtained":[{"floor":4,"key":"Explosive Potion"},{"floor":5,"key":"Ambrosia"},{"floor":6,"key":"DistilledChaos"},{"floor":14,"key":"StancePotion"},{"floor":18,"key":"SteroidPotion"}],"is_trial":false,"path_per_floor":["M","M","M","M","M","E","R","E","T","$","?","E","M","M","R","B",null,"M","M"],"character_chosen":"WATCHER","items_purchased":["Study","FearNoEvil+1"],"campfire_rested":1,"item_purchase_floors":[10,10],"current_hp_per_floor":[62,62,62,60,59,59,59,59,59,59,48,22,16,10,29,54,65,36,36,36],"gold":259,"neow_bonus":"TRANSFORM_TWO_CARDS","is_daily":false,"chose_seed":false,"campfire_upgraded":1,"win_rate":0.0,"timestamp":1613428260,"path_taken":["M","M","M","M","M","E","R","E","T","$","?","E","M","M","R","BOSS","M","M"],"items_purchased_type":["Card","Card"],"build_version":"2020-12-22","purchased_purges":1,"victory":false,"max_hp_per_floor":[65,65,65,65,65,65,65,65,65,65,65,65,65,65,65,65,65,65,65,65],"card_choices":[{"not_picked":["Consecrate","CrushJoints"],"picked":"EmptyFist","floor":1},{"not_picked":["Crescendo","SashWhip"],"picked":"Protect","floor":2},{"not_picked":["DeceiveReality","Wireheading"],"picked":"Perseverance","floor":3},{"not_picked":["FlurryOfBlows","Halt"],"picked":"Ragnarok","floor":4},{"not_picked":["EmptyMind","FollowUp"],"picked":"BattleHymn","floor":5},{"not_picked":["Collect","Pray"],"picked":"CutThroughFate+1","floor":6},{"not_picked":["Halt","EmptyFist+1"],"picked":"Evaluate","floor":8},{"not_picked":["WreathOfFlame","LessonLearned+1"],"picked":"CarveReality+1","floor":12},{"not_picked":["Evaluate","Crescendo"],"picked":"Swivel","floor":13},{"not_picked":["Worship","Halt","PathToVictory"],"picked":"SKIP","floor":14},{"not_picked":["ConjureBlade","Blasphemy"],"picked":"DevaForm","floor":16},{"not_picked":["SignatureMove+1","Halt","Fasting2+1"],"picked":"SKIP","floor":18}],"player_experience":196430,"relics_obtained":[{"floor":6,"key":"Molten Egg 2"},{"floor":8,"key":"Pantograph"},{"floor":9,"key":"Shuriken"},{"floor":12,"key":"Dead Branch"}],"event_choices":[{"damage_healed":0,"gold_gain":75,"player_choice":"Gather Gold","damage_taken":11,"max_hp_gain":0,"max_hp_loss":0,"event_name":"World of Goop","floor":11,"gold_loss":0}],"is_beta":false,"boss_relics":[{"not_picked":["Tiny House","Cursed Key"],"picked":"Philosopher\u0027s Stone"}],"items_purged_floors":[10],"is_endless":false,"potions_floor_spawned":[4,5,6,14,18],"killed_by":"Shell Parasite","ascension_level":1}}