{"host":"d52brwsy6af8zvaq","time":1613422935,"event":{"mods":["AchievementEnabler","BaseMod","Bestiary","Highlight Path","Minty Spire (QoL Compilation)","Quick Restart","Relic Stats","ojb\u0027s Better Paths Mod"],"gold_per_floor":[114,125,71,86,101,101,135,135,184,199,225,225,300,315,315,387,387,406,420,61,78,98,98,124,124,124,124,124],"floor_reached":27,"language":"ENG","playtime":1067,"items_purged":["Strike_B"],"score":490,"play_id":"96d7e8bb-df0a-4306-94b0-bb2b0dc89e22","local_time":"20210215140215","is_ascension_mode":true,"campfire_choices":[{"data":"Zap","floor":6.0,"key":"SMITH"},{"data":"Coolheaded","floor":8.0,"key":"SMITH"},{"data":"Glacier","floor":12.0,"key":"SMITH"},{"floor":15.0,"key":"REST"},{"data":"Sunder","floor":23.0,"key":"SMITH"},{"data":"Turbo","floor":25.0,"key":"SMITH"}],"circlet_count":0,"master_deck":["AscendersBane","Strike_B","Strike_B","Strike_B","Defend_B+1","Defend_B","Defend_B","Defend_B","Zap+1","Dualcast","Ball Lightning","Coolheaded+1","Streamline+1","Self Repair","Ball Lightning+1","Glacier+1","Chill+1","Electrodynamics","Echo Form","Turbo+1","Loop","Sunder+1"],"relics":["Cracked Core","InkBottle","Akabeko","Whetstone","Snecko Eye","Meat on the Bone","War Paint","Mercury Hourglass"],"acts_visited":["Exordium","TheCity"],"potions_floor_usage":[],"damage_taken":[{"damage":3.0,"enemies":"Small Slimes","floor":1.0,"turns":3.0},{"damage":4.0,"enemies":"Jaw Worm","floor":2.0,"turns":3.0},{"damage":0.0,"enemies":"2 Louse","floor":4.0,"turns":2.0},{"damage":10.0,"enemies":"Looter","floor":5.0,"turns":3.0},{"damage":16.0,"enemies":"Lagavulin","floor":7.0,"turns":7.0},{"damage":3.0,"enemies":"Blue Slaver","floor":10.0,"turns":2.0},{"damage":14.0,"enemies":"Gremlin Nob","floor":11.0,"turns":3.0},{"damage":4.0,"enemies":"Large Slime","floor":14.0,"turns":4.0},{"damage":33.0,"enemies":"The Guardian","floor":16.0,"turns":12.0},{"damage":7.0,"enemies":"Chosen","floor":18.0,"turns":4.0},{"damage":1.0,"enemies":"3 Byrds","floor":19.0,"turns":3.0},{"damage":28.0,"enemies":"Snake Plant","floor":21.0,"turns":5.0},{"damage":23.0,"enemies":"Shelled Parasite and Fungi","floor":22.0,"turns":7.0},{"damage":23.0,"enemies":"Slavers","floor":24.0,"turns":5.0},{"damage":42,"enemies":"Gremlin Leader","floor":27,"turns":4}],"seed_played":"-3656107994030771813","potions_obtained":[{"floor":1.0,"key":"SteroidPotion"},{"floor":4.0,"key":"SneckoOil"},{"floor":16.0,"key":"PowerPotion"},{"floor":21.0,"key":"EssenceOfSteel"}],"is_trial":false,"path_per_floor":["M","M","$","M","M","R","E","R","T","M","E","R","?","M","R","B",null,"M","M","$","M","M","R","E","R","T","E"],"character_chosen":"DEFECT","items_purchased":["Streamline","Meat on the Bone"],"campfire_rested":1,"item_purchase_floors":[3,20],"current_hp_per_floor":[68,64,64,64,61,61,52,52,52,49,35,35,24,27,50,24,65,65,64,64,48,51,51,40,40,40,0,0],"gold":124,"neow_bonus":"TEN_PERCENT_HP_BONUS","is_daily":false,"chose_seed":false,"campfire_upgraded":5,"win_rate":0.0,"timestamp":1613422935,"path_taken":["M","M","$","M","M","R","E","R","T","M","E","R","?","M","R","BOSS","M","M","$","M","M","R","E","R","T","E"],"items_purchased_type":["Card","Relic"],"build_version":"2020-12-22","purchased_purges":1,"victory":false,"max_hp_per_floor":[78,78,78,78,78,78,78,78,78,78,78,78,78,78,78,78,78,78,78,78,78,78,78,78,78,78,78,78],"relic_stats":{"counters":[15,66],"Snecko Eye":[37,50,50,63],"Whetstone":["Ball Lightning","Streamline"],"War Paint":["Defend_B","Chill"],"obtain_stats":[{"Snecko Eye":17,"Whetstone":11,"War Paint":24,"Cracked Core":0,"InkBottle":7,"Akabeko":9,"Meat on the Bone":20,"Mercury Hourglass":26},{"Snecko Eye":9,"Whetstone":7,"War Paint":14,"Cracked Core":0,"InkBottle":5,"Akabeko":5,"Meat on the Bone":11,"Mercury Hourglass":14},{"Snecko Eye":39,"Whetstone":23,"War Paint":62,"Cracked Core":0,"InkBottle":18,"Akabeko":18,"Meat on the Bone":46,"Mercury Hourglass":62}],"InkBottle":[14],"Meat on the Bone":36,"Mercury Hourglass":[21]},"card_choices":[{"not_picked":["Recycle","Rebound"],"picked":"Ball Lightning","floor":1.0},{"not_picked":["Storm","Recycle"],"picked":"Coolheaded","floor":2.0},{"not_picked":["Coolheaded","Redo"],"picked":"Self Repair","floor":4.0},{"not_picked":["Rebound","Chaos"],"picked":"Ball Lightning","floor":5.0},{"not_picked":["Coolheaded","Hello World"],"picked":"Glacier","floor":7.0},{"not_picked":["Aggregate","Turbo"],"picked":"Chill","floor":10.0},{"not_picked":["Self Repair","Steam Power"],"picked":"Electrodynamics","floor":11.0},{"not_picked":["Chill","Rip and Tear","Beam Cell"],"picked":"SKIP","floor":14.0},{"not_picked":["All For One","Buffer"],"picked":"Echo Form","floor":16.0},{"not_picked":["Compile Driver","Beam Cell"],"picked":"Turbo","floor":18.0},{"not_picked":["Beam Cell","Genetic Algorithm"],"picked":"Loop","floor":19.0},{"not_picked":["Compile Driver","Darkness","Ball Lightning+1"],"picked":"SKIP","floor":21.0},{"not_picked":["Recycle","Go for the Eyes"],"picked":"Sunder","floor":22.0},{"not_picked":["Rebound","Aggregate","Hello World"],"picked":"SKIP","floor":24.0}],"player_experience":2277890,"relics_obtained":[{"floor":7.0,"key":"InkBottle"},{"floor":9.0,"key":"Akabeko"},{"floor":11.0,"key":"Whetstone"},{"floor":24.0,"key":"War Paint"},{"floor":26.0,"key":"Mercury Hourglass"}],"event_choices":[{"damage_healed":0.0,"max_hp_gain":0.0,"max_hp_loss":0.0,"gold_gain":75.0,"event_name":"World of Goop","player_choice":"Gather Gold","floor":13.0,"gold_loss":0.0,"damage_taken":11.0}],"is_beta":false,"boss_relics":[{"not_picked":["Coffee Dripper","FrozenCore"],"picked":"Snecko Eye"}],"items_purged_floors":[20],"is_endless":false,"potions_floor_spawned":[1,4,16,21,24],"killed_by":"Gremlin Leader","ascension_level":20}}