{"host":"7lqra3rfanasaqnt","time":1613347421,"event":{"mods":["AchievementEnabler","Act Like it!","BaseMod","Colored Powertips","Downfall","Friendly Minions","Minty Spire (QoL Compilation)","StSLib"],"gold_per_floor":[99,99,99,99,199,232,258,258,270,282,308,327,227,239,255,358,358,358,378,378,378,391,74,101,128,142,176,176,176,176,176,196,300,300,300,315,32,48,65,65,88,88,119,119,119,165,183,199,212,212],"floor_reached":51,"language":"ENG","playtime":2435,"items_purged":["hexamod:Toasty"],"score":913,"play_id":"b60919bb-932d-478a-bc25-37ce1985062e","local_time":"20210214170341","is_ascension_mode":true,"campfire_choices":[{"data":"hexamod:Float","floor":1,"key":"SMITH"},{"data":"hexamod:RetreatToShadows","floor":8,"key":"SMITH"},{"data":"hexamod:ApocalypticArmor","floor":13,"key":"SMITH"},{"data":"hexamod:ForkedFlame","floor":18,"key":"SMITH"},{"floor":30,"key":"REST"},{"data":"hexamod:WildfireWeapon","floor":35,"key":"SMITH"},{"floor":40,"key":"REST"},{"floor":42,"key":"REST"},{"data":"Sadistic Nature","floor":45,"key":"SMITH"}],"circlet_count":0,"master_deck":["hexamod:Sear","hexamod:Float+1","hexamod:Hexaguard","hexamod:RetreatToShadows+1","hexamod:FlamesFromBeyond","hexamod:EtherealExpedition","hexamod:HauntingEcho","hexamod:ApocalypticArmor+1","hexamod:RecurringNightmare","hexamod:Hexaguard","hexamod:GhostLash","hexamod:UnleashSpirits","hexamod:ForkedFlame+1","hexamod:RainOfEmbers","hexamod:TurnItUp","hexamod:ThermalTransfer","hexamod:GhostLash","hexamod:GiftsFromTheDead","hexamod:UnleashSpirits","hexamod:FastForward","hexamod:NightmareGuise","hexamod:TimeWarp","Pride","hexamod:NightmareGuise","hexamod:WildfireWeapon+1","hexamod:ThermalTransfer+1","Sadistic Nature+1","hexamod:ThirdSeal","hexamod:Haunt","hexamod:PowerFromBeyond","hexamod:PhantomFireball","hexamod:GhostShield+1"],"relics":["hexamod:SpiritBrand","downfall:HeartsMalice","Blood Vial","Guardian:PocketSentry","The Courier","downfall:HeartBlessingGreen","Pandora\u0027s Box","hexamod:MatchstickCase","PreservedInsect","Orichalcum","Dream Catcher","Bronze Scales","Sundial","SlaversCollar","MealTicket","Regal Pillow","Akabeko"],"acts_visited":["Exordium","TheCity","TheBeyond"],"potions_floor_usage":[33,38,39,48,50,50],"damage_taken":[{"damage":0,"enemies":"Small Slimes","floor":2,"turns":1},{"damage":0,"enemies":"Jaw Worm","floor":3,"turns":1},{"damage":0,"enemies":"2 Louse","floor":4,"turns":1},{"damage":9,"enemies":"3 Sentries","floor":6,"turns":10},{"damage":3,"enemies":"Large Slime","floor":9,"turns":4},{"damage":1,"enemies":"3 Louse","floor":10,"turns":2},{"damage":25,"enemies":"Gremlin Nob","floor":11,"turns":4},{"damage":0,"enemies":"2 Fungi Beasts","floor":12,"turns":4},{"damage":4,"enemies":"Exordium Wildlife","floor":14,"turns":4},{"damage":3,"enemies":"Exordium Thugs","floor":15,"turns":3},{"damage":4,"enemies":"IC_STATUS_ARCHETYPE","floor":16,"turns":7},{"damage":14,"enemies":"downfall:LooterAlt2","floor":19,"turns":3},{"damage":3,"enemies":"Chosen","floor":22,"turns":3},{"damage":0,"enemies":"downfall:FleeingMerchant","floor":23,"turns":4},{"damage":13,"enemies":"Slavers","floor":25,"turns":3},{"damage":9,"enemies":"3 Cultists","floor":26,"turns":5},{"damage":12,"enemies":"Book of Stabbing","floor":27,"turns":3},{"damage":18,"enemies":"Centurion and Healer","floor":32,"turns":5},{"damage":11,"enemies":"DF_ARCHETYPE_CLAW","floor":33,"turns":6},{"damage":6,"enemies":"3 Shapes","floor":36,"turns":4},{"damage":10,"enemies":"downfall:FleeingMerchant","floor":37,"turns":4},{"damage":21,"enemies":"3 Darklings","floor":38,"turns":4},{"damage":19,"enemies":"Jaw Worm Horde","floor":39,"turns":4},{"damage":3,"enemies":"Nemesis","floor":43,"turns":3},{"damage":15,"enemies":"Spire Growth","floor":47,"turns":5},{"damage":25,"enemies":"Maw","floor":48,"turns":6},{"damage":17,"enemies":"Jaw Worm Horde","floor":49,"turns":4},{"damage":3,"enemies":"SI_POISON_ARCHETYPE","floor":50,"turns":7}],"seed_played":"-1711045128888698147","potions_obtained":[{"floor":6,"key":"EssenceOfSteel"},{"floor":9,"key":"sneckomod:MuddlingPotion"},{"floor":10,"key":"SteroidPotion"},{"floor":20,"key":"CultistPotion"},{"floor":25,"key":"hexamod:DoubleChargePotion"},{"floor":26,"key":"hexamod:EctoCoolerPotion"},{"floor":36,"key":"Dexterity Potion"},{"floor":38,"key":"EssenceOfSteel"},{"floor":43,"key":"AttackPotion"}],"is_trial":false,"path_per_floor":["R","M","M","M","?","E","T","R","M","M","E","M","R","M","M","B",null,"R","M","?","?","M","$","T","E","M","E","?","?","R","?","M","B",null,"R","M","$","M","M","R","T","R","E","?","R","T","M","M","M","B",null],"character_chosen":"THE_SPIRIT","items_purchased":["hexamod:MatchstickCase","PreservedInsect","Sadistic Nature","hexamod:ThirdSeal","hexamod:Haunt"],"campfire_rested":3,"item_purchase_floors":[23,23,37,37,37],"current_hp_per_floor":[70,70,70,70,70,61,61,61,60,61,38,40,40,38,37,35,70,70,56,56,56,55,57,57,46,39,29,29,29,50,70,52,43,70,70,64,56,37,20,41,41,62,61,61,61,61,48,25,10,9],"gold":212,"neow_bonus":"THREE_ENEMY_KILL","is_daily":false,"chose_seed":false,"campfire_upgraded":6,"win_rate":0.0,"timestamp":1613347421,"path_taken":["R","M","M","M","?","E","T","R","M","M","E","M","R","M","M","BOSS","R","M","?","?","M","$","T","E","M","E","?","?","R","?","M","BOSS","R","M","$","M","M","R","T","R","E","?","R","?","M","?","M","BOSS"],"items_purchased_type":["Relic","Relic","Card","Card","Card"],"build_version":"2020-12-22","purchased_purges":1,"victory":true,"max_hp_per_floor":[70,70,70,70,70,70,70,70,70,70,70,70,70,70,70,70,70,70,70,70,70,70,70,70,70,70,70,70,70,70,70,70,70,70,70,70,70,70,70,70,70,70,70,70,70,70,70,70,70,70],"card_choices":[{"not_picked":["hexamod:NightmareGuise","hexamod:SpectralAdrenaline"],"picked":"hexamod:Hexaguard","floor":2},{"not_picked":["hexamod:SecondSeal","hexamod:HeatMetal"],"picked":"hexamod:RetreatToShadows","floor":3},{"not_picked":["hexamod:ShieldOfDarkness","hexamod:Firestarter"],"picked":"hexamod:FlamesFromBeyond","floor":4},{"not_picked":["hexamod:BurningTouch","hexamod:SpectralSpark"],"picked":"hexamod:EtherealExpedition","floor":6},{"not_picked":["hexamod:ExtraCrispy","hexamod:FastForward"],"picked":"hexamod:HauntingEcho","floor":9},{"not_picked":["hexamod:HauntingEcho","hexamod:BurningTouch"],"picked":"hexamod:ApocalypticArmor","floor":10},{"not_picked":["hexamod:GhostOfSpirePast","hexamod:RainOfEmbers","hexamod:FirstSeal"],"picked":"SKIP","floor":11},{"not_picked":["hexamod:SwordOfDarkness","hexamod:RadiantFlame"],"picked":"hexamod:RecurringNightmare","floor":12},{"not_picked":["hexamod:EtherealExpedition","hexamod:HeatMetal"],"picked":"hexamod:Hexaguard","floor":14},{"not_picked":["hexamod:SecondSeal","hexamod:Hexaguard"],"picked":"hexamod:GhostLash","floor":15},{"not_picked":["hexamod:VolcanoVisage","hexamod:GhostOfSpirePresent"],"picked":"hexamod:UnleashSpirits","floor":16},{"not_picked":["hexamod:StepThrough","hexamod:SpectralSpark","hexamod:NightmareStrike"],"picked":"SKIP","floor":19},{"not_picked":["hexamod:SpectersWail+1","hexamod:BurningTouch"],"picked":"hexamod:FastForward","floor":22},{"not_picked":["hexamod:GhostOfSpireFuture","hexamod:GhostOfSpirePast","hexamod:RadiantFlame+1"],"picked":"SKIP","floor":23},{"not_picked":["hexamod:FirstSeal","hexamod:Firestarter","hexamod:FastForward"],"picked":"SKIP","floor":25},{"not_picked":["hexamod:SuperheatedStrike","hexamod:BacktrackSmack+1"],"picked":"hexamod:NightmareGuise","floor":26},{"not_picked":["hexamod:RecurringNightmare+1","hexamod:HauntingEcho"],"picked":"hexamod:TimeWarp","floor":27},{"not_picked":["hexamod:GhostflameBarrier","hexamod:Firestarter"],"picked":"hexamod:NightmareGuise","floor":32},{"not_picked":["hexamod:GhostOfSpirePresent","hexamod:FlameSwitch"],"picked":"hexamod:WildfireWeapon","floor":33},{"not_picked":["hexamod:Firestarter+1","hexamod:FourthSeal"],"picked":"hexamod:ThermalTransfer+1","floor":36},{"not_picked":["hexamod:HeatShield+1","hexamod:Haunt","hexamod:GhostflameInferno"],"picked":"SKIP","floor":37},{"not_picked":["hexamod:AdvancingGuard","hexamod:RainOfEmbers+1"],"picked":"hexamod:PowerFromBeyond","floor":38},{"not_picked":["hexamod:NightmareGuise+1","hexamod:ThermalTransfer+1","hexamod:FastForward"],"picked":"SKIP","floor":39},{"not_picked":["hexamod:FastForward+1","hexamod:VolcanoVisage"],"picked":"hexamod:PhantomFireball","floor":43},{"not_picked":["hexamod:RainOfEmbers+1","hexamod:FlamesFromBeyond+1","hexamod:SecondSeal"],"picked":"SKIP","floor":47},{"not_picked":["hexamod:GhostLash+1","hexamod:NightmareGuise"],"picked":"hexamod:GhostShield+1","floor":48},{"not_picked":["hexamod:FirstSeal","hexamod:Firestarter","hexamod:ChargedBarrage"],"picked":"SKIP","floor":49}],"player_experience":597969,"relics_obtained":[{"floor":6,"key":"Blood Vial"},{"floor":7,"key":"Guardian:PocketSentry"},{"floor":11,"key":"The Courier"},{"floor":24,"key":"Orichalcum"},{"floor":25,"key":"Dream Catcher"},{"floor":27,"key":"Bronze Scales"},{"floor":41,"key":"MealTicket"},{"floor":43,"key":"Regal Pillow"},{"floor":46,"key":"Akabeko"}],"event_choices":[{"damage_healed":0,"gold_gain":0,"player_choice":"Ignored","damage_taken":0,"max_hp_gain":0,"max_hp_loss":0,"event_name":"Vampires","floor":21,"gold_loss":0},{"damage_healed":0,"gold_gain":0,"player_choice":"Stole Relic","damage_taken":0,"relics_obtained":["Sundial"],"max_hp_gain":0,"max_hp_loss":0,"event_name":"Addict","floor":29,"gold_loss":0,"cards_obtained":["Pride"]},{"damage_healed":23,"gold_gain":0,"player_choice":"Heal","damage_taken":0,"max_hp_gain":0,"max_hp_loss":0,"event_name":"The Library","floor":31,"gold_loss":0}],"is_beta":false,"boss_relics":[{"not_picked":["Sozu","Runic Pyramid"],"picked":"Pandora\u0027s Box"},{"not_picked":["hexamod:UnbrokenSoul","SacredBark"],"picked":"SlaversCollar"}],"items_purged_floors":[23],"is_endless":false,"potions_floor_spawned":[6,9,10,15,19,25,26,32,36,38,43,47],"ascension_level":3}}