{"host":"i1fqlpve17okw40o","time":1613353590,"event":{"mods":["A Magickal Journey","Act Like it!","Aspiration","BaseMod","BetterRewards","CapriCore","Colored Map","Colored Powertips","Downfall","Elementarium","Energized Spire","Glutton Mod","Halation","Hallownest","Hermit","Highlight Path","Hubris","Koishi","Marisa????????","Mimic Mod","Minty Spire (QoL Compilation)","Quick Restart","Random Character Button","Relic Sorter","Reliquary","Replay The Spire","Retaliation","Reworked Bosses","StSLib","SuperFastMode","Td1madao Mod","The Bug Knight","The Construct","The Disciple","The Forsaken","The Immortal","The Runesmith","The Senshi","The Servant 0.9.4"],"gold_per_floor":[112,129,60,77,91,91,110,110,110,110,110,110,143,163,163,262,262,278,296,221,221,237,237,237,237],"floor_reached":24,"language":"ENG","playtime":1411,"items_purged":["HollowMod:NailStrikeStart"],"score":323,"play_id":"07b31416-0df4-4574-842f-38cbe3470639","local_time":"20210214194630","is_ascension_mode":false,"campfire_choices":[{"data":"HollowMod:LifebloodCocoon","floor":8,"key":"SMITH"},{"data":"HollowMod:SoulSplash","floor":11,"key":"SMITH"},{"data":"HollowMod:FocusHealStart","floor":15,"key":"SMITH"},{"data":"HollowMod:LifebloodCocoon","floor":23,"key":"SMITH"}],"circlet_count":0,"master_deck":["HollowMod:NailStrikeStart","HollowMod:NailStrikeStart","HollowMod:NailStrikeStart","HollowMod:FocusHealStart+1","HollowMod:PogoStrike","HollowMod:SoulStrike","HollowMod:DesolateDive","HollowMod:SoulSplash+1","HollowMod:DungDefenderAura","HollowMod:DashSlash","HollowMod:DashSlash","HollowMod:LifebloodCocoon+1","Hallownest:skillSlugHide","Hallownest:skillSlugHide","Hallownest:skillSlugHide","Hallownest:skillSlugHide","Hallownest:skillSlugHide","HollowMod:SlysStrikes","HollowMod:HowlingWraiths","HollowMod:LifebloodCocoon+1"],"relics":["HollowMod:VesselMask","Hallownest:DreamNailRelic","HollowMod:LumaflyLanternRelic","theForsaken:Lifeblossom"],"acts_visited":["Hallownest:Greenpath","Hallownest:CityofTears"],"potions_floor_usage":[4,13,13,19],"damage_taken":[{"damage":0,"enemies":"Hallownest:2_Baldur","floor":1,"turns":3},{"damage":1,"enemies":"Hallownest:2_MossCreeps","floor":2,"turns":5},{"damage":3,"enemies":"Hallownest:2_Tiktiks_and_1_Crawlid","floor":4,"turns":3},{"damage":21,"enemies":"Hallownest:1_Ooma_and_2_Uuma","floor":5,"turns":13},{"damage":0,"enemies":"Hallownest:monsterAspidMother","floor":7,"turns":5},{"damage":23,"enemies":"Hallownest:eliteCrystalGuardian","floor":13,"turns":7},{"damage":0,"enemies":"Hallownest:Wandering_and_Horned","floor":14,"turns":5},{"damage":27,"enemies":"Hallownest:BossFalseKnight","floor":16,"turns":13},{"damage":29,"enemies":"Hallownest:Guard_and_Sentry","floor":18,"turns":8},{"damage":11,"enemies":"Hallownest:2_Mistakes","floor":19,"turns":8},{"damage":27,"enemies":"Hallownest:2_Husk_Sentries","floor":22,"turns":7},{"damage":29,"enemies":"Hallownest:3_Mistakes","floor":24,"turns":5}],"seed_played":"2486353400710825023","potions_obtained":[{"floor":1,"key":"Weak Potion"},{"floor":5,"key":"Elixir"},{"floor":7,"key":"hexamod:SoulburnPotion"},{"floor":14,"key":"BlessingOfTheForge"},{"floor":18,"key":"AttackPotion"},{"floor":19,"key":"Ancient Potion"}],"is_trial":false,"path_per_floor":["M","M","$","M","M","?","M","R","T","?","R","?","E","M","R","B",null,"M","M","$","?","M","R","M"],"character_chosen":"THE_BUGKNIGHT","items_purchased":["HollowMod:SoulStrike","Swift Potion","HollowMod:DungDefenderAura"],"campfire_rested":0,"item_purchase_floors":[0,0,3],"current_hp_per_floor":[75,75,75,72,61,61,67,67,67,67,67,75,58,70,70,54,75,53,54,54,59,44,44,21,21],"gold":237,"neow_bonus":"","is_daily":false,"chose_seed":false,"campfire_upgraded":4,"win_rate":0.0,"timestamp":1613353590,"path_taken":["M","M","$","M","M","?","?","R","T","?","R","?","E","M","R","BOSS","M","M","$","?","M","R","M"],"items_purchased_type":["Card","Potion","Card"],"build_version":"2020-12-22","purchased_purges":1,"victory":false,"max_hp_per_floor":[75,75,75,75,75,75,75,75,75,75,75,75,75,75,75,75,75,75,75,75,75,75,75,75,75],"card_choices":[{"not_picked":["HollowMod:ChannelNail","HollowMod:InfectionAssault"],"picked":"HollowMod:DesolateDive","floor":1},{"not_picked":["HollowMod:DescendingDark","HollowMod:GoodIntentions"],"picked":"HollowMod:SoulSplash","floor":2},{"not_picked":["HollowMod:HuntersJournal","HollowMod:DesolateDive"],"picked":"HollowMod:DashSlash","floor":4},{"not_picked":["HollowMod:BlackTendrils","HollowMod:CornifersMapStart"],"picked":"HollowMod:DashSlash","floor":5},{"not_picked":["HollowMod:ShadowDash","HollowMod:QuirrelsAssistance"],"picked":"HollowMod:LifebloodCocoon","floor":7},{"not_picked":["HollowMod:ElderbugsWisdom","HollowMod:DescendingDark","HollowMod:GrimmsGift"],"picked":"SKIP","floor":13},{"not_picked":["HollowMod:TaintedHusks","HollowMod:SoulEater","HollowMod:PureNailStrike"],"picked":"SKIP","floor":14},{"not_picked":["HollowMod:SoulMaster","HollowMod:LifebloodCore"],"picked":"HollowMod:SlysStrikes","floor":16},{"not_picked":["HollowMod:VengefulVoid","HollowMod:BlackTendrils"],"picked":"HollowMod:HowlingWraiths","floor":18},{"not_picked":["HollowMod:CycloneSlash","HollowMod:DescendingDark","HollowMod:AbyssShriek+1"],"picked":"SKIP","floor":19},{"not_picked":["HollowMod:DoubleDash","HollowMod:CloakDash"],"picked":"HollowMod:LifebloodCocoon","floor":22}],"player_experience":449820,"relics_obtained":[{"floor":9,"key":"HollowMod:LumaflyLanternRelic"},{"floor":13,"key":"theForsaken:Lifeblossom"}],"event_choices":[],"is_beta":false,"boss_relics":[{"not_picked":["Runic Pyramid","aspiration:RunesmithSkillbook","Runic Dome"]}],"items_purged_floors":[20],"is_endless":false,"potions_floor_spawned":[1,5,7,14,18,19],"killed_by":"Hallownest:3_Mistakes","ascension_level":0}}