{"host":"lehbxtjrpalkmwwj","time":1613393166,"event":{"mods":["ATMod(°¢èªMod)","Aspiration","BaseMod","Challenge The Spire","Colored Map","Colored Powertips","Conspire","Dota2Spire","Energized Spire","Hunter ÁÔÈË","Minty Spire (QoL Compilation)","Quick Restart","Relic Stats","Reliquary","Replay The Spire","Spicy Shops","StSLib","TestMod","The Cursed","The IronCluck","The Poker Player","Waifu the Spire","Wide Potions","[IsaacMod]ÒÔÈö¼âËþ","¡¾ÒÅÎï¿¨ÅÆ¡¿REMEMod","É³µñ²ÄÖÊ°ümod","óô»ðÖ¸ÄÏ"],"gold_per_floor":[110,110,129,181,53,78,90,90,90],"floor_reached":8,"language":"ZHS","playtime":172,"items_purged":[],"score":117,"play_id":"681c16c9-aea0-42ca-915f-f4689003ecce","local_time":"20210215204606","is_ascension_mode":true,"campfire_choices":[],"circlet_count":0,"master_deck":["Strike_G","Strike_G","Strike_G","Strike_G","Strike_G","Defend_G","Defend_G","Defend_G","Defend_G","Defend_G","Survivor","Neutralize","SuicideKing","Storm of Steel","AT_FamilyPortrait","Cloak And Dagger","Dash","Deadly Poison","PiercingWail"],"relics":["HushsDoor","AT_ATBox","testmod-TestBox","REME_ComplimentaryCards","testmod-Nine","Leech","NeowsBlessing","Sizzling Blood","Mirror","PunchingBag"],"acts_visited":["Exordium"],"potions_floor_usage":[],"damage_taken":[{"damage":0,"enemies":"Jaw Worm","floor":1,"turns":1},{"damage":0,"enemies":"2 Louse","floor":3,"turns":1},{"damage":0,"enemies":"Gremlin Nob","floor":6,"turns":1},{"damage":1,"enemies":"Cultist","floor":7,"turns":3},{"damage":9,"enemies":"3 Sentries","floor":8,"turns":3}],"seed_played":"6155253067359726966","potions_obtained":[{"floor":1,"key":"FearPotion"},{"floor":6,"key":"Poison Potion"}],"is_trial":false,"path_per_floor":["M","?","M","?","$","E","M","E"],"character_chosen":"THE_SILENT","items_purchased":["Mirror"],"campfire_rested":0,"item_purchase_floors":[5],"current_hp_per_floor":[63,67,71,56,56,60,65,58,58],"gold":90,"neow_bonus":"THREE_ENEMY_KILL","is_daily":false,"chose_seed":false,"campfire_upgraded":0,"win_rate":0.0,"timestamp":1613393166,"path_taken":["M","?","M","?","?","E","M","E"],"items_purchased_type":["Relic"],"build_version":"2020-12-22","purchased_purges":0,"victory":false,"max_hp_per_floor":[70,74,74,74,74,74,74,74,74],"relic_stats":{"counters":[5,9],"obtain_stats":[{"KeepersGift":0,"AT_ATBox":0,"testmod-TestBox":0,"PunchingBag":6,"NeowsBlessing":0,"Sizzling Blood":2,"HushsDoor":0,"Mirror":5,"testmod-Nine":0,"Ring of the Snake":0,"REME_ComplimentaryCards":0,"Leech":0},{"KeepersGift":0,"AT_ATBox":0,"testmod-TestBox":0,"PunchingBag":3,"NeowsBlessing":0,"Sizzling Blood":1,"HushsDoor":0,"Mirror":2,"testmod-Nine":0,"Ring of the Snake":0,"REME_ComplimentaryCards":0,"Leech":0},{"KeepersGift":0,"AT_ATBox":0,"testmod-TestBox":0,"PunchingBag":3,"NeowsBlessing":0,"Sizzling Blood":1,"HushsDoor":0,"Mirror":2,"testmod-Nine":0,"Ring of the Snake":0,"REME_ComplimentaryCards":0,"Leech":0}]},"card_choices":[{"not_picked":[],"picked":"SuicideKing","floor":0},{"not_picked":["Flying Knee","Hidden Blade"],"picked":"Cloak And Dagger","floor":1},{"not_picked":["Acrobatics","ReplayTheSpireMod:Tripwire"],"picked":"Dash","floor":3},{"not_picked":["AT_WomanClash","Dagger Spray"],"picked":"Deadly Poison","floor":6},{"not_picked":["Dagger Throw","REME_ShadowStrike"],"picked":"PiercingWail","floor":7}],"player_experience":187105,"relics_obtained":[{"floor":6,"key":"PunchingBag"}],"event_choices":[],"is_beta":false,"boss_relics":[],"items_purged_floors":[],"is_endless":false,"potions_floor_spawned":[1,6],"killed_by":"3 Sentries","ascension_level":9}}