{"host":"e8062yfkmywf26f0","time":1613351799,"event":{"mods":["AchievementEnabler","BaseMod","Colored Map","Minty Spire (QoL Compilation)","Quick Restart","Shop Mod","StSLib"],"gold_per_floor":[118,129,129,129,142,175,175,175,202,218,238,238,252,50,50,145,145,163,180,198,198,217,217,217,236,236,236,236,0,0,0],"floor_reached":30,"language":"ENG","playtime":1332,"items_purged":[],"score":232,"play_id":"21d2e9ad-1526-485c-a932-e109c2c194d7","local_time":"20210215011639","is_ascension_mode":false,"campfire_choices":[{"floor":7,"key":"REST"},{"floor":12,"key":"REST"},{"floor":15,"key":"REST"},{"floor":23,"key":"REST"},{"floor":28,"key":"REST"}],"circlet_count":0,"master_deck":["Strike_G","Strike_G","Strike_G","Strike_G","Defend_G","Defend_G+1","Defend_G","Survivor","Neutralize","Deadly Poison","Accuracy","Blade Dance","Bouncing Flask","Blade Dance","Noxious Fumes","Infinite Blades","Poisoned Stab","Burst","Cloak And Dagger+1","Skewer","Catalyst","RitualDagger","Finesse","Neutralize","Catalyst","Bullet Time","Blur"],"relics":["SacredBark","Bag of Marbles","Blood Vial","Snake Skull","WristBlade","Bronze Scales"],"acts_visited":["Exordium","TheCity"],"potions_floor_usage":[16],"damage_taken":[{"damage":3,"enemies":"Jaw Worm","floor":1,"turns":6},{"damage":3,"enemies":"2 Louse","floor":2,"turns":4},{"damage":0,"enemies":"Small Slimes","floor":5,"turns":3},{"damage":37,"enemies":"Gremlin Nob","floor":6,"turns":5},{"damage":10,"enemies":"Exordium Thugs","floor":10,"turns":3},{"damage":10,"enemies":"Lots of Slimes","floor":11,"turns":2},{"damage":15,"enemies":"3 Louse","floor":13,"turns":3},{"damage":41,"enemies":"The Guardian","floor":16,"turns":7},{"damage":16,"enemies":"Spheric Guardian","floor":18,"turns":4},{"damage":2,"enemies":"3 Byrds","floor":19,"turns":5},{"damage":12,"enemies":"3 Cultists","floor":20,"turns":4},{"damage":32,"enemies":"Centurion and Healer","floor":22,"turns":5},{"damage":26,"enemies":"Snake Plant","floor":25,"turns":4},{"damage":33,"enemies":"Slavers","floor":30,"turns":2}],"seed_played":"6753553551079056799","potions_obtained":[{"floor":6,"key":"Swift Potion"},{"floor":10,"key":"Dexterity Potion"},{"floor":11,"key":"ColorlessPotion"},{"floor":16,"key":"Dexterity Potion"},{"floor":22,"key":"DistilledChaos"}],"is_trial":false,"path_per_floor":["M","M","?","?","M","E","R","?","T","M","M","R","M","$","R","B",null,"M","M","M","?","M","R","?","M","T","?","R","?","E"],"character_chosen":"THE_SILENT","items_purchased":["Snake Skull","Poisoned Stab"],"campfire_rested":5,"item_purchase_floors":[14,14],"current_hp_per_floor":[67,64,50,50,50,13,34,34,34,26,18,39,26,26,47,8,70,54,54,44,38,8,29,29,5,5,5,26,26,0,0],"gold":0,"neow_bonus":"BOSS_RELIC","is_daily":false,"chose_seed":false,"campfire_upgraded":0,"win_rate":0.0,"timestamp":1613351799,"path_taken":["M","M","?","?","M","E","R","?","T","?","M","R","?","$","R","BOSS","M","M","M","?","M","R","?","?","T","?","R","?","E"],"items_purchased_type":["Relic","Card"],"build_version":"2020-12-22","purchased_purges":0,"victory":false,"max_hp_per_floor":[70,70,70,70,70,70,70,70,70,70,70,70,70,70,70,70,70,70,70,70,70,70,70,70,70,70,70,70,70,70,70],"card_choices":[{"not_picked":["Quick Slash","Finisher"],"picked":"Deadly Poison","floor":1},{"not_picked":["Calculated Gamble","Riddle With Holes"],"picked":"Accuracy","floor":2},{"not_picked":["Bouncing Flask","Distraction"],"picked":"Blade Dance","floor":5},{"not_picked":["Reflex","Sucker Punch"],"picked":"Bouncing Flask","floor":6},{"not_picked":["Dagger Spray","Outmaneuver","Tactician"],"picked":"SKIP","floor":10},{"not_picked":["Dodge and Roll","Heel Hook"],"picked":"Noxious Fumes","floor":11},{"not_picked":["Prepared","Venomology"],"picked":"Infinite Blades","floor":13},{"not_picked":["Night Terror","A Thousand Cuts"],"picked":"Burst","floor":16},{"not_picked":["Bouncing Flask","Underhanded Strike"],"picked":"Cloak And Dagger+1","floor":18},{"not_picked":["Reflex","Quick Slash"],"picked":"Skewer","floor":19},{"not_picked":["Outmaneuver","Sucker Punch"],"picked":"Catalyst","floor":20},{"not_picked":["PiercingWail","Flying Knee+1","Choke"],"picked":"SKIP","floor":22},{"not_picked":["Dagger Spray+1","Quick Slash"],"picked":"Catalyst","floor":25}],"player_experience":100143,"relics_obtained":[{"floor":6,"key":"Bag of Marbles"},{"floor":9,"key":"Blood Vial"},{"floor":26,"key":"Bronze Scales"}],"event_choices":[{"damage_healed":0,"gold_gain":0,"player_choice":"Entered Light","damage_taken":14,"max_hp_gain":0,"max_hp_loss":0,"event_name":"Shining Light","floor":3,"gold_loss":0,"cards_upgraded":["Defend_G","Strike_G"]},{"damage_healed":0,"gold_gain":0,"player_choice":"Ignored","damage_taken":0,"max_hp_gain":0,"max_hp_loss":0,"event_name":"Golden Wing","floor":4,"gold_loss":0},{"damage_healed":0,"gold_gain":0,"cards_transformed":["Defend_G"],"player_choice":"Transformed","damage_taken":0,"max_hp_gain":0,"max_hp_loss":0,"event_name":"Transmorgrifier","floor":8,"gold_loss":0,"cards_obtained":["Blade Dance"]},{"damage_healed":0,"gold_gain":0,"player_choice":"Joined the Cult","damage_taken":6,"max_hp_gain":0,"max_hp_loss":0,"event_name":"Nest","floor":21,"gold_loss":0,"cards_obtained":["RitualDagger"]},{"damage_healed":0,"gold_gain":0,"player_choice":"2 cards matched","damage_taken":0,"max_hp_gain":0,"max_hp_loss":0,"event_name":"Match and Keep!","floor":24,"gold_loss":0,"cards_obtained":["Finesse","Neutralize"]},{"damage_healed":0,"gold_gain":0,"cards_transformed":["Strike_G","Defend_G"],"player_choice":"Became Test Subject","damage_taken":0,"max_hp_gain":0,"max_hp_loss":0,"event_name":"Drug Dealer","floor":27,"gold_loss":0,"cards_obtained":["Bullet Time","Blur"]},{"damage_healed":0,"gold_gain":0,"player_choice":"Paid Fearfully","damage_taken":0,"max_hp_gain":0,"max_hp_loss":0,"event_name":"Masked Bandits","floor":29,"gold_loss":236}],"is_beta":false,"boss_relics":[{"not_picked":["Cursed Key","Black Star"],"picked":"WristBlade"}],"items_purged_floors":[],"is_endless":false,"potions_floor_spawned":[6,10,11,16,22,25],"killed_by":"Slavers","ascension_level":0}}