{"host":"4gkev1dtxxhiue3x","time":1613377181,"event":{"mods":["AchievementEnabler","BaseMod","Better Altar","Better Match","Better Note","Better Sensory Stone","Better Skull","Better Third Choice","Colored Powertips","Downfall","Friendly Minions","Hermit","Infinite Spire","Minty Spire (QoL Compilation)","Relic Stats","Robot Space Explorer","Shop Mod","StSLib","The Construct","The Disciple","The Hierophant"],"gold_per_floor":[116,116,116,116,116,154,0,16,16,49,49,87,87,87,87,212,212,228,278,278,51,51,86,110,110,136,86,111,61,61,102,102,102,102],"floor_reached":33,"language":"ENG","playtime":2562,"items_purged":["Strike_R","Strike_R","Injury"],"score":350,"play_id":"b3b39d95-ae4e-4b98-82d3-c579b08b3ff9","local_time":"20210215091941","is_ascension_mode":true,"campfire_choices":[{"floor":11,"key":"REST"},{"floor":13,"key":"REST"},{"floor":15,"key":"REST"},{"floor":25,"key":"REST"},{"data":"Enlightenment","floor":32,"key":"SMITH"}],"circlet_count":0,"master_deck":["Strike_R+1","Defend_R+1","Defend_R+1","Defend_R+1","Defend_R+1","Bash","Sever Soul","Thunderclap","Entrench","Cleave","Enlightenment+1","Armaments","Shrug It Off","Perfected Strike","infinitespire:TheBestDefense","Juggernaut+1","Evolve+1","Inflame+1","Flame Barrier","Barricade+1"],"relics":["Burning Blood","MealTicket","Golden Idol","Frozen Egg 2","Juzu Bracelet","PreservedInsect","Black Star","Membership Card","Nloth\u0027s Gift","Smiling Mask","Oddly Smooth Stone","Bronze Scales","Vajra","Pear"],"acts_visited":["Exordium","TheCity"],"potions_floor_usage":[10,10,16,33],"damage_taken":[{"damage":7,"enemies":"2 Louse","floor":1,"turns":4},{"damage":20,"enemies":"Gremlin Nob","floor":6,"turns":4},{"damage":12,"enemies":"Jaw Worm","floor":8,"turns":2},{"damage":16,"enemies":"Lagavulin","floor":10,"turns":5},{"damage":41,"enemies":"Gremlin Nob","floor":12,"turns":5},{"damage":60,"enemies":"Slime Boss","floor":16,"turns":12},{"damage":50,"enemies":"Spheric Guardian","floor":18,"turns":8},{"damage":21,"enemies":"Gremlin Leader","floor":23,"turns":6},{"damage":32,"enemies":"3 Byrds","floor":24,"turns":5},{"damage":33,"enemies":"Centurion and Healer","floor":28,"turns":11},{"damage":37,"enemies":"Slavers","floor":31,"turns":4},{"damage":28,"enemies":"Champ","floor":33,"turns":5}],"seed_played":"-7268171689034577014","potions_obtained":[{"floor":1,"key":"champ:CounterPotion"},{"floor":8,"key":"AttackPotion"},{"floor":12,"key":"FearPotion"},{"floor":31,"key":"ColorlessPotion"}],"is_trial":false,"path_per_floor":["M","?","?","?","?","E","?","M","T","E","R","E","R","?","R","B",null,"M","?","?","$","?","E","M","R","T","$","M","$","?","E","R","B"],"character_chosen":"IRONCLAD","items_purchased":["Membership Card","Inflame+1"],"campfire_rested":4,"item_purchase_floors":[21,21],"current_hp_per_floor":[79,79,72,72,72,58,64,58,58,48,73,38,63,42,67,13,86,42,42,42,57,57,42,16,41,41,56,29,44,44,23,23,0,0],"gold":102,"neow_bonus":"TRANSFORM_CARD","is_daily":false,"chose_seed":false,"campfire_upgraded":1,"win_rate":0.0,"timestamp":1613377181,"path_taken":["M","?","?","?","?","E","?","M","T","E","R","E","R","?","R","BOSS","M","?","?","$","?","E","M","R","T","$","M","?","?","E","R","BOSS"],"items_purchased_type":["Relic","Card"],"build_version":"2020-12-22","purchased_purges":3,"victory":false,"max_hp_per_floor":[80,80,80,80,80,80,86,86,86,86,86,86,86,86,86,86,86,86,86,86,86,86,86,86,86,86,86,86,86,86,96,96,96,96],"relic_stats":{"counters":[12,71],"Golden Idol":79,"Bronze Scales":[42],"MealTicket":45,"PreservedInsect":85,"Juzu Bracelet":2,"Black Star":2,"Nloth\u0027s Gift":2,"Smiling Mask":13,"obtain_stats":[{"Pear":31,"Golden Idol":5,"Oddly Smooth Stone":23,"Vajra":31,"PreservedInsect":12,"Omamori":6,"Juzu Bracelet":10,"Frozen Egg 2":9,"Smiling Mask":23,"Burning Blood":0,"Bronze Scales":26,"MealTicket":2,"Black Star":17,"Nloth\u0027s Gift":22,"Membership Card":21},{"Pear":11,"Golden Idol":1,"Oddly Smooth Stone":8,"Vajra":11,"PreservedInsect":5,"Omamori":2,"Juzu Bracelet":4,"Frozen Egg 2":3,"Smiling Mask":8,"Burning Blood":0,"Bronze Scales":9,"MealTicket":1,"Black Star":6,"Nloth\u0027s Gift":7,"Membership Card":7},{"Pear":66,"Golden Idol":4,"Oddly Smooth Stone":46,"Vajra":66,"PreservedInsect":20,"Omamori":8,"Juzu Bracelet":15,"Frozen Egg 2":10,"Smiling Mask":46,"Burning Blood":0,"Bronze Scales":51,"MealTicket":4,"Black Star":32,"Nloth\u0027s Gift":40,"Membership Card":40}],"Burning Blood":66},"card_choices":[{"not_picked":["Perfected Strike","Infernal Blade"],"picked":"Thunderclap","floor":1},{"not_picked":["Headbutt","Sword Boomerang"],"picked":"Cleave","floor":6},{"not_picked":["Thunderclap","Heavy Blade"],"picked":"Armaments","floor":8},{"not_picked":["Armaments","Warcry"],"picked":"Shrug It Off","floor":10},{"not_picked":["Iron Wave","Twin Strike"],"picked":"Perfected Strike","floor":12},{"not_picked":["infinitespire:DeathsTouch","infinitespire:NeuralNetwork"],"picked":"infinitespire:TheBestDefense","floor":14},{"not_picked":["Corruption+1","Feed"],"picked":"Juggernaut+1","floor":16},{"not_picked":["Clash","Headbutt"],"picked":"Evolve+1","floor":18},{"not_picked":["Dark Embrace+1","Exhume"],"picked":"Flame Barrier","floor":23},{"not_picked":["Brutality+1","Shockwave","Second Wind+1"],"picked":"SKIP","floor":24},{"not_picked":["Armaments","Clothesline","Clash"],"picked":"SKIP","floor":28},{"not_picked":["Metallicize+1","Disarm"],"picked":"Barricade+1","floor":31}],"player_experience":167125,"relics_obtained":[{"floor":6,"key":"Omamori"},{"floor":9,"key":"Frozen Egg 2"},{"floor":10,"key":"Juzu Bracelet"},{"floor":12,"key":"PreservedInsect"},{"floor":23,"key":"Smiling Mask"},{"floor":23,"key":"Oddly Smooth Stone"},{"floor":26,"key":"Bronze Scales"},{"floor":31,"key":"Vajra"},{"floor":31,"key":"Pear"}],"event_choices":[{"damage_healed":0,"gold_gain":0,"player_choice":"Box","damage_taken":0,"relics_obtained":["MealTicket"],"max_hp_gain":0,"max_hp_loss":0,"event_name":"Big Fish","floor":2,"gold_loss":0,"cards_obtained":["Regret"]},{"cards_removed":["Regret"],"damage_healed":0,"gold_gain":0,"player_choice":"Card Removal","damage_taken":7,"max_hp_gain":0,"max_hp_loss":0,"event_name":"Golden Wing","floor":3,"gold_loss":0},{"damage_healed":0,"gold_gain":0,"cards_transformed":["Strike_R"],"player_choice":"Change","damage_taken":0,"max_hp_gain":0,"max_hp_loss":0,"event_name":"Living Wall","floor":4,"gold_loss":0,"cards_obtained":["Entrench"]},{"damage_healed":0,"gold_gain":0,"player_choice":"Take Wound","damage_taken":0,"relics_obtained":["Golden Idol"],"max_hp_gain":0,"max_hp_loss":0,"event_name":"Golden Idol","floor":5,"gold_loss":0,"cards_obtained":["Injury"]},{"damage_healed":0,"gold_gain":0,"player_choice":"RENOUNCE","damage_taken":154,"max_hp_gain":0,"max_hp_loss":0,"event_name":"betterThird:BetterSerpent","floor":7,"gold_loss":154,"cards_obtained":["Enlightenment"]},{"damage_healed":0,"gold_gain":100,"player_choice":"Bet on Murderer","damage_taken":0,"max_hp_gain":0,"max_hp_loss":0,"event_name":"The Joust","floor":19,"gold_loss":50},{"damage_healed":0,"gold_gain":0,"player_choice":"Ignored","damage_taken":0,"max_hp_gain":0,"max_hp_loss":0,"event_name":"Ghosts","floor":20,"gold_loss":0},{"damage_healed":0,"gold_gain":0,"player_choice":"Traded Relic","damage_taken":0,"relics_obtained":["Nloth\u0027s Gift"],"max_hp_gain":0,"max_hp_loss":0,"event_name":"N\u0027loth","floor":22,"relics_lost":["Omamori"],"gold_loss":0},{"damage_healed":0,"gold_gain":0,"player_choice":"Simplicity","damage_taken":0,"max_hp_gain":0,"max_hp_loss":5,"event_name":"betterThird:BetterWriting","floor":30,"gold_loss":0}],"is_beta":false,"boss_relics":[{"not_picked":["Black Blood","Astrolabe"],"picked":"Black Star"}],"items_purged_floors":[21,27,29],"is_endless":false,"potions_floor_spawned":[1,8,12,31],"killed_by":"Champ","ascension_level":2}}