{"host":"kh6fvhxn285ncg0o","time":1613354110,"event":{"mods":["Act Like it!","BaseMod","Colored Map","Friendly Minions","Keyboard Shortcuts","Minty Spire (QoL Compilation)","Quick Restart","Relic Stats","StSLib","SuperFastMode","UnlockEverythingMod"],"gold_per_floor":[368,379,379,395,25,25,53,64,64,64,90,90,101,116,116,189,189,148,159,159,159,159,159],"floor_reached":22,"language":"KOR","playtime":469,"items_purged":["Strike_G"],"score":372,"play_id":"19d2c30c-f793-4efa-9c42-5e7372986e60","local_time":"20210215105510","is_ascension_mode":true,"campfire_choices":[{"data":"Bouncing Flask","floor":6,"key":"SMITH"},{"data":"Noxious Fumes","floor":10,"key":"SMITH"},{"data":"Neutralize","floor":15,"key":"SMITH"}],"circlet_count":0,"master_deck":["AscendersBane","Strike_G","Strike_G","Strike_G","Strike_G","Defend_G","Defend_G","Defend_G","Defend_G","Defend_G","Survivor","Neutralize+1","Poisoned Stab","Backstab","PiercingWail","Bouncing Flask+1","Deadly Poison","Noxious Fumes+1","Prepared+1","Blur+1","Calculated Gamble+1","Burst+1","Backflip+1"],"relics":["Ring of the Snake","Strawberry","Membership Card","Pantograph","Mango","Toxic Egg 2","Odd Mushroom","SlaversCollar"],"acts_visited":["Exordium","TheCity"],"potions_floor_usage":[18,22],"damage_taken":[{"damage":11,"enemies":"Cultist","floor":1,"turns":6},{"damage":0,"enemies":"Small Slimes","floor":2,"turns":3},{"damage":2,"enemies":"Jaw Worm","floor":4,"turns":3},{"damage":7,"enemies":"Lagavulin","floor":7,"turns":5},{"damage":0,"enemies":"Looter","floor":8,"turns":3},{"damage":3,"enemies":"The Mushroom Lair","floor":11,"turns":4},{"damage":4,"enemies":"Blue Slaver","floor":13,"turns":4},{"damage":6,"enemies":"Exordium Wildlife","floor":14,"turns":4},{"damage":43,"enemies":"Hexaghost","floor":16,"turns":8},{"damage":12,"enemies":"2 Thieves","floor":18,"turns":5},{"damage":17,"enemies":"Spheric Guardian","floor":19,"turns":4},{"damage":35,"enemies":"Centurion and Healer","floor":22,"turns":7}],"seed_played":"4279259868024757991","potions_obtained":[{"floor":4,"key":"GhostInAJar"},{"floor":7,"key":"Dexterity Potion"},{"floor":18,"key":"Strength Potion"}],"is_trial":false,"path_per_floor":["M","M","?","M","$","R","E","M","T","R","?","T","M","M","R","B",null,"M","M","?","?","M"],"character_chosen":"THE_SILENT","items_purchased":["Membership Card","Bouncing Flask","Pantograph"],"campfire_rested":0,"item_purchase_floors":[5,5,5],"current_hp_per_floor":[48,48,44,42,42,42,49,49,49,49,46,46,42,36,36,18,65,53,36,36,24,0,0],"gold":159,"neow_bonus":"TWO_FIFTY_GOLD","is_daily":false,"chose_seed":false,"campfire_upgraded":3,"win_rate":0.0,"timestamp":1613354110,"path_taken":["M","?","?","M","?","R","E","M","T","R","?","?","M","M","R","BOSS","M","M","?","?","M"],"items_purchased_type":["Relic","Card","Relic"],"build_version":"2020-12-22","purchased_purges":1,"victory":false,"max_hp_per_floor":[60,60,67,67,67,67,81,81,81,81,81,81,81,81,81,81,81,81,81,81,81,81,81],"relic_stats":{"counters":[12,56],"Pantograph":25,"obtain_stats":[{"SlaversCollar":17,"Strawberry":3,"Pantograph":5,"Mango":7,"Membership Card":5,"Toxic Egg 2":9,"Odd Mushroom":11,"Ring of the Snake":0},{"SlaversCollar":9,"Strawberry":2,"Pantograph":3,"Mango":4,"Membership Card":3,"Toxic Egg 2":5,"Odd Mushroom":6,"Ring of the Snake":0},{"SlaversCollar":40,"Strawberry":9,"Pantograph":12,"Mango":17,"Membership Card":12,"Toxic Egg 2":20,"Odd Mushroom":24,"Ring of the Snake":0}],"Ring of the Snake":[24]},"card_choices":[{"not_picked":["Concentrate","Dodge and Roll"],"picked":"Poisoned Stab","floor":1},{"not_picked":["Terror","Eviscerate"],"picked":"Backstab","floor":2},{"not_picked":["All Out Attack","Dagger Throw"],"picked":"PiercingWail","floor":4},{"not_picked":["Heel Hook","Choke"],"picked":"Deadly Poison","floor":7},{"not_picked":["Backflip","Outmaneuver"],"picked":"Noxious Fumes","floor":8},{"not_picked":["Poisoned Stab","Setup+1"],"picked":"Prepared+1","floor":11},{"not_picked":["Bane","Poisoned Stab"],"picked":"Blur+1","floor":13},{"not_picked":["Wraith Form v2","Bane"],"picked":"Calculated Gamble+1","floor":14},{"not_picked":["Phantasmal Killer+1","Night Terror+1"],"picked":"Burst+1","floor":16},{"not_picked":["Sucker Punch+1","Cloak And Dagger+1","Flechettes"],"picked":"SKIP","floor":18},{"not_picked":["Poisoned Stab","Blade Dance+1"],"picked":"Backflip+1","floor":19}],"player_experience":1419880,"relics_obtained":[{"floor":7,"key":"Mango"},{"floor":9,"key":"Toxic Egg 2"},{"floor":11,"key":"Odd Mushroom"}],"event_choices":[{"damage_healed":0,"gold_gain":0,"player_choice":"Success","damage_taken":11,"relics_obtained":["Strawberry"],"max_hp_gain":0,"max_hp_loss":0,"event_name":"Scrap Ooze","floor":3,"gold_loss":0},{"damage_healed":0,"gold_gain":0,"player_choice":"Fought Mushrooms","damage_taken":0,"max_hp_gain":0,"max_hp_loss":0,"event_name":"Mushrooms","floor":11,"gold_loss":0},{"damage_healed":0,"gold_gain":0,"player_choice":"Damaged","damage_taken":12,"max_hp_gain":0,"max_hp_loss":0,"event_name":"Wheel of Change","floor":21,"gold_loss":0}],"is_beta":false,"boss_relics":[{"not_picked":["WristBlade","Snecko Eye"],"picked":"SlaversCollar"}],"items_purged_floors":[5],"is_endless":false,"potions_floor_spawned":[4,7,14,18,19],"killed_by":"Centurion and Healer","ascension_level":20}}