{"host":"ve9aztkoyqeblvav","time":1613406195,"event":{"mods":["Act Like it!","Aspiration","BaseMod","Colored Map","Colored Powertips","Highlight Path","Minty Spire (QoL Compilation)","Pale of the Ancients","Quick Restart","Reorder Act Four","StSLib","The Hierophant","Waifu the Spire"],"gold_per_floor":[114,39,39,39,64,64,78,78,102,135,85,35,35,50,50,50,50],"floor_reached":16,"language":"ZHS","playtime":327,"items_purged":["Defend_G","Strike_G","Strike_G"],"score":196,"play_id":"f7cad1cf-bede-4a06-b98f-a08be8af8b84","local_time":"20210216002315","is_ascension_mode":true,"campfire_choices":[{"data":"Cloak And Dagger","floor":6.0,"key":"SMITH"},{"data":"Bouncing Flask","floor":13.0,"key":"SMITH"},{"data":"Storm of Steel","floor":15.0,"key":"SMITH"}],"circlet_count":0,"master_deck":["AscendersBane","Strike_G","Defend_G","Defend_G","Defend_G","Defend_G","Survivor","Neutralize","Cloak And Dagger+1","Riddle With Holes","Leg Sweep","Storm of Steel+1","Bouncing Flask+1","Prepared"],"relics":["Ring of the Snake","NeowsBlessing","Golden Idol","Smiling Mask","Anchor"],"acts_visited":["Exordium"],"potions_floor_usage":[16],"damage_taken":[{"damage":0.0,"enemies":"Cultist","floor":1.0,"turns":1.0},{"damage":0.0,"enemies":"Small Slimes","floor":5.0,"turns":1.0},{"damage":0.0,"enemies":"Jaw Worm","floor":7.0,"turns":1.0},{"damage":38.0,"enemies":"3 Sentries","floor":10.0,"turns":13.0},{"damage":0.0,"enemies":"Exordium Thugs","floor":14.0,"turns":4.0},{"damage":0,"enemies":"Slime Boss","floor":16,"turns":5}],"seed_played":"-5166368544793944129","potions_obtained":[{"floor":5.0,"key":"Fruit Juice"},{"floor":7.0,"key":"Poison Potion"}],"is_trial":false,"path_per_floor":["M","$","?","?","M","R","M","?","T","E","$","$","R","M","R","B"],"character_chosen":"THE_SILENT","items_purchased":[],"campfire_rested":0,"item_purchase_floors":[],"current_hp_per_floor":[59,59,52,52,52,52,52,52,52,19,19,19,19,19,19,19,19],"gold":50,"neow_bonus":"THREE_ENEMY_KILL","is_daily":false,"chose_seed":false,"campfire_upgraded":3,"win_rate":0.0,"timestamp":1613406195,"path_taken":["M","?","?","?","M","R","?","?","T","E","?","$","R","M","R","BOSS"],"items_purchased_type":[],"build_version":"2020-12-22","purchased_purges":3,"victory":false,"max_hp_per_floor":[66,66,66,60,60,60,60,60,60,65,65,65,65,65,65,65,65],"card_choices":[{"not_picked":["Sucker Punch","Leg Sweep"],"picked":"Cloak And Dagger","floor":1.0},{"not_picked":["Backflip","Outmaneuver"],"picked":"Riddle With Holes","floor":5.0},{"not_picked":["Quick Slash","Cloak And Dagger"],"picked":"Leg Sweep","floor":7.0},{"not_picked":["Dagger Throw","Choke"],"picked":"Bouncing Flask","floor":10.0},{"not_picked":["Poisoned Stab","Heel Hook"],"picked":"Prepared","floor":14.0}],"player_experience":1653345,"relics_obtained":[{"floor":9.0,"key":"Smiling Mask"},{"floor":10.0,"key":"Anchor"}],"event_choices":[{"cards_removed":["Strike_G"],"damage_healed":0.0,"max_hp_gain":0.0,"max_hp_loss":0.0,"gold_gain":0.0,"event_name":"Golden Wing","player_choice":"Card Removal","floor":3.0,"gold_loss":0.0,"damage_taken":7.0},{"damage_healed":0.0,"max_hp_gain":0.0,"max_hp_loss":6.0,"gold_gain":0.0,"event_name":"Golden Idol","player_choice":"Lose Max HP","floor":4.0,"gold_loss":0.0,"damage_taken":0.0,"relics_obtained":["Golden Idol"]},{"damage_healed":0.0,"max_hp_gain":0.0,"max_hp_loss":0.0,"gold_gain":0.0,"cards_transformed":["Strike_G"],"event_name":"Living Wall","player_choice":"Change","floor":8.0,"gold_loss":0.0,"damage_taken":0.0,"cards_obtained":["Storm of Steel"]}],"is_beta":false,"boss_relics":[],"items_purged_floors":[2,11,12],"is_endless":false,"potions_floor_spawned":[5,7],"killed_by":"Slime Boss","ascension_level":20}}