{"host":"b0hh64pqctf46s8m","time":1613428802,"event":{"mods":["100% Spire Juice","Act Like it!","Aspiration","BaseMod","Bestiary","Better Third Choice","CCEM2","CapriCore","ChefMod","Conspire","Curses Come First","Displayed Cursed Tome","Dota2Spire","Downfall","Ekko","Elementarium","Evolution","Fireblade Mod","Fox Events","Halation","Hallownest","Hermit","Hubris","Infinite Spire","Jess\u0027s Bottle","JesterMod","Jorbs\u0027s Wanderer Trilogy","Koishi","Kratos Character Expansion","Lobotomy","Luminous","Mari Mod (Legacy)","Mari\u0027s V1 Patch","Menagerie","Mimic Mod","Minty Spire (QoL Compilation)","Pale of the Ancients","Permanent Neow","Pikachu Mod","QueenMod","Random Character Button","Relic Sorter","Relic Stats","Reliquary","Replay The Spire","Robot Space Explorer","Shade Mod","Spire Arcade","StSLib","The Blue Laboratory","The Bug Knight","The Dragon Tamer","The Hayseed","The Immortal","TheSurvivalist","TheSwordswoman","TheVacant","TheWitcher","Treasure Hunter","UnlockEverythingMod","Wandering Minibosses","??????REMEMod"],"gold_per_floor":[117,35,35,51,62,62,92,92,116,133,145,174,174,191,191,290,290,303,228,248,248,248,280,280,77,103,128,139,239,239,239],"floor_reached":29,"language":"ENG","playtime":1303,"items_purged":["MokouMod:Strike","MokouMod:Strike"],"score":446,"play_id":"5bd92bd7-f691-4c07-90fa-946a7c73affe","local_time":"20210215144002","is_ascension_mode":false,"campfire_choices":[{"data":"MokouMod:IgneousBlow","floor":6,"key":"SMITH"},{"data":"MokouMod:Ember","floor":8,"key":"SMITH"},{"floor":13,"key":"REST"},{"floor":15,"key":"REST"},{"data":"MokouMod:ScorchedEarth","floor":24,"key":"SMITH"}],"circlet_count":0,"master_deck":["MokouMod:AdaptivePyromancy","MokouMod:Strike+1","MokouMod:Strike+1","MokouMod:Defend","MokouMod:Defend","MokouMod:Defend","MokouMod:Defend","MokouMod:HeatSpark","FieryBird","MokouMod:IgneousBlow+1","MokouMod:IgnitionBlast","MokouMod:IgnitionBarrier","MokouMod:IgnitionBlast","MokouMod:Ember+1","MokouMod:ScorchedEarth+1","MokouMod:FlareStarter","MokouMod:ProfanedFlare","MokouMod:FlareStarter","MokouMod:WarmUp","MokouMod:ResonanceReactor","MokouMod:HouraiForge","Funeral","downfall:Haunted","downfall:Haunted","Amnesia","infinitespire:Pacifist","MokouMod:Rebirth","downfall:Aged"],"relics":["MokouMod:PhoenixFeather","EVO:Axolotl","REME_ComplimentaryCards","CogitoBucket","CCEMRelics:PocketTank","Anchor","SkinProphecy","reliquary:Knoch","halation:SmartPhone","reliquary:PorcupineQuills","CCEMRelics:BundleOfDynamite","CCEMRelics:JestersCrown","AspirationHeart","Darkstone Periapt"],"acts_visited":["Hallownest:Greenpath","Hallownest:CityofTears"],"potions_floor_usage":[11,23,27,28],"damage_taken":[{"damage":2,"enemies":"Hallownest:2_MossCreeps","floor":1,"turns":5},{"damage":6,"enemies":"2_ Uuma","floor":4,"turns":4},{"damage":0,"enemies":"Hallownest:monsterHuskGuard","floor":5,"turns":3},{"damage":1,"enemies":"Hallownest:eliteMossKnight","floor":7,"turns":11},{"damage":26,"enemies":"Hallownest:1_Ooma_and_2_Uuma","floor":10,"turns":4},{"damage":26,"enemies":"Hallownest:2_Tiktiks_1_Baldur_1_Crawlid","floor":11,"turns":4},{"damage":0,"enemies":"Hallownest:eliteVengeflyKing","floor":12,"turns":7},{"damage":16,"enemies":"Hallownest:monsterFoolEater","floor":14,"turns":5},{"damage":52,"enemies":"Hallownest:BossBrokenVessel","floor":16,"turns":10},{"damage":7,"enemies":"Hallownest:2_Mistakes","floor":18,"turns":7},{"damage":34,"enemies":"Hallownest:eliteSoulWarrior","floor":23,"turns":10},{"damage":5,"enemies":"Hallownest:Nosk","floor":27,"turns":9},{"damage":36,"enemies":"Hallownest:Guard_and_Sentry","floor":28,"turns":6}],"seed_played":"-6568847839780390181","potions_obtained":[{"floor":1,"key":"blueLaboratory:BottleOfRum"},{"floor":7,"key":"blueLaboratory:NullPotion"},{"floor":10,"key":"Energy Potion"},{"floor":11,"key":"blueLaboratory:RememoryPotion"},{"floor":16,"key":"SpeedPotion"},{"floor":20,"key":"Strength Potion"},{"floor":23,"key":"Toxic Potion"},{"floor":27,"key":"Energy Potion"},{"floor":28,"key":"blueLaboratory:ImpenetrablePotion"}],"is_trial":false,"path_per_floor":["M","$","?","M","M","R","E","R","T","M","M","E","R","M","R","B",null,"M","$","?","?","?","E","R","$","T","E","M","?"],"character_chosen":"MKU","items_purchased":["MokouMod:IgnitionBlast","MokouMod:WarmUp","MokouMod:ResonanceReactor"],"campfire_rested":2,"item_purchase_floors":[2,25,25],"current_hp_per_floor":[73,73,73,67,67,67,66,66,66,40,14,10,33,13,36,5,81,62,62,62,62,70,32,32,16,16,21,12,0,0,0],"gold":239,"neow_bonus":"","is_daily":false,"chose_seed":false,"campfire_upgraded":3,"win_rate":0.0,"timestamp":1613428802,"path_taken":["M","$","?","M","M","R","E","R","T","M","M","E","R","M","R","BOSS","M","$","?","?","?","E","R","$","T","E","?","?"],"items_purchased_type":["Card","Card","Card"],"build_version":"2020-12-22","purchased_purges":2,"victory":false,"max_hp_per_floor":[75,75,75,75,75,75,75,75,75,75,75,77,77,79,79,81,81,83,83,83,83,83,85,85,85,85,87,101,136,136,136],"relic_stats":{"Darkstone Periapt":30,"counters":[15,87],"obtain_stats":[{"Darkstone Periapt":29,"halation:SmartPhone":17,"CCEMRelics:BundleOfDynamite":26,"AspirationHeart":28,"EVO:Axolotl":0,"SkinProphecy":11,"CogitoBucket":0,"Anchor":9,"reliquary:PorcupineQuills":23,"MokouMod:PhoenixFeather":0,"CCEMRelics:PocketTank":7,"reliquary:Knoch":12,"CCEMRelics:JestersCrown":27,"REME_ComplimentaryCards":0},{"Darkstone Periapt":15,"halation:SmartPhone":10,"CCEMRelics:BundleOfDynamite":12,"AspirationHeart":15,"EVO:Axolotl":0,"SkinProphecy":7,"CogitoBucket":0,"Anchor":4,"reliquary:PorcupineQuills":12,"MokouMod:PhoenixFeather":0,"CCEMRelics:PocketTank":4,"reliquary:Knoch":8,"CCEMRelics:JestersCrown":13,"REME_ComplimentaryCards":0},{"Darkstone Periapt":87,"halation:SmartPhone":54,"CCEMRelics:BundleOfDynamite":71,"AspirationHeart":87,"EVO:Axolotl":0,"SkinProphecy":32,"CogitoBucket":0,"Anchor":23,"reliquary:PorcupineQuills":71,"MokouMod:PhoenixFeather":0,"CCEMRelics:PocketTank":23,"reliquary:Knoch":39,"CCEMRelics:JestersCrown":80,"REME_ComplimentaryCards":0}]},"card_choices":[{"not_picked":["Bloodbath","ShyLook"],"picked":"FieryBird","floor":1},{"not_picked":["MokouMod:FlamingFireTalons","MokouMod:EternalBurstReactor"],"picked":"MokouMod:IgneousBlow","floor":1},{"not_picked":["MokouMod:ShiftIgnition","MokouMod:RisingSunBarrier"],"picked":"MokouMod:IgnitionBarrier","floor":4},{"not_picked":["MokouMod:BurningDraft","MokouMod:ResoluteFlare"],"picked":"MokouMod:IgnitionBlast","floor":5},{"not_picked":["MokouMod:BlazingComet","MokouMod:FlickeringFlame"],"picked":"MokouMod:Ember","floor":7},{"not_picked":["TH:TreasureMap","TH:ElvenBoots"],"picked":"SKIP","floor":7},{"not_picked":["TH:Mimic","TH:EnergyPotion"],"picked":"SKIP","floor":9},{"not_picked":["MokouMod:Refresh","MokouMod:IgnitionBarrier","MokouMod:AdaptivePyromancy"],"picked":"SKIP","floor":10},{"not_picked":["MokouMod:Firecracker","MokouMod:FlickeringFlame"],"picked":"MokouMod:ScorchedEarth","floor":11},{"not_picked":["MokouMod:AdaptivePyromancy","MokouMod:HeatFactory"],"picked":"MokouMod:FlareStarter","floor":12},{"not_picked":["TH:ElvenBoots","TH:DeckOfManyThings"],"picked":"SKIP","floor":12},{"not_picked":["MokouMod:ResoluteFlare","MokouMod:HeatFactory","MokouMod:GuidingSmoke"],"picked":"SKIP","floor":14},{"not_picked":["MokouMod:BurningHiddenBullet","MokouMod:Rebirth"],"picked":"MokouMod:ProfanedFlare","floor":16},{"not_picked":["MokouMod:RisingSunBarrier+1","MokouMod:AdaptivePyromancy"],"picked":"MokouMod:FlareStarter","floor":18},{"not_picked":["TH:BikiniMail","TH:Mimic"],"picked":"SKIP","floor":23},{"not_picked":["MokouMod:AdaptivePyromancy","MokouMod:FusionFlare","MokouMod:SearingShot"],"picked":"SKIP","floor":23},{"not_picked":["TH:ArmorSpikes","TH:CursedSword"],"picked":"SKIP","floor":26},{"not_picked":["MokouMod:PhoenixFeathers","MokouMod:Burn"],"picked":"MokouMod:HouraiForge","floor":27},{"not_picked":["TH:EnergyPotion","TH:ElvenBoots"],"picked":"SKIP","floor":27},{"not_picked":["Freischutz","CherryBlossoms"],"picked":"Funeral","floor":28},{"not_picked":["MokouMod:Stoke","MokouMod:ProfanedFlare","MokouMod:BurningDraft"],"picked":"SKIP","floor":28},{"not_picked":["MokouMod:Stoke","MokouMod:ProfanedFlare","MokouMod:BurningDraft"],"picked":"SKIP","floor":28}],"player_experience":1582165,"relics_obtained":[{"floor":7,"key":"CCEMRelics:PocketTank"},{"floor":9,"key":"Anchor"},{"floor":12,"key":"reliquary:Knoch"},{"floor":23,"key":"reliquary:PorcupineQuills"},{"floor":26,"key":"CCEMRelics:BundleOfDynamite"},{"floor":27,"key":"CCEMRelics:JestersCrown"}],"event_choices":[],"is_beta":false,"boss_relics":[{"not_picked":["CCEMRelics:DefectiveTurbocharger","hubris:HollowSoul"],"picked":"halation:SmartPhone"}],"items_purged_floors":[19,25],"is_endless":false,"potions_floor_spawned":[1,7,10,11,16,23,27,28],"ascension_level":0}}