{"host":"nhhqxetgwwd7qseb","time":1613382183,"event":{"mods":["Act Like it!","BaseMod","Chen","Dota2Spire","Gensokyo","Hallownest","Hermit","Koishi","LagranYue(¿≠∏Ò¿ °§‘¬)","Marisa£®ÏF”Í°°ƒß¿Ì…≥£©","Minty Spire (QoL Compilation)","Quick Restart","Reimu£®≤©¿ˆ¡È√Œ£©","Remilia£®¿Ÿ√◊¿Ú—«£©","Replay The Spire","StSLib","The Alterego","The Bug Knight","The Senshi","The Servant 0.9.4","UnlockEverythingMod","WarShipGirlsR/’ΩΩ¢…Ÿ≈ÆR mod","Warlord Emblem","Yakumo Yukari mod","Youmu£®ªÍ∆«—˝√Œ£©","°æπ¶ƒ‹Mod°øªÏ„Á÷Æª∑–ﬁ∏¥≤π∂°"],"gold_per_floor":[112,132,148,161,161,161,181,181,206,216,229,229,256,276,276,372,472,491,506,518,534,554,582,582,610,610,610,624,624,724,737,737,842,842,861,876,876,876,876,876,891,921,996,996,996,966,985,985,985,985,985,985,615,648,648,648],"floor_reached":55,"language":"ZHS","playtime":3691,"items_purged":["alterego_mod:Swimsuit"],"score":768,"play_id":"e9bf1e1c-9599-4e1e-b498-28aa686d10ae","local_time":"20210215174303","is_ascension_mode":false,"campfire_choices":[{"data":"alterego_mod:TrashNCrash","floor":6.0,"key":"SMITH"},{"floor":8.0,"key":"REST"},{"floor":15.0,"key":"REST"},{"floor":24.0,"key":"RECALL"},{"data":"alterego_mod:IdEs","floor":27.0,"key":"SMITH"},{"data":"alterego_mod:ChallengeComplete","floor":40.0,"key":"SMITH"},{"data":"alterego_mod:Mirror","floor":44.0,"key":"SMITH"},{"data":"alterego_mod:Vow","floor":49.0,"key":"SMITH"},{"data":"alterego_mod:TrashNCrash","floor":52.0,"key":"SMITH"}],"circlet_count":0,"master_deck":["alterego_mod:Strike+1","alterego_mod:Strike","alterego_mod:Strike","alterego_mod:Strike","alterego_mod:Defend","alterego_mod:Defend","alterego_mod:Defend+1","alterego_mod:Defend+1","alterego_mod:BigMeatyClaws","alterego_mod:BrynhildrsRune+1","alterego_mod:TrashNCrash+1","alterego_mod:TrashNCrash+1","alterego_mod:SakuraFive","alterego_mod:Bounce+1","alterego_mod:Cycle","alterego_mod:Vow+1","alterego_mod:ChallengeComplete+1","alterego_mod:Undulate","alterego_mod:Undulate+1","alterego_mod:Alter","alterego_mod:Rip","alterego_mod:Mirror+1","alterego_mod:SakuraFive","alterego_mod:Exercise","alterego_mod:IdEs+1","alterego_mod:Mirror+1","alterego_mod:Pet+1","alterego_mod:Valentines+1","Parasite","alterego_mod:Cushion+1"],"relics":["alterego_mod:MasochisticConstitution","WarlordEmblem:MantleCaireseth","Juzu Bracelet","Replay:Wanted Poster","Replay:Baseball","Replay:Rubber Ducky","SlaversCollar","War Paint","Anchor","Dota2Spire:ArcaneBoots","Bronze Scales"],"acts_visited":["Exordium","TheCity","TheBeyond","TheEnding"],"potions_floor_usage":[55,55],"damage_taken":[{"damage":8.0,"enemies":"2 Louse","floor":1.0,"turns":5.0},{"damage":0.0,"enemies":"Small Slimes","floor":2.0,"turns":5.0},{"damage":10.0,"enemies":"Jaw Worm","floor":3.0,"turns":6.0},{"damage":20.0,"enemies":"Large Slime","floor":4.0,"turns":7.0},{"damage":13.0,"enemies":"Red Slaver","floor":7.0,"turns":4.0},{"damage":17.0,"enemies":"3 Louse","floor":10.0,"turns":5.0},{"damage":8.0,"enemies":"2 Fungi Beasts","floor":11.0,"turns":3.0},{"damage":16.0,"enemies":"3 Sentries","floor":13.0,"turns":6.0},{"damage":5.0,"enemies":"Blue Slaver","floor":14.0,"turns":4.0},{"damage":38.0,"enemies":"The Guardian","floor":16.0,"turns":12.0},{"damage":21.0,"enemies":"Shell Parasite","floor":18.0,"turns":6.0},{"damage":23.0,"enemies":"3 Byrds","floor":19.0,"turns":6.0},{"damage":38.0,"enemies":"Centurion and Healer","floor":20.0,"turns":9.0},{"damage":12.0,"enemies":"Cultist and Chosen","floor":21.0,"turns":5.0},{"damage":14.0,"enemies":"3 Cultists","floor":22.0,"turns":5.0},{"damage":52.0,"enemies":"HollowMod:Nosk","floor":23.0,"turns":7.0},{"damage":79.0,"enemies":"Book of Stabbing","floor":25.0,"turns":7.0},{"damage":35.0,"enemies":"Snecko","floor":28.0,"turns":6.0},{"damage":20.0,"enemies":"Centurion and Healer","floor":31.0,"turns":3.0},{"damage":25.0,"enemies":"Champ","floor":33.0,"turns":7.0},{"damage":21.0,"enemies":"Orb Walker","floor":35.0,"turns":4.0},{"damage":7.0,"enemies":"3 Shapes","floor":36.0,"turns":3.0},{"damage":19.0,"enemies":"Spire Growth","floor":41.0,"turns":5.0},{"damage":0.0,"enemies":"Reptomancer","floor":42.0,"turns":2.0},{"damage":19.0,"enemies":"Writhing Mass","floor":47.0,"turns":8.0},{"damage":63.0,"enemies":"Awakened One","floor":50.0,"turns":5.0},{"damage":66.0,"enemies":"Shield and Spear","floor":54.0,"turns":5.0},{"damage":36,"enemies":"The Heart","floor":55,"turns":3}],"seed_played":"-5401193232093982333","potions_obtained":[{"floor":2.0,"key":"SkillPotion"},{"floor":4.0,"key":"Weak Potion"},{"floor":7.0,"key":"Languid Potion"},{"floor":16.0,"key":"LiquidMemories"},{"floor":20.0,"key":"ZuzhouPotion:ReiMu"},{"floor":21.0,"key":"FearPotion"},{"floor":25.0,"key":"SteroidPotion"},{"floor":28.0,"key":"SmokeBomb"},{"floor":31.0,"key":"Weak Potion"},{"floor":32.0,"key":"Dota2Spire:Clarity"},{"floor":36.0,"key":"Elixir"},{"floor":46.0,"key":"Adrenaline Potion"},{"floor":46.0,"key":"Venom Potion"}],"is_trial":false,"path_per_floor":["M","M","M","M","?","R","M","R","T","M","M","?","E","M","R","B",null,"M","M","M","M","M","E","R","E","T","R","M","?","?","M","R","B",null,"M","M","?","?","?","R","M","E","T","R","?","?","M","$","R","B",null,"R","$","E","B"],"character_chosen":"The_Alterego","items_purchased":["Anchor","Dota2Spire:ArcaneBoots"],"campfire_rested":2,"item_purchase_floors":[53,53],"current_hp_per_floor":[70,77,68,49,42,42,30,54,54,38,31,31,30,26,51,14,86,66,58,69,65,59,51,51,61,61,61,57,57,57,38,38,14,96,83,77,77,98,98,98,80,80,80,80,99,99,81,81,81,33,101,101,101,36,0,0],"gold":648,"neow_bonus":"TEN_PERCENT_HP_BONUS","is_daily":false,"chose_seed":false,"campfire_upgraded":6,"win_rate":0.0,"timestamp":1613382183,"path_taken":["M","M","M","M","?","R","M","R","T","M","M","?","E","M","R","BOSS","M","M","M","M","M","E","R","E","T","R","M","?","?","M","R","BOSS","M","M","?","?","?","R","M","E","T","R","?","?","M","?","R","BOSS","R","$","E","BOSS"],"items_purchased_type":["Relic","Relic"],"build_version":"2020-12-22","purchased_purges":1,"victory":false,"max_hp_per_floor":[78,78,79,80,80,80,81,81,81,82,83,83,84,85,85,86,86,87,88,89,90,91,92,92,93,93,93,94,94,94,95,95,96,96,97,98,98,98,98,98,99,99,99,99,99,99,100,100,100,101,101,101,101,102,102,102],"card_choices":[{"not_picked":["alterego_mod:Pet","alterego_mod:DustData","alterego_mod:HighServant"],"picked":"SKIP","floor":1.0},{"not_picked":["alterego_mod:SuperDuperMasochism","alterego_mod:BiFurious"],"picked":"alterego_mod:TrashNCrash","floor":2.0},{"not_picked":["alterego_mod:Punishment","alterego_mod:Skirt","alterego_mod:DestructionOfProperty"],"picked":"SKIP","floor":3.0},{"not_picked":["alterego_mod:Cycle","alterego_mod:Punishment"],"picked":"alterego_mod:TrashNCrash","floor":4.0},{"not_picked":["alterego_mod:Maid","alterego_mod:Complex"],"picked":"alterego_mod:SakuraFive","floor":7.0},{"not_picked":["alterego_mod:Maid","alterego_mod:Pet"],"picked":"alterego_mod:Swimsuit","floor":10.0},{"not_picked":["alterego_mod:Santa","alterego_mod:Maid"],"picked":"alterego_mod:Bounce","floor":11.0},{"not_picked":["alterego_mod:Birthday","alterego_mod:IndependentAction"],"picked":"alterego_mod:Undulate","floor":13.0},{"not_picked":["alterego_mod:GoddessCore","alterego_mod:HighServant"],"picked":"alterego_mod:Undulate","floor":14.0},{"not_picked":["alterego_mod:Venus","alterego_mod:PainIsPleasure"],"picked":"alterego_mod:Alter","floor":16.0},{"not_picked":["alterego_mod:DiscoLights","alterego_mod:Birthday"],"picked":"alterego_mod:Rip","floor":18.0},{"not_picked":["alterego_mod:DeftHands+1","alterego_mod:MagicResistance"],"picked":"alterego_mod:Mirror","floor":19.0},{"not_picked":["alterego_mod:Bunnysuit","alterego_mod:Belts","alterego_mod:Bounce"],"picked":"SKIP","floor":20.0},{"not_picked":["alterego_mod:TrashNCrash","alterego_mod:Cycle"],"picked":"alterego_mod:SakuraFive","floor":21.0},{"not_picked":["alterego_mod:Complex","alterego_mod:Swimsuit"],"picked":"alterego_mod:Exercise","floor":22.0},{"not_picked":["alterego_mod:RidiculouslyBig","alterego_mod:Lingerie"],"picked":"alterego_mod:IdEs","floor":23.0},{"not_picked":["alterego_mod:SakuraPetals","alterego_mod:DeftHands","alterego_mod:GoddessCore"],"picked":"SKIP","floor":25.0},{"not_picked":["alterego_mod:Bounce","alterego_mod:RocketPunch","alterego_mod:HighServant"],"picked":"SKIP","floor":28.0},{"not_picked":["alterego_mod:GoddessCore+1","alterego_mod:Bounce","alterego_mod:Pet"],"picked":"SKIP","floor":31.0},{"not_picked":["alterego_mod:RidiculouslyBig","alterego_mod:MagicResistance+1"],"picked":"alterego_mod:Mirror+1","floor":35.0},{"not_picked":["alterego_mod:Skirt+1","alterego_mod:Cycle"],"picked":"alterego_mod:Pet+1","floor":36.0},{"not_picked":["alterego_mod:Exercise","alterego_mod:Pet+1","alterego_mod:Mirror+1"],"picked":"SKIP","floor":41.0},{"not_picked":["alterego_mod:1TonWallop+1","alterego_mod:ChallengeComplete+1"],"picked":"alterego_mod:Valentines+1","floor":42.0},{"not_picked":["alterego_mod:DiscoLights","alterego_mod:1TonWallop","alterego_mod:Crossover"],"picked":"SKIP","floor":47.0},{"not_picked":["alterego_mod:Cycle","alterego_mod:Undulate+1"],"picked":"alterego_mod:Cushion+1","floor":54.0}],"player_experience":40898,"relics_obtained":[{"floor":9.0,"key":"WarlordEmblem:MantleCaireseth"},{"floor":13.0,"key":"Juzu Bracelet"},{"floor":23.0,"key":"Replay:Baseball"},{"floor":25.0,"key":"Replay:Rubber Ducky"},{"floor":42.0,"key":"War Paint"},{"floor":54.0,"key":"Bronze Scales"}],"event_choices":[{"cards_removed":["alterego_mod:Impale"],"damage_healed":0.0,"max_hp_gain":0.0,"max_hp_loss":0.0,"gold_gain":0.0,"event_name":"Golden Wing","player_choice":"Card Removal","floor":5.0,"gold_loss":0.0,"damage_taken":7.0},{"damage_healed":0.0,"max_hp_gain":0.0,"max_hp_loss":0.0,"gold_gain":100.0,"event_name":"Golden Shrine","player_choice":"Pray","floor":30.0,"gold_loss":0.0,"damage_taken":0.0},{"damage_healed":0.0,"max_hp_gain":0.0,"max_hp_loss":0.0,"gold_gain":0.0,"event_name":"Lab","player_choice":"Got Potions","floor":32.0,"gold_loss":0.0,"damage_taken":0.0},{"cards_removed":["alterego_mod:BiFurious"],"damage_healed":0.0,"max_hp_gain":0.0,"max_hp_loss":0.0,"gold_gain":0.0,"event_name":"Falling","player_choice":"Removed Attack","floor":37.0,"gold_loss":0.0,"damage_taken":0.0},{"cards_removed":["alterego_mod:SakuraPetals"],"damage_healed":21.0,"max_hp_gain":0.0,"max_hp_loss":0.0,"gold_gain":0.0,"event_name":"Bonfire Elementals","player_choice":"Offered Uncommon","floor":38.0,"gold_loss":0.0,"damage_taken":0.0},{"damage_healed":19.0,"max_hp_gain":0.0,"max_hp_loss":0.0,"gold_gain":0.0,"event_name":"Wheel of Change","player_choice":"Full Heal","floor":45.0,"gold_loss":0.0,"damage_taken":0.0},{"damage_healed":0.0,"max_hp_gain":0.0,"max_hp_loss":0.0,"gold_gain":0.0,"event_name":"The Woman in Blue","player_choice":"Bought 2 Potions","floor":46.0,"gold_loss":0.0,"damage_taken":0.0}],"is_beta":false,"boss_relics":[{"not_picked":["Coffee Dripper","Replay:Grab Bag"],"picked":"Replay:Wanted Poster"},{"not_picked":["Runic Dome","WarlordEmblem:SaveLoadDisk"],"picked":"SlaversCollar"}],"items_purged_floors":[53],"is_endless":false,"potions_floor_spawned":[2,4,7,13,16,20,21,25,28,31,36],"killed_by":"The Heart","ascension_level":0}}