{"host":"swn8ychr123rw3gf","time":1613390105,"event":{"mods":["BaseMod","Minty Spire (QoL Compilation)","StSLib"],"gold_per_floor":[112,112,131,142,154,154,164,164,164,177,177,195,120,130,130,130,130],"floor_reached":16,"language":"ZHS","playtime":477,"items_purged":["Strike_R"],"score":163,"play_id":"bd57e52f-1015-453c-a207-0ced2ccfa524","local_time":"20210215195505","is_ascension_mode":true,"campfire_choices":[{"data":"Body Slam","floor":6.0,"key":"SMITH"},{"data":"Feel No Pain","floor":8.0,"key":"SMITH"},{"data":"Second Wind","floor":11.0,"key":"SMITH"},{"data":"Immolate","floor":15.0,"key":"SMITH"}],"circlet_count":0,"master_deck":["AscendersBane","Strike_R","Strike_R","Strike_R","Strike_R","Defend_R","Defend_R","Defend_R","Defend_R","Bash","Feel No Pain+1","Shrug It Off","Body Slam+1","Sever Soul","Second Wind+1","Rage","Immolate+1"],"relics":["Burning Blood","NeowsBlessing","Dream Catcher"],"acts_visited":["Exordium"],"potions_floor_usage":[16,16],"damage_taken":[{"damage":0.0,"enemies":"Small Slimes","floor":1.0,"turns":2.0},{"damage":0.0,"enemies":"Cultist","floor":3.0,"turns":1.0},{"damage":0.0,"enemies":"Jaw Worm","floor":4.0,"turns":1.0},{"damage":11.0,"enemies":"Looter","floor":5.0,"turns":2.0},{"damage":31.0,"enemies":"Exordium Thugs","floor":7.0,"turns":6.0},{"damage":3.0,"enemies":"3 Louse","floor":10.0,"turns":3.0},{"damage":4.0,"enemies":"Red Slaver","floor":12.0,"turns":5.0},{"damage":4.0,"enemies":"Blue Slaver","floor":14.0,"turns":3.0},{"damage":54,"enemies":"Hexaghost","floor":16,"turns":12}],"seed_played":"-2872650919208555327","potions_obtained":[{"floor":2.0,"key":"AttackPotion"},{"floor":2.0,"key":"HeartOfIron"},{"floor":7.0,"key":"DistilledChaos"}],"is_trial":false,"path_per_floor":["M","?","M","M","M","R","M","R","T","M","R","M","$","M","R","B"],"character_chosen":"IRONCLAD","items_purchased":[],"campfire_rested":0,"item_purchase_floors":[],"current_hp_per_floor":[74,74,75,75,70,70,45,45,45,48,48,50,50,52,52,0,0],"gold":130,"neow_bonus":"THREE_ENEMY_KILL","is_daily":false,"chose_seed":false,"campfire_upgraded":4,"win_rate":0.0,"timestamp":1613390105,"path_taken":["M","?","?","?","M","R","M","R","T","M","R","M","?","M","R","BOSS"],"items_purchased_type":[],"build_version":"2020-12-22","purchased_purges":1,"victory":false,"max_hp_per_floor":[75,75,75,75,75,75,75,75,75,75,75,75,75,75,75,75,75],"card_choices":[{"not_picked":["Havoc","True Grit"],"picked":"Feel No Pain","floor":1.0},{"not_picked":["Wild Strike","Cleave"],"picked":"Shrug It Off","floor":3.0},{"not_picked":["True Grit","Sword Boomerang"],"picked":"Body Slam","floor":4.0},{"not_picked":["Sentinel","Pommel Strike"],"picked":"Sever Soul","floor":5.0},{"not_picked":["Rampage","Clothesline"],"picked":"Second Wind","floor":7.0},{"not_picked":["Searing Blow","Perfected Strike"],"picked":"Rage","floor":10.0},{"not_picked":["Clothesline","Shrug It Off"],"picked":"Immolate","floor":12.0},{"not_picked":["Whirlwind","Disarm","Perfected Strike"],"picked":"SKIP","floor":14.0}],"player_experience":471697,"relics_obtained":[{"floor":9.0,"key":"Dream Catcher"}],"event_choices":[{"damage_healed":0.0,"max_hp_gain":0.0,"max_hp_loss":0.0,"gold_gain":0.0,"event_name":"Lab","player_choice":"Got Potions","floor":2.0,"gold_loss":0.0,"damage_taken":0.0}],"is_beta":false,"boss_relics":[],"items_purged_floors":[13],"is_endless":false,"potions_floor_spawned":[3,7,12,14],"killed_by":"Hexaghost","ascension_level":14}}