{"host":"a3gu5zu37ht99mpa","time":1613417569,"event":{"mods":["100% Spire Juice","Act Like it!","Arknights","BaseMod","Better Silent Start","BetterRewards","Conspire","Downfall","Energized Spire","GifTheSpireLib","Gold Saver","Halation","Minty Spire (QoL Compilation)","Prisma Mod","Robot Space Explorer","StSLib","Stuff the Spire","The Animator","The Servant 0.9.4","Virulent Crown","Wandering Minibosses","yUi"],"gold_per_floor":[249,261,436,448,448,479,479,516,521,521],"floor_reached":9,"language":"ENG","playtime":219,"items_purged":[],"score":86,"play_id":"4e7e4f4d-ad8f-4079-9962-cb3efd64b39e","local_time":"20210215143249","is_ascension_mode":true,"campfire_choices":[{"floor":1,"key":"RECALL"}],"circlet_count":0,"master_deck":["animator:Strike_Kancolle+1","animator:Defend_Kancolle","animator:Strike","animator:Strike","animator:Strike","animator:Defend","animator:Defend+1","animator:Defend","animator:Shimakaze+1","animator:DolaCouronne","Doubt","animator:SayakaMiki","downfall:Malfunctioning","animator:YachiyoNanami","animator:Arpeggio"],"relics":["animator:LivingPicture","animator:TheMissingPiece","animator:PurgingStone","downfall:HeartsMalice","halation:BottledLove"],"acts_visited":["Exordium"],"potions_floor_usage":[8],"damage_taken":[{"damage":0,"enemies":"2 Louse","floor":2,"turns":1},{"damage":0,"enemies":"Jaw Worm","floor":4,"turns":1},{"damage":0,"enemies":"3 Sentries","floor":6,"turns":1},{"damage":0,"enemies":"Cultist","floor":8,"turns":4},{"damage":79,"enemies":"Gremlin Nob","floor":9,"turns":8}],"seed_played":"6634440610828426313","potions_obtained":[{"floor":6,"key":"Fire Potion"}],"is_trial":false,"path_per_floor":["R","M","?","M","?","E","T","M","E"],"character_chosen":"THE_ANIMATOR","items_purchased":[],"campfire_rested":0,"item_purchase_floors":[],"current_hp_per_floor":[66,66,66,66,66,67,67,67,0,0],"gold":521,"neow_bonus":"THREE_ENEMY_KILL","is_daily":false,"chose_seed":false,"campfire_upgraded":0,"win_rate":0.0,"timestamp":1613417569,"path_taken":["R","M","?","M","?","E","T","M","E"],"items_purchased_type":[],"build_version":"2020-12-22","purchased_purges":0,"victory":false,"max_hp_per_floor":[66,66,66,66,66,67,67,67,67,67],"card_choices":[{"not_picked":["animator:Elsword","animator:Shigure"],"picked":"animator:DolaCouronne","floor":2},{"not_picked":["animator:Ciel","animator:Shigure"],"picked":"animator:SayakaMiki","floor":4},{"not_picked":["animator:HighElfArcher","animator:MaesHughes"],"picked":"animator:YachiyoNanami","floor":6},{"not_picked":["animator:Kuribayashi","animator:LeleiLaLalena"],"picked":"animator:Arpeggio","floor":8}],"player_experience":101436,"relics_obtained":[{"floor":6,"key":"halation:BottledLove"}],"event_choices":[],"is_beta":false,"boss_relics":[],"items_purged_floors":[],"is_endless":false,"potions_floor_spawned":[6],"killed_by":"Gremlin Nob","ascension_level":1}}