{"host":"6jrnojxwearbrjzo","time":1613401252,"event":{"mods":["BaseMod","Conspire","Minty Spire (QoL Compilation)","MostiFishMod","Quick Restart","Random Character Button","Spicy Shops","StSLib","SuperFastMode","TestMod","The Servant 0.9.4","[功能]功能增强和修复MOD","篝火指南"],"gold_per_floor":[117,59,82,-1318,-1304,-1267,-1267,-1228,-1204,-1142,-1142,-1142,-1113,-1101,-1101,-995,-995,-982,-982,-882,-861,-861,-824,-811,-782,-782,-760,239,256,291,291,291,399,399,413,413,431,431,120,151,0,32,32,32,70,87,12,12,12,15],"floor_reached":51,"language":"ZHS","playtime":1062,"items_purged":["Defend_R","Strike_R","Defend_R","Armaments","Rampage","Blood for Blood","Bash"],"score":2026,"play_id":"11f703d8-229e-4f53-a263-8da2cf3a9e93","local_time":"20210215230052","is_ascension_mode":true,"campfire_choices":[{"data":"MostiFishMod:SephirahHod","floor":7,"key":"SMITH"},{"data":"Searing Blow","floor":12,"key":"SMITH"},{"floor":15,"key":"REST"},{"floor":32,"key":"REST"},{"data":"Searing Blow+1","floor":44,"key":"SMITH"},{"data":"Searing Blow+2","floor":49,"key":"SMITH"}],"circlet_count":0,"master_deck":["AscendersBane","MostiFishMod:SephirahHod+1","Flex","Offering","Searing Blow+3","Shrug It Off","Thunderclap","MostiFishMod:RacingGame+1","Whirlwind","Body Slam+1","Heavy Blade"],"relics":["DaveBox","testmod-TestBox","testmod-IncinerationGenerator","testmod-Register","MostiFishMod:Hod","SynthV:TestCard","testmod-TheFather","SynthV:MejaisSoulstealer","Akabeko","ThornShield","Smiling Mask","conspire:Dentures","Boot","testmod-IndustrialRevolution","testmod-ArcanaOfDestiny","Self Forming Clay","conspire:SpecialSausage","Juzu Bracelet","conspire:TreasureMap","DaCapo","Regal Pillow","Red Mask","Pear","Bottled Flame","Darkstone Periapt","Bronze Scales"],"acts_visited":["Exordium","TheCity","TheBeyond"],"potions_floor_usage":[21,30],"damage_taken":[{"damage":0,"enemies":"Small Slimes","floor":1,"turns":2},{"damage":8,"enemies":"2 Louse","floor":3,"turns":2},{"damage":0,"enemies":"Cultist","floor":5,"turns":2},{"damage":6,"enemies":"Gremlin Nob","floor":6,"turns":1},{"damage":7,"enemies":"3 Sentries","floor":8,"turns":2},{"damage":6,"enemies":"Gremlin Nob","floor":13,"turns":1},{"damage":6,"enemies":"Exordium Wildlife","floor":14,"turns":1},{"damage":6,"enemies":"Hexaghost","floor":16,"turns":2},{"damage":0,"enemies":"Chosen","floor":18,"turns":1},{"damage":0,"enemies":"2 Thieves","floor":21,"turns":1},{"damage":0,"enemies":"Slavers","floor":23,"turns":1},{"damage":11,"enemies":"Snake Plant","floor":24,"turns":1},{"damage":6,"enemies":"Gremlin Leader","floor":25,"turns":1},{"damage":6,"enemies":"Centurion and Healer","floor":27,"turns":1},{"damage":6,"enemies":"Snecko","floor":29,"turns":1},{"damage":6,"enemies":"Book of Stabbing","floor":30,"turns":1},{"damage":6,"enemies":"conspire:MysteriousRune","floor":33,"turns":1},{"damage":4,"enemies":"3 Shapes","floor":35,"turns":1},{"damage":0,"enemies":"Orb Walker","floor":37,"turns":1},{"damage":0,"enemies":"Reptomancer","floor":40,"turns":1},{"damage":0,"enemies":"Nemesis","floor":42,"turns":1},{"damage":6,"enemies":"Reptomancer","floor":45,"turns":1},{"damage":0,"enemies":"3 Darklings","floor":46,"turns":1},{"damage":0,"enemies":"Time Eater","floor":50,"turns":1}],"seed_played":"4522060013501300645","potions_obtained":[{"floor":3,"key":"PowerPotion"},{"floor":3,"key":"Ancient Potion"},{"floor":8,"key":"testmod-TimePotion"},{"floor":21,"key":"Fruit Juice"},{"floor":24,"key":"SteroidPotion"},{"floor":31,"key":"FairyPotion"}],"is_trial":false,"path_per_floor":["M","$","M","$","M","E","R","E","T","?","?","R","E","M","R","B",null,"M","?","?","M","$","E","M","E","T","M","?","M","E","?","R","B",null,"M","?","M","?","$","E","?","E","T","R","E","M","$","?","R","B",null],"character_chosen":"IRONCLAD","items_purchased":["testmod-TheFather","SynthV:MejaisSoulstealer","Juzu Bracelet","conspire:TreasureMap","DaCapo","Bronze Scales"],"campfire_rested":2,"item_purchase_floors":[2,4,39,39,39,47],"current_hp_per_floor":[72,72,64,64,64,58,58,51,51,51,51,51,45,39,63,57,74,74,74,74,79,79,79,68,62,62,56,56,50,44,44,69,63,80,76,85,85,85,85,85,85,95,95,95,89,89,89,89,89,89],"gold":15,"neow_bonus":"BOSS_RELIC","is_daily":false,"chose_seed":false,"campfire_upgraded":4,"win_rate":0.0,"timestamp":1613401252,"path_taken":["M","$","M","$","M","E","R","E","T","?","?","R","E","M","R","BOSS","M","?","?","?","$","E","M","E","T","M","?","M","E","?","R","BOSS","M","?","?","?","$","E","?","E","T","R","E","M","$","?","R","BOSS"],"items_purchased_type":["Relic","Relic","Relic","Relic","Relic","Relic"],"build_version":"2020-12-22","purchased_purges":7,"victory":true,"max_hp_per_floor":[80,80,80,80,80,80,80,80,80,80,80,80,80,80,80,80,80,80,80,80,85,85,85,85,85,85,85,85,85,85,85,85,85,85,85,85,85,85,85,85,85,95,95,95,95,95,95,95,95,95],"card_choices":[{"not_picked":["Warcry","Blood for Blood"],"picked":"Armaments","floor":1},{"not_picked":["Ghostly Armor","Twin Strike","Sword Boomerang","Warcry"],"picked":"Flex","floor":3},{"not_picked":["Anger","Reckless Charge","Warcry","Twin Strike"],"picked":"Offering","floor":5},{"not_picked":["Twin Strike","Wild Strike","MostiFishMod:WingOfPhoenix","Spot Weakness"],"picked":"Searing Blow","floor":6},{"not_picked":["Wild Strike","Evolve","Disarm","True Grit","Clash"],"picked":"SKIP","floor":8},{"not_picked":["Rupture","Havoc","Searing Blow","Flex"],"picked":"Shrug It Off","floor":13},{"not_picked":["Havoc","Flex","Pommel Strike","Reckless Charge"],"picked":"Thunderclap","floor":14},{"not_picked":["MostiFishMod:PerfectStrikeMKII","MostiFishMod:FireWorks","Immolate","MostiFishMod:FlyOverUtopia"],"picked":"MostiFishMod:RacingGame","floor":16},{"not_picked":["Armaments","Sword Boomerang","Shrug It Off","Intimidate","Clash"],"picked":"SKIP","floor":18},{"not_picked":["Rupture","True Grit","Iron Wave+1","Warcry+1","Evolve"],"picked":"SKIP","floor":21},{"not_picked":["Sword Boomerang","Flex","Clash","Thunderclap+1","Flame Barrier+1"],"picked":"SKIP","floor":23},{"not_picked":["Sword Boomerang","Pommel Strike","Ghostly Armor","Second Wind","Spot Weakness"],"picked":"SKIP","floor":24},{"not_picked":["Sentinel","MostiFishMod:BrandingRite","Sword Boomerang","Second Wind"],"picked":"Body Slam+1","floor":25},{"not_picked":["True Grit","Sever Soul","Rupture","Flex","Sentinel"],"picked":"SKIP","floor":27},{"not_picked":["Warcry","Inflame","Body Slam+1","Feed","Infernal Blade"],"picked":"SKIP","floor":29},{"not_picked":["Perfected Strike","MostiFishMod:BrandingRite","Bloodletting","Thunderclap","Cleave"],"picked":"SKIP","floor":30},{"not_picked":["Dark Embrace","Sword Boomerang","Clothesline","Uppercut"],"picked":"Heavy Blade","floor":35},{"not_picked":["Dropkick","Wild Strike+1","Pommel Strike+1","Armaments","Havoc+1"],"picked":"SKIP","floor":37},{"not_picked":["Evolve","Fire Breathing","Second Wind+1","True Grit"],"picked":"Reaper","floor":40},{"not_picked":["Clothesline","Iron Wave","Twin Strike","Wild Strike+1","Intimidate"],"picked":"SKIP","floor":42},{"not_picked":["Battle Trance+1","Clash","Spot Weakness+1","Havoc","Headbutt+1"],"picked":"SKIP","floor":45},{"not_picked":["Dual Wield+1","Heavy Blade+1","Dropkick+1","Sword Boomerang","Rampage+1"],"picked":"SKIP","floor":46}],"player_experience":150624,"relics_obtained":[{"floor":1,"key":"SynthV:TestCard"},{"floor":6,"key":"Akabeko"},{"floor":8,"key":"ThornShield"},{"floor":9,"key":"Smiling Mask"},{"floor":13,"key":"conspire:Dentures"},{"floor":23,"key":"Boot"},{"floor":25,"key":"testmod-IndustrialRevolution"},{"floor":26,"key":"testmod-ArcanaOfDestiny"},{"floor":30,"key":"Self Forming Clay"},{"floor":40,"key":"Regal Pillow"},{"floor":42,"key":"Pear"},{"floor":43,"key":"Bottled Flame"},{"floor":45,"key":"Darkstone Periapt"}],"event_choices":[{"damage_healed":0,"gold_gain":62,"player_choice":"Gained Gold","damage_taken":0,"max_hp_gain":0,"max_hp_loss":0,"event_name":"Golden Wing","floor":10,"gold_loss":0},{"cards_removed":["Strike_R"],"damage_healed":0,"gold_gain":0,"player_choice":"Forget","damage_taken":0,"max_hp_gain":0,"max_hp_loss":0,"event_name":"Living Wall","floor":11,"gold_loss":0},{"cards_removed":["Power Through"],"damage_healed":0,"gold_gain":0,"player_choice":"Elegance","damage_taken":0,"max_hp_gain":0,"max_hp_loss":0,"event_name":"Back to Basics","floor":19,"gold_loss":0},{"damage_healed":0,"gold_gain":100,"player_choice":"Pray","damage_taken":0,"max_hp_gain":0,"max_hp_loss":0,"event_name":"Golden Shrine","floor":20,"gold_loss":0},{"damage_healed":0,"gold_gain":999,"player_choice":"Sell","damage_taken":0,"max_hp_gain":0,"max_hp_loss":0,"event_name":"恩洛斯的盘子","floor":28,"relics_lost":["Pandora\u0027s Box"],"gold_loss":0},{"damage_healed":0,"gold_gain":0,"player_choice":"Got Potions","damage_taken":0,"max_hp_gain":0,"max_hp_loss":0,"event_name":"Lab","floor":31,"gold_loss":0},{"cards_removed":["Searing Blow"],"damage_healed":9,"gold_gain":0,"player_choice":"Offered Uncommon","damage_taken":0,"max_hp_gain":0,"max_hp_loss":0,"event_name":"Bonfire Elementals","floor":36,"gold_loss":0},{"damage_healed":0,"gold_gain":0,"player_choice":"Upgraded","damage_taken":0,"max_hp_gain":0,"max_hp_loss":0,"event_name":"Upgrade Shrine","floor":38,"gold_loss":0,"cards_upgraded":["MostiFishMod:RacingGame"]},{"damage_healed":0,"gold_gain":0,"player_choice":"Paid","damage_taken":0,"relics_obtained":["Red Mask"],"max_hp_gain":0,"max_hp_loss":0,"event_name":"Tomb of Lord Red Mask","floor":41,"gold_loss":151},{"cards_removed":["Reaper"],"damage_healed":0,"gold_gain":0,"player_choice":"Removed Attack","damage_taken":0,"max_hp_gain":0,"max_hp_loss":0,"event_name":"Falling","floor":48,"gold_loss":0}],"is_beta":false,"boss_relics":[{"not_picked":["testmod-BloodSacrificeSpiritualization","testmod-EnergyCheck"],"picked":"Pandora\u0027s Box"},{"not_picked":["Snecko Eye","OneHitWonderSystem"],"picked":"conspire:SpecialSausage"}],"items_purged_floors":[2,2,2,2,39,39,39],"is_endless":false,"potions_floor_spawned":[3,3,8,8,8,16,16,18,21,24,27,33,37,37,40,42,45,46],"ascension_level":10}}