{"host":"pqs17sqrgflf4eqa","time":1613351399,"event":{"mods":["AchievementEnabler","BaseMod","Bestiary","Better Altar","Better Match","Better Skull","Block Reminder","Bossed Relics","Colored Map","Colored Powertips","Curses Come First","Dark Map","DeckTracker","Defective Defect","Displayed Cursed Tome","Emptier Cage","Googly Eyes","Highlight Path","Minty Spire (QoL Compilation)","Quick Restart","Slay-I","StSLib","SuperFastMode","Synergy Search","Thieving Mod","Transform Curses","everything is the same but u backflip on backflip","slay the spire mod where everything is the same but ironclad has a cowboy hat"],"gold_per_floor":[109,9,29,42,42,42,74,74,99,128,145,175,188,219,219,322,322,335,92,111,136,136,136,136],"floor_reached":23,"language":"ENG","playtime":472,"items_purged":[],"score":317,"play_id":"e2c243d4-a0a5-4006-b497-d682ce24c0b0","local_time":"20210214200959","is_ascension_mode":true,"campfire_choices":[{"data":"Predator","floor":6.0,"key":"SMITH"},{"data":"Predator","floor":8.0,"key":"SMITH"},{"floor":15,"key":"REST"}],"circlet_count":0,"master_deck":["Strike_G+1","Strike_G","Strike_G","Strike_G","Strike_G","Defend_G","Defend_G","Defend_G","Defend_G","Defend_G","Survivor","Neutralize+1","Predator+1","Predator+1","Masterful Stab+1","Unload","Dodge and Roll","PiercingWail","Wraith Form v2","Acrobatics+1","Violence"],"relics":["Ring of the Snake","Whetstone","Nunchaku","Centennial Puzzle","Akabeko","Gambling Chip","Black Star","Art of War"],"acts_visited":["Exordium","TheCity"],"potions_floor_usage":[12,12,13,14,16,20,20],"damage_taken":[{"damage":16.0,"enemies":"Jaw Worm","floor":1.0,"turns":6.0},{"damage":6.0,"enemies":"Cultist","floor":3.0,"turns":3.0},{"damage":0.0,"enemies":"Small Slimes","floor":4.0,"turns":2.0},{"damage":22.0,"enemies":"3 Sentries","floor":7.0,"turns":6.0},{"damage":0.0,"enemies":"Gremlin Nob","floor":10.0,"turns":2.0},{"damage":0.0,"enemies":"3 Louse","floor":11.0,"turns":2.0},{"damage":1,"enemies":"Lagavulin","floor":12,"turns":3},{"damage":0,"enemies":"Looter","floor":13,"turns":2},{"damage":15,"enemies":"3 Sentries","floor":14,"turns":4},{"damage":30,"enemies":"Slime Boss","floor":16,"turns":9},{"damage":48,"enemies":"3 Byrds","floor":18,"turns":6},{"damage":0,"enemies":"Shell Parasite","floor":20,"turns":1},{"damage":6,"enemies":"Slavers","floor":23,"turns":3}],"seed_played":"6093892749370687628","potions_obtained":[{"floor":1.0,"key":"Swift Potion"},{"floor":10.0,"key":"DistilledChaos"},{"floor":11.0,"key":"ColorlessPotion"},{"floor":13,"key":"Explosive Potion"},{"floor":14,"key":"Explosive Potion"},{"floor":18,"key":"Poison Potion"}],"is_trial":false,"path_per_floor":["M","$","M","M","?","R","E","R","T","E","M","E","M","E","R","B",null,"M","$","M","T","?","E"],"character_chosen":"THE_SILENT","items_purchased":["SteroidPotion","Strength Potion","Violence","Fire Potion"],"campfire_rested":1,"item_purchase_floors":[2,2,19,19],"current_hp_per_floor":[54,54,48,48,48,48,26,26,26,26,26,25,25,10,33,3,59,11,11,11,11,11,5,5],"gold":136,"neow_bonus":"TEN_PERCENT_HP_BONUS","is_daily":false,"chose_seed":false,"campfire_upgraded":2,"win_rate":0.0,"timestamp":1613351399,"path_taken":["M","$","M","M","?","R","E","R","T","E","M","E","M","E","R","BOSS","M","$","?","?","?","E"],"items_purchased_type":["Potion","Potion","Card","Potion"],"build_version":"2020-12-22","purchased_purges":0,"victory":false,"max_hp_per_floor":[77,77,77,77,77,77,77,77,77,77,77,77,77,77,77,77,77,77,77,77,77,77,77,77],"card_choices":[{"not_picked":["Bane","Quick Slash"],"picked":"Predator","floor":1.0},{"not_picked":["Acrobatics","Reflex"],"picked":"Predator","floor":3.0},{"not_picked":["Deadly Poison","Dagger Throw"],"picked":"Masterful Stab","floor":4.0},{"not_picked":["Masterful Stab","Deflect"],"picked":"Unload","floor":7.0},{"not_picked":["Blade Dance","Infinite Blades","Setup"],"picked":"SKIP","floor":10.0},{"not_picked":["Acrobatics","Blade Dance"],"picked":"Dodge and Roll","floor":11.0},{"not_picked":["Reflex","Outmaneuver","Catalyst"],"picked":"SKIP","floor":12},{"not_picked":["Choke","Reflex","Quick Slash"],"picked":"SKIP","floor":13},{"not_picked":["Flying Knee","Cloak And Dagger"],"picked":"PiercingWail","floor":14},{"not_picked":["Glass Knife","Tools of the Trade"],"picked":"Wraith Form v2","floor":16},{"not_picked":["Deflect","All Out Attack"],"picked":"Acrobatics+1","floor":18},{"not_picked":["Flying Knee","Deflect","Dagger Throw"],"picked":"SKIP","floor":20}],"player_experience":215674,"relics_obtained":[{"floor":7.0,"key":"Whetstone"},{"floor":9.0,"key":"Nunchaku"},{"floor":10.0,"key":"Centennial Puzzle"},{"floor":12,"key":"Akabeko"},{"floor":14,"key":"Gambling Chip"},{"floor":21,"key":"Art of War"}],"event_choices":[{"damage_healed":0.0,"max_hp_gain":0.0,"max_hp_loss":0.0,"gold_gain":0.0,"event_name":"Upgrade Shrine","player_choice":"Upgraded","floor":5.0,"gold_loss":0.0,"damage_taken":0.0,"cards_upgraded":["Neutralize"]},{"damage_healed":0,"gold_gain":0,"player_choice":"Ignored","damage_taken":0,"max_hp_gain":0,"max_hp_loss":0,"event_name":"Vampires","floor":22,"gold_loss":0}],"is_beta":false,"boss_relics":[{"not_picked":["Coffee Dripper","HoveringKite"],"picked":"Black Star"}],"items_purged_floors":[],"is_endless":false,"potions_floor_spawned":[1,10,11,13,14,18],"killed_by":"Slavers","ascension_level":6}}