{"host":"q0qnzbgdx8oqogg9","time":1613377257,"event":{"mods":["BaseMod","Minty Spire (QoL Compilation)","StSLib"],"gold_per_floor":[14,29,45,45,65,92,119,119,119],"floor_reached":8,"language":"ENG","playtime":247,"items_purged":[],"score":104,"play_id":"c0014fdc-79d3-4287-8ae0-dc2738c082f1","local_time":"20210215032057","is_ascension_mode":true,"campfire_choices":[],"circlet_count":0,"master_deck":["AscendersBane","Strike_B","Strike_B","Strike_B","Strike_B","Defend_B","Defend_B","Defend_B","Defend_B","Zap","Dualcast","Secret Weapon","FTL","Capacitor","Sweeping Beam","Ball Lightning"],"relics":["Cracked Core","DataDisk","Centennial Puzzle"],"acts_visited":["Exordium"],"potions_floor_usage":[8],"damage_taken":[{"damage":8,"enemies":"2 Louse","floor":1,"turns":2},{"damage":2,"enemies":"Jaw Worm","floor":2,"turns":2},{"damage":1,"enemies":"Cultist","floor":3,"turns":3},{"damage":16,"enemies":"Blue Slaver","floor":5,"turns":3},{"damage":28,"enemies":"Lagavulin","floor":6,"turns":7},{"damage":13,"enemies":"Gremlin Nob","floor":8,"turns":2}],"seed_played":"-2945251618691500190","potions_obtained":[{"floor":2,"key":"LiquidBronze"},{"floor":5,"key":"Strength Potion"}],"is_trial":false,"path_per_floor":["M","M","M","?","M","E","T","E"],"character_chosen":"DEFECT","items_purchased":[],"campfire_rested":0,"item_purchase_floors":[],"current_hp_per_floor":[56,54,53,53,37,9,9,0,0],"gold":119,"neow_bonus":"RANDOM_COLORLESS_2","is_daily":false,"chose_seed":false,"campfire_upgraded":0,"win_rate":0.0,"timestamp":1613377257,"path_taken":["M","M","M","?","M","E","?","E"],"items_purchased_type":[],"build_version":"2020-12-22","purchased_purges":0,"victory":false,"max_hp_per_floor":[71,71,71,71,71,71,71,71,71],"card_choices":[{"not_picked":["Thinking Ahead","Sadistic Nature"],"picked":"Secret Weapon","floor":0},{"not_picked":["Leap","Streamline"],"picked":"FTL","floor":1},{"not_picked":["Reprogram","Hologram"],"picked":"Capacitor","floor":2},{"not_picked":["Redo","Coolheaded"],"picked":"Sweeping Beam","floor":3},{"not_picked":["Static Discharge","Rainbow"],"picked":"Ball Lightning","floor":5},{"not_picked":["Reprogram","Heatsinks","Darkness"],"picked":"SKIP","floor":6}],"player_experience":376010,"relics_obtained":[{"floor":6,"key":"DataDisk"},{"floor":7,"key":"Centennial Puzzle"}],"event_choices":[{"damage_healed":0,"gold_gain":0,"player_choice":"Leave","damage_taken":0,"max_hp_gain":0,"max_hp_loss":0,"event_name":"The Cleric","floor":4,"gold_loss":0}],"is_beta":false,"boss_relics":[],"items_purged_floors":[],"is_endless":false,"potions_floor_spawned":[2,5],"killed_by":"Gremlin Nob","ascension_level":16}}