{"host":"kpyf5rnb72uwap8k","time":1613414168,"event":{"mods":["AchievementEnabler","BaseMod","Colored Map","Colored Powertips","DeckTracker","Minty Spire (QoL Compilation)","Permanent Neow","Quick Restart","StSLib","SuperFastMode"],"gold_per_floor":[110,130,130,142,142,142,92,92,162,196,211,211,53,69,69,168,168,188,64,64,79,178,178,178,93,120,20,55,70,83,83,83,178,178,198,198,73,73,86,86,96,96,121,140,158,68,68,86,86,86],"floor_reached":51,"language":"KOR","playtime":1137,"items_purged":["Strike_R","Strike_R","Strike_R"],"score":848,"play_id":"c695bec5-0313-409d-873c-a87abf4c9b6e","local_time":"20210216033608","is_ascension_mode":true,"campfire_choices":[{"data":"Headbutt","floor":6,"key":"SMITH"},{"data":"Shrug It Off","floor":8,"key":"SMITH"},{"floor":12,"key":"REST"},{"data":"Offering","floor":15,"key":"SMITH"},{"data":"Shrug It Off","floor":23,"key":"SMITH"},{"floor":32,"key":"REST"},{"data":"Exhume","floor":40,"key":"SMITH"},{"data":"Finesse","floor":42,"key":"SMITH"},{"data":"Blind","floor":47,"key":"SMITH"},{"floor":49,"key":"REST"}],"circlet_count":0,"master_deck":["Defend_R","Defend_R","Defend_R","Defend_R","Bash+1","Headbutt+1","Shrug It Off+1","Rampage+1","Headbutt","Offering+1","Exhume+1","Shrug It Off+1","Offering+1","Finesse+1","Blind+1"],"relics":["Burning Blood","Matryoshka","Anchor","Philosopher\u0027s Stone","Happy Flower","MealTicket","Dream Catcher","Pen Nib","Mark of Pain","Mercury Hourglass","Bag of Marbles","PreservedInsect"],"acts_visited":["Exordium","TheCity","TheBeyond"],"potions_floor_usage":[10,33,45,50,50],"damage_taken":[{"damage":11,"enemies":"Cultist","floor":1,"turns":4},{"damage":14,"enemies":"Jaw Worm","floor":2,"turns":3},{"damage":1,"enemies":"2 Louse","floor":4,"turns":4},{"damage":49,"enemies":"3 Sentries","floor":10,"turns":9},{"damage":4,"enemies":"2 Fungi Beasts","floor":11,"turns":3},{"damage":6,"enemies":"Red Slaver","floor":14,"turns":2},{"damage":18,"enemies":"Slime Boss","floor":16,"turns":7},{"damage":12,"enemies":"Chosen","floor":18,"turns":2},{"damage":12,"enemies":"Shell Parasite","floor":21,"turns":2},{"damage":18,"enemies":"Book of Stabbing","floor":28,"turns":2},{"damage":18,"enemies":"Centurion and Healer","floor":29,"turns":3},{"damage":18,"enemies":"Sentry and Sphere","floor":30,"turns":3},{"damage":37,"enemies":"Champ","floor":33,"turns":4},{"damage":13,"enemies":"3 Shapes","floor":35,"turns":3},{"damage":6,"enemies":"Orb Walker","floor":39,"turns":2},{"damage":12,"enemies":"Sphere and 2 Shapes","floor":41,"turns":3},{"damage":18,"enemies":"3 Darklings","floor":44,"turns":1},{"damage":48,"enemies":"Transient","floor":45,"turns":5},{"damage":18,"enemies":"Sphere and 2 Shapes","floor":48,"turns":3},{"damage":31,"enemies":"Time Eater","floor":50,"turns":6}],"seed_played":"3982519605447283109","potions_obtained":[{"floor":2,"key":"Regen Potion"},{"floor":4,"key":"Energy Potion"},{"floor":10,"key":"Energy Potion"},{"floor":11,"key":"BlessingOfTheForge"},{"floor":33,"key":"BloodPotion"},{"floor":45,"key":"Ancient Potion"}],"is_trial":false,"path_per_floor":["M","M","?","M","?","R","?","R","T","E","M","R","$","M","R","B",null,"M","$","?","M","?","R","?","?","T","$","E","M","M","?","R","B",null,"M","T","$","?","M","R","M","R","T","M","M","$","R","M","R","B",null],"character_chosen":"IRONCLAD","items_purchased":["Offering","Shrug It Off","Blind"],"campfire_rested":3,"item_purchase_floors":[13,19,46],"current_hp_per_floor":[75,67,67,72,72,72,72,72,72,44,46,70,70,70,70,58,80,74,74,74,68,68,68,68,68,68,80,68,56,44,44,68,37,80,73,73,80,80,80,80,74,74,74,62,36,51,51,39,63,38],"gold":86,"neow_bonus":"UPGRADE_CARD","is_daily":false,"chose_seed":false,"campfire_upgraded":7,"win_rate":0.0,"timestamp":1613414168,"path_taken":["M","?","?","M","?","R","?","R","T","E","M","R","$","M","R","BOSS","M","$","?","?","?","R","?","?","T","$","E","M","M","?","R","BOSS","M","?","$","?","M","R","M","R","T","M","M","$","R","M","R","BOSS"],"items_purchased_type":["Card","Card","Card"],"build_version":"2020-12-22","purchased_purges":3,"victory":true,"max_hp_per_floor":[80,80,80,80,80,80,80,80,80,80,80,80,80,80,80,80,80,80,80,80,80,80,80,80,80,80,80,80,80,80,80,80,80,80,80,80,80,80,80,80,80,80,80,80,80,80,80,80,80,80],"card_choices":[{"not_picked":["Sword Boomerang","Seeing Red"],"picked":"Headbutt","floor":1},{"not_picked":["Pommel Strike","Intimidate"],"picked":"Shrug It Off","floor":2},{"not_picked":["Barricade","Shrug It Off"],"picked":"Rampage","floor":4},{"not_picked":["Twin Strike","Anger"],"picked":"Headbutt","floor":10},{"not_picked":["Juggernaut","Havoc","Clothesline"],"picked":"SKIP","floor":11},{"not_picked":["Flame Barrier","Warcry","Body Slam"],"picked":"SKIP","floor":14},{"not_picked":["Offering","Limit Break"],"picked":"Exhume","floor":16},{"not_picked":["Flex+1","Perfected Strike","Twin Strike"],"picked":"SKIP","floor":18},{"not_picked":["Iron Wave","Pommel Strike","Spot Weakness"],"picked":"SKIP","floor":21},{"not_picked":["True Grit","Warcry","Shrug It Off"],"picked":"SKIP","floor":28},{"not_picked":["Headbutt","Dual Wield","Juggernaut"],"picked":"SKIP","floor":29},{"not_picked":["Pummel","Shockwave+1","Flame Barrier"],"picked":"SKIP","floor":30},{"not_picked":["Flex+1","Clothesline+1","Rampage"],"picked":"SKIP","floor":35},{"not_picked":["Forethought","Swift Strike"],"picked":"Finesse","floor":38},{"not_picked":["Warcry+1","Fire Breathing","Wild Strike+1"],"picked":"SKIP","floor":39},{"not_picked":["Heavy Blade+1","Shockwave","Fire Breathing"],"picked":"SKIP","floor":41},{"not_picked":["Headbutt+1","Rampage+1","Pummel"],"picked":"SKIP","floor":44},{"not_picked":["Perfected Strike","Armaments","Headbutt+1"],"picked":"SKIP","floor":45},{"not_picked":["Berserk","True Grit+1","Clash"],"picked":"SKIP","floor":48}],"player_experience":277083,"relics_obtained":[{"floor":9,"key":"Matryoshka"},{"floor":10,"key":"Anchor"},{"floor":26,"key":"MealTicket"},{"floor":26,"key":"Dream Catcher"},{"floor":28,"key":"Pen Nib"},{"floor":36,"key":"Mercury Hourglass"},{"floor":36,"key":"Bag of Marbles"},{"floor":43,"key":"PreservedInsect"}],"event_choices":[{"damage_healed":0,"gold_gain":0,"player_choice":"Ignored","damage_taken":0,"max_hp_gain":0,"max_hp_loss":0,"event_name":"Liars Game","floor":3,"gold_loss":0},{"damage_healed":0,"gold_gain":0,"player_choice":"Grow","damage_taken":0,"max_hp_gain":0,"max_hp_loss":0,"event_name":"Living Wall","floor":5,"gold_loss":0,"cards_upgraded":["Rampage"]},{"cards_removed":["Strike_R"],"damage_healed":0,"gold_gain":0,"player_choice":"Card Removal","damage_taken":0,"max_hp_gain":0,"max_hp_loss":0,"event_name":"The Cleric","floor":7,"gold_loss":50},{"damage_healed":0,"gold_gain":0,"player_choice":"Copied","damage_taken":0,"max_hp_gain":0,"max_hp_loss":0,"event_name":"Duplicator","floor":20,"gold_loss":0,"cards_obtained":["Offering"]},{"damage_healed":0,"gold_gain":99,"player_choice":"Stole From Cult","damage_taken":0,"max_hp_gain":0,"max_hp_loss":0,"event_name":"Nest","floor":22,"gold_loss":0},{"damage_healed":0,"gold_gain":0,"player_choice":"Ignored","damage_taken":0,"max_hp_gain":0,"max_hp_loss":0,"event_name":"Vampires","floor":24,"gold_loss":0},{"damage_healed":0,"gold_gain":0,"player_choice":"Obtained Relic","damage_taken":0,"relics_obtained":["Happy Flower"],"max_hp_gain":0,"max_hp_loss":0,"event_name":"Addict","floor":25,"gold_loss":85},{"cards_removed":["Strike_R"],"damage_healed":0,"gold_gain":0,"player_choice":"Purged","damage_taken":0,"max_hp_gain":0,"max_hp_loss":0,"event_name":"Purifier","floor":31,"gold_loss":0},{"damage_healed":0,"gold_gain":0,"player_choice":"Memory 1","damage_taken":0,"max_hp_gain":0,"max_hp_loss":0,"event_name":"SensoryStone","floor":38,"gold_loss":0}],"is_beta":false,"boss_relics":[{"not_picked":["Runic Dome","Runic Cube"],"picked":"Philosopher\u0027s Stone"},{"not_picked":["Calling Bell","Coffee Dripper"],"picked":"Mark of Pain"}],"items_purged_floors":[19,27,37],"is_endless":false,"potions_floor_spawned":[2,4,10,11,30,33,39,45],"ascension_level":4}}