{"host":"skr63qsdfgeey3it","time":1613383326,"event":{"mods":["BaseMod","Colored Map","Hubris","Minty Spire (QoL Compilation)","Monster B Gone","Reliquary","Replay The Spire","Spicy Shops","StSLib"],"gold_per_floor":[362,379,395,415,40,68,68,97,148,148,175,185,31,31,105,105,119,119,119,137,63,63,63],"floor_reached":23,"language":"ENG","playtime":1023,"items_purged":["hubris:Lust"],"score":366,"play_id":"a1ba05b1-0b26-4b82-8042-9219cb30cc6a","local_time":"20210215040206","is_ascension_mode":true,"campfire_choices":[{"floor":7,"key":"REST"},{"floor":15,"key":"REST"}],"circlet_count":0,"master_deck":["AscendersBane","Strike_B","Strike_B","Strike_B","Strike_B","Defend_B","Defend_B","Defend_B","Defend_B","Zap","Dualcast","ReplayTheSpireMod:Calculation Training","Cold Snap","Genetic Algorithm","Melter","SashWhip","Skim","Sweeping Beam","BasicCrystalCard","DeusExMachina","Finesse","Predator","Self Repair"],"relics":["Cracked Core","PrismaticShard","MealTicket","Gambling Chip","hubris:Teleporter","reliquary:SilkGlove","ReplayTheSpireMod:Lightbulb","Iron Hammer","Regal Pillow","Inserter"],"acts_visited":["Exordium","TheCity"],"potions_floor_usage":[6,6,6,6,23,23],"damage_taken":[{"damage":8,"enemies":"Jaw Worm","floor":1,"turns":4},{"damage":0,"enemies":"2 Louse","floor":2,"turns":2},{"damage":10,"enemies":"Small Slimes","floor":3,"turns":3},{"damage":18,"enemies":"Looter","floor":4,"turns":3},{"damage":4,"enemies":"Lagavulin","floor":6,"turns":4},{"damage":14,"enemies":"3 Sentries","floor":8,"turns":8},{"damage":12,"enemies":"Gremlin Nob","floor":12,"turns":4},{"damage":0,"enemies":"Blue Slaver","floor":13,"turns":3},{"damage":7,"enemies":"The Guardian","floor":16,"turns":11},{"damage":38,"enemies":"2 Thieves","floor":18,"turns":4},{"damage":5,"enemies":"Shell Parasite","floor":21,"turns":5},{"damage":43,"enemies":"Book of Stabbing","floor":23,"turns":6}],"seed_played":"-5294655709828874487","potions_obtained":[{"floor":2,"key":"AttackPotion"},{"floor":4,"key":"EntropicBrew"},{"floor":16,"key":"Weak Potion"},{"floor":21,"key":"FearPotion"}],"is_trial":false,"path_per_floor":["M","M","M","M","$","E","R","E","T","?","E","M","$","R","B",null,"M","?","?","M","$","E"],"character_chosen":"DEFECT","items_purchased":["PrismaticShard","MealTicket","Regal Pillow","Self Repair"],"campfire_rested":2,"item_purchase_floors":[5,5,14,22],"current_hp_per_floor":[56,56,46,28,28,29,50,36,36,31,19,19,34,70,63,69,31,31,31,26,41,0,0],"gold":63,"neow_bonus":"TWO_FIFTY_GOLD","is_daily":false,"chose_seed":false,"campfire_upgraded":0,"win_rate":0.0,"timestamp":1613383326,"path_taken":["M","M","M","M","$","E","R","E","T","?","E","M","$","R","BOSS","M","?","?","M","$","E"],"items_purchased_type":["Relic","Relic","Relic","Card"],"build_version":"2020-12-22","purchased_purges":1,"victory":false,"max_hp_per_floor":[71,71,71,71,71,71,71,71,71,71,71,71,71,71,71,71,71,71,71,71,71,71,71],"card_choices":[{"not_picked":["Beam Cell","Compile Driver"],"picked":"ReplayTheSpireMod:Calculation Training","floor":1},{"not_picked":["ReplayGash","Darkness"],"picked":"Cold Snap","floor":2},{"not_picked":["Gash","BasicCrystalCard"],"picked":"Genetic Algorithm","floor":3},{"not_picked":["Gash","Rebound"],"picked":"Melter","floor":4},{"not_picked":["Secret Technique","ThirdEye"],"picked":"SashWhip","floor":6},{"not_picked":["Dagger Spray","FlurryOfBlows"],"picked":"Skim","floor":8},{"not_picked":["Evolve","Deflect"],"picked":"Sweeping Beam","floor":12},{"not_picked":["Blade Dance","Dark Embrace"],"picked":"BasicCrystalCard","floor":13},{"not_picked":["Limit Break","Replay:AllIn"],"picked":"DeusExMachina","floor":16},{"not_picked":["ReplayTheSpireMod:The Works","Streamline"],"picked":"Finesse","floor":18},{"not_picked":["Wild Strike","EmptyBody"],"picked":"Predator","floor":21}],"player_experience":973060,"relics_obtained":[{"floor":6,"key":"Gambling Chip"},{"floor":8,"key":"hubris:Teleporter"},{"floor":9,"key":"reliquary:SilkGlove"},{"floor":12,"key":"Iron Hammer"}],"event_choices":[{"damage_healed":0,"gold_gain":0,"player_choice":"Success","damage_taken":5,"relics_obtained":["ReplayTheSpireMod:Lightbulb"],"max_hp_gain":0,"max_hp_loss":0,"event_name":"Scrap Ooze","floor":10,"gold_loss":0},{"damage_healed":0,"gold_gain":0,"player_choice":"Ignored","damage_taken":0,"max_hp_gain":0,"max_hp_loss":0,"event_name":"Beggar","floor":20,"gold_loss":0}],"is_beta":false,"boss_relics":[{"not_picked":["reliquary:RedPaperclip","hubris:ScarierMask"],"picked":"Inserter"}],"items_purged_floors":[5],"is_endless":false,"potions_floor_spawned":[2,4,16,21],"killed_by":"Book of Stabbing","ascension_level":15}}