{"host":"kh6fvhxn285ncg0o","time":1613430419,"event":{"mods":["Act Like it!","BaseMod","Colored Map","Friendly Minions","Keyboard Shortcuts","Minty Spire (QoL Compilation)","Quick Restart","Relic Stats","StSLib","SuperFastMode","UnlockEverythingMod"],"gold_per_floor":[19,33,33,44,44,44,70,70,70,90,121,121,153,165,165,243,243,261,261,261,261],"floor_reached":20,"language":"KOR","playtime":449,"items_purged":[],"score":484,"play_id":"51a0c3c1-1c57-4851-a058-dd2c21612daf","local_time":"20210216080659","is_ascension_mode":true,"campfire_choices":[{"data":"Uppercut","floor":6.0,"key":"SMITH"},{"data":"Sever Soul","floor":8.0,"key":"SMITH"},{"data":"Rage","floor":15.0,"key":"SMITH"}],"circlet_count":0,"master_deck":["AscendersBane","Strike_R","Strike_R","Strike_R","Defend_R","Defend_R","Defend_R","Defend_R","Bash","Sever Soul+1","Reaper","Uppercut+1","Disarm","Shrug It Off","Barricade","Feel No Pain","Rage+1","Shrug It Off+1","Reckless Charge"],"relics":["Burning Blood","Dead Branch","Prayer Wheel","Ice Cream","Potion Belt","SlaversCollar"],"acts_visited":["Exordium","TheCity"],"potions_floor_usage":[],"damage_taken":[{"damage":1.0,"enemies":"Cultist","floor":1.0,"turns":4.0},{"damage":4.0,"enemies":"2 Louse","floor":2.0,"turns":3.0},{"damage":4.0,"enemies":"Jaw Worm","floor":4.0,"turns":5.0},{"damage":44.0,"enemies":"Gremlin Nob","floor":7.0,"turns":5.0},{"damage":2.0,"enemies":"Red Slaver","floor":10.0,"turns":2.0},{"damage":20.0,"enemies":"Lagavulin","floor":11.0,"turns":7.0},{"damage":22.0,"enemies":"Gremlin Nob","floor":13.0,"turns":4.0},{"damage":1.0,"enemies":"Looter","floor":14.0,"turns":4.0},{"damage":0.0,"enemies":"Hexaghost","floor":16.0,"turns":9.0},{"damage":55.0,"enemies":"3 Byrds","floor":18.0,"turns":7.0},{"damage":21,"enemies":"Masked Bandits","floor":20,"turns":3}],"seed_played":"5880924289919694382","potions_obtained":[{"floor":2.0,"key":"SpeedPotion"},{"floor":10.0,"key":"Dexterity Potion"},{"floor":11.0,"key":"SteroidPotion"},{"floor":14.0,"key":"LiquidMemories"}],"is_trial":false,"path_per_floor":["M","M","$","M","$","R","E","R","T","M","E","?","E","M","R","B",null,"M","?","?"],"character_chosen":"IRONCLAD","items_purchased":[],"campfire_rested":0,"item_purchase_floors":[],"current_hp_per_floor":[73,75,75,75,75,75,37,37,37,41,27,27,15,20,20,32,64,20,20,0,0],"gold":261,"neow_bonus":"TRANSFORM_TWO_CARDS","is_daily":false,"chose_seed":false,"campfire_upgraded":3,"win_rate":0.0,"timestamp":1613430419,"path_taken":["M","?","?","?","?","R","E","R","T","M","E","?","E","M","R","BOSS","M","?","?"],"items_purchased_type":[],"build_version":"2020-12-22","purchased_purges":0,"victory":false,"max_hp_per_floor":[75,75,75,75,75,75,75,75,75,75,75,75,75,75,75,75,75,75,75,75,75],"relic_stats":{"counters":[12,53],"Dead Branch":[46],"Prayer Wheel":4,"obtain_stats":[{"Ice Cream":11,"Potion Belt":13,"SlaversCollar":17,"Dead Branch":7,"Prayer Wheel":9,"Burning Blood":0},{"Ice Cream":6,"Potion Belt":7,"SlaversCollar":9,"Dead Branch":4,"Prayer Wheel":4,"Burning Blood":0},{"Ice Cream":26,"Potion Belt":30,"SlaversCollar":43,"Dead Branch":17,"Prayer Wheel":17,"Burning Blood":0}],"Burning Blood":54},"card_choices":[{"not_picked":["Iron Wave","Clothesline"],"picked":"Uppercut","floor":1.0},{"not_picked":["Sever Soul","Whirlwind"],"picked":"Disarm","floor":2.0},{"not_picked":["Blood for Blood","Cleave"],"picked":"Shrug It Off","floor":7.0},{"not_picked":["Twin Strike","Battle Trance"],"picked":"Barricade","floor":10.0},{"not_picked":["Infernal Blade","Sword Boomerang","True Grit"],"picked":"SKIP","floor":10.0},{"not_picked":["Bloodletting","Anger"],"picked":"Feel No Pain","floor":11.0},{"not_picked":["Uppercut","Sword Boomerang","Blood for Blood"],"picked":"SKIP","floor":13.0},{"not_picked":["Sword Boomerang","Clash"],"picked":"Rage","floor":14.0},{"not_picked":["Twin Strike","Dark Embrace","True Grit"],"picked":"SKIP","floor":14.0},{"not_picked":["Cleave","Power Through"],"picked":"Shrug It Off+1","floor":18},{"not_picked":["Perfected Strike","True Grit"],"picked":"Reckless Charge","floor":18}],"player_experience":1423403,"relics_obtained":[{"floor":7.0,"key":"Dead Branch"},{"floor":9.0,"key":"Prayer Wheel"},{"floor":11.0,"key":"Ice Cream"},{"floor":13.0,"key":"Potion Belt"}],"event_choices":[{"damage_healed":0.0,"max_hp_gain":0.0,"max_hp_loss":0.0,"gold_gain":0.0,"event_name":"Shining Light","player_choice":"Ignored","floor":12.0,"gold_loss":0.0,"damage_taken":0.0},{"damage_healed":0,"gold_gain":0,"player_choice":"Ignored","damage_taken":0,"max_hp_gain":0,"max_hp_loss":0,"event_name":"Vampires","floor":19,"gold_loss":0},{"damage_healed":0,"gold_gain":0,"player_choice":"Fought Bandits","damage_taken":0,"max_hp_gain":0,"max_hp_loss":0,"event_name":"Masked Bandits","floor":20,"gold_loss":0}],"is_beta":false,"boss_relics":[{"not_picked":["Tiny House","Black Blood"],"picked":"SlaversCollar"}],"items_purged_floors":[],"is_endless":false,"potions_floor_spawned":[2,10,11,14],"killed_by":"Masked Bandits","ascension_level":20}}