{"host":"8rqsnaeml9gxb0kp","time":1613373900,"event":{"mods":["AchievementEnabler","BaseMod","Colored Powertips","Dark Map","Minty Spire (QoL Compilation)","Rare Cards Sparkle","Relic Stats","StSLib","slay the spire mod where everything is the same but ironclad has a cowboy hat"],"gold_per_floor":[12,32,51,78,78,78,106,125,125,125,143,62,77,77,77,77,77],"floor_reached":16,"language":"ENG","playtime":540,"items_purged":[],"score":199,"play_id":"df6dece6-effd-494d-ba40-787c9278a2ab","local_time":"20210214232500","is_ascension_mode":true,"campfire_choices":[{"data":"Whirlwind","floor":6,"key":"SMITH"},{"data":"Bash","floor":10,"key":"SMITH"},{"data":"Flex","floor":15,"key":"SMITH"}],"circlet_count":0,"master_deck":["AscendersBane","Strike_R","Strike_R","Strike_R","Strike_R","Defend_R","Defend_R","Defend_R","Defend_R","Bash+1","Corruption","Whirlwind+1","Shrug It Off","Headbutt","Flex+1","Inflame+1","Warcry"],"relics":["Burning Blood","Oddly Smooth Stone","Meat on the Bone","Frozen Egg 2"],"acts_visited":["Exordium"],"potions_floor_usage":[7,16,16],"damage_taken":[{"damage":7,"enemies":"Cultist","floor":1,"turns":4},{"damage":14,"enemies":"2 Louse","floor":2,"turns":3},{"damage":23,"enemies":"Jaw Worm","floor":3,"turns":6},{"damage":28,"enemies":"3 Sentries","floor":7,"turns":6},{"damage":16,"enemies":"2 Fungi Beasts","floor":8,"turns":3},{"damage":0,"enemies":"3 Louse","floor":11,"turns":1},{"damage":3,"enemies":"Large Slime","floor":13,"turns":4},{"damage":61,"enemies":"Hexaghost","floor":16,"turns":7}],"seed_played":"-5853941779414305187","potions_obtained":[{"floor":1,"key":"ColorlessPotion"},{"floor":2,"key":"PowerPotion"},{"floor":11,"key":"DuplicationPotion"}],"is_trial":false,"path_per_floor":["M","M","M","T","?","R","E","M","T","R","M","$","M","$","R","B"],"character_chosen":"IRONCLAD","items_purchased":["Inflame+1"],"campfire_rested":0,"item_purchase_floors":[12],"current_hp_per_floor":[67,59,42,42,42,42,20,22,22,22,40,40,55,55,55,0,0],"gold":77,"neow_bonus":"THREE_RARE_CARDS","is_daily":false,"chose_seed":false,"campfire_upgraded":3,"win_rate":0.0,"timestamp":1613373900,"path_taken":["M","M","M","?","?","R","E","?","T","R","M","$","M","$","R","BOSS"],"items_purchased_type":["Card"],"build_version":"2020-12-22","purchased_purges":0,"victory":false,"max_hp_per_floor":[75,75,75,75,75,75,75,75,75,75,75,75,75,75,75,75,75],"relic_stats":{"counters":[8,34],"obtain_stats":[{"Oddly Smooth Stone":4,"Frozen Egg 2":9,"Burning Blood":0,"Meat on the Bone":7},{"Oddly Smooth Stone":3,"Frozen Egg 2":5,"Burning Blood":0,"Meat on the Bone":4},{"Oddly Smooth Stone":13,"Frozen Egg 2":22,"Burning Blood":0,"Meat on the Bone":19}],"Burning Blood":42,"Meat on the Bone":36},"card_choices":[{"not_picked":["Double Tap","Juggernaut"],"picked":"Corruption","floor":0},{"not_picked":["Second Wind","Fire Breathing"],"picked":"Whirlwind","floor":1},{"not_picked":["Body Slam","Heavy Blade"],"picked":"Shrug It Off","floor":2},{"not_picked":["Whirlwind","Evolve","Warcry"],"picked":"SKIP","floor":3},{"not_picked":["Thunderclap","Warcry","Iron Wave"],"picked":"SKIP","floor":7},{"not_picked":["Burning Pact","Rampage"],"picked":"Headbutt","floor":8},{"not_picked":["Seeing Red","True Grit"],"picked":"Flex","floor":11},{"not_picked":["Heavy Blade","Clothesline"],"picked":"Warcry","floor":13}],"player_experience":240542,"relics_obtained":[{"floor":4,"key":"Oddly Smooth Stone"},{"floor":7,"key":"Meat on the Bone"},{"floor":9,"key":"Frozen Egg 2"}],"event_choices":[{"cards_removed":["Strike_R"],"damage_healed":0,"gold_gain":0,"player_choice":"Purged","damage_taken":0,"max_hp_gain":0,"max_hp_loss":0,"event_name":"Purifier","floor":5,"gold_loss":0}],"is_beta":false,"boss_relics":[],"items_purged_floors":[],"is_endless":false,"potions_floor_spawned":[1,2,11],"killed_by":"Hexaghost","ascension_level":19}}