{"host":"a6ztjasp7lxlo10n","time":1613396750,"event":{"mods":["Act Like it!","BaseMod","Colored Map","Marisa£®ÏF”Í°°ƒß¿Ì…≥£©","Minty Spire (QoL Compilation)","Quick Restart","StSLib","SuperFastMode"],"gold_per_floor":[213,288,1,18,18,53,53,85,85,104,117,145,145,171,171,266,266,286,299,175,193,193,193,193,225,251,278,296,396,396,408,408,510,510,525,535,554,573,573,603,603,638,638,672,688,698,712,724,724,724],"floor_reached":51,"language":"ZHS","playtime":3226,"items_purged":["Bash"],"score":1095,"play_id":"54d24f2f-f2b2-4622-bc4a-c23aae234614","local_time":"20210215214550","is_ascension_mode":true,"campfire_choices":[{"data":"Metallicize","floor":7.0,"key":"SMITH"},{"data":"Dual Wield","floor":13.0,"key":"SMITH"},{"data":"Shrug It Off","floor":15.0,"key":"SMITH"},{"data":"True Grit","floor":32.0,"key":"SMITH"},{"floor":41.0,"key":"REST"},{"data":"1","floor":49.0,"key":"LIFT"}],"circlet_count":0,"master_deck":["Strike_R","Strike_R","Strike_R","Strike_R","Defend_R","Defend_R","Defend_R","Defend_R","Power Through","Metallicize+1","Pommel Strike","Shrug It Off+1","Dual Wield+1","Reaper","Whirlwind","True Grit+1","Flex","Necronomicurse","Double Tap","Metallicize","Spot Weakness","Limit Break","Feel No Pain+1","True Grit+1","Warcry","Dark Embrace","Battle Trance","Parasite","Burning Pact","Spot Weakness+1","Metallicize+1"],"relics":["Burning Blood","Ice Cream","Gremlin Horn","Self Forming Clay","TungstenRod","Mummified Hand","Champion Belt","Sozu","Necronomicon","Potion Belt","Centennial Puzzle","Dream Catcher","Charon\u0027s Ashes","Sundial","MutagenicStrength","Velvet Choker","StoneCalendar","Girya","Prayer Wheel","Darkstone Periapt"],"acts_visited":["Exordium","TheCity","TheBeyond"],"potions_floor_usage":[50],"damage_taken":[{"damage":5.0,"enemies":"2 Louse","floor":1.0,"turns":3.0},{"damage":1.0,"enemies":"Cultist","floor":4.0,"turns":4.0},{"damage":16.0,"enemies":"Lagavulin","floor":6.0,"turns":11.0},{"damage":28.0,"enemies":"3 Sentries","floor":8.0,"turns":20.0},{"damage":0.0,"enemies":"Jaw Worm","floor":10.0,"turns":4.0},{"damage":2.0,"enemies":"2 Fungi Beasts","floor":11.0,"turns":4.0},{"damage":1.0,"enemies":"Lagavulin","floor":12.0,"turns":10.0},{"damage":8.0,"enemies":"3 Sentries","floor":14.0,"turns":15.0},{"damage":35.0,"enemies":"Slime Boss","floor":16.0,"turns":28.0},{"damage":0.0,"enemies":"Spheric Guardian","floor":18.0,"turns":6.0},{"damage":13.0,"enemies":"3 Byrds","floor":19.0,"turns":9.0},{"damage":24.0,"enemies":"3 Cultists","floor":21.0,"turns":5.0},{"damage":0.0,"enemies":"Slavers","floor":23.0,"turns":1.0},{"damage":43.0,"enemies":"Gremlin Leader","floor":25.0,"turns":7.0},{"damage":0.0,"enemies":"Slavers","floor":27.0,"turns":1.0},{"damage":26.0,"enemies":"Snecko","floor":28.0,"turns":6.0},{"damage":18.0,"enemies":"Colosseum Slavers","floor":29.0,"turns":6.0},{"damage":13.0,"enemies":"Colosseum Nobs","floor":29.0,"turns":4.0},{"damage":0.0,"enemies":"Cultist and Chosen","floor":31.0,"turns":4.0},{"damage":18.0,"enemies":"Champ","floor":33.0,"turns":7.0},{"damage":17.0,"enemies":"3 Darklings","floor":35.0,"turns":4.0},{"damage":23.0,"enemies":"3 Shapes","floor":36.0,"turns":3.0},{"damage":1.0,"enemies":"Writhing Mass","floor":37.0,"turns":7.0},{"damage":0.0,"enemies":"Jaw Worm Horde","floor":38.0,"turns":1.0},{"damage":65.0,"enemies":"Nemesis","floor":40.0,"turns":18.0},{"damage":15.0,"enemies":"Reptomancer","floor":42.0,"turns":4.0},{"damage":40.0,"enemies":"Nemesis","floor":44.0,"turns":7.0},{"damage":0.0,"enemies":"3 Darklings","floor":45.0,"turns":1.0},{"damage":49.0,"enemies":"Writhing Mass","floor":46.0,"turns":7.0},{"damage":2.0,"enemies":"Sphere and 2 Shapes","floor":47.0,"turns":3.0},{"damage":36.0,"enemies":"Transient","floor":48.0,"turns":5.0},{"damage":51,"enemies":"Time Eater","floor":50,"turns":8}],"seed_played":"4756188682743316048","potions_obtained":[{"floor":4.0,"key":"Weak Potion"},{"floor":8.0,"key":"Weak Potion"},{"floor":11.0,"key":"Ancient Potion"},{"floor":12.0,"key":"EssenceOfSteel"},{"floor":16.0,"key":"SmokeBomb"}],"is_trial":false,"path_per_floor":["M","?","$","M","?","E","R","E","T","M","M","E","R","E","R","B",null,"M","M","$","M","?","E","?","E","T","E","M","?","?","M","R","B",null,"M","M","M","M","?","E","R","E","T","E","M","M","M","M","R","B",null],"character_chosen":"IRONCLAD","items_purchased":["Ice Cream","True Grit"],"campfire_rested":1,"item_purchase_floors":[3,20],"current_hp_per_floor":[73,62,62,67,67,57,57,35,35,41,45,50,50,48,48,19,65,71,70,70,62,50,56,56,19,19,25,21,50,50,80,80,68,77,77,77,80,80,77,19,42,77,77,43,49,17,53,67,67,44],"gold":724,"neow_bonus":"HUNDRED_GOLD","is_daily":false,"chose_seed":false,"campfire_upgraded":4,"win_rate":0.0,"timestamp":1613396750,"path_taken":["M","?","$","M","?","E","R","E","T","?","M","E","R","E","R","BOSS","M","M","$","M","?","E","?","E","T","E","M","?","?","M","R","BOSS","M","M","M","M","?","E","R","E","T","E","?","M","M","M","R","BOSS"],"items_purchased_type":["Relic","Card"],"build_version":"2020-12-22","purchased_purges":1,"victory":true,"max_hp_per_floor":[80,80,80,80,80,80,80,80,80,80,80,80,80,80,80,80,80,80,80,80,80,80,80,80,80,80,80,80,80,80,80,80,80,80,80,80,80,80,77,77,77,77,77,77,77,83,83,83,83,83],"card_choices":[{"not_picked":["Clash","Thunderclap"],"picked":"Power Through","floor":1.0},{"not_picked":["Battle Trance","Burning Pact"],"picked":"Metallicize","floor":4.0},{"not_picked":["Armaments","Shockwave","Havoc"],"picked":"SKIP","floor":6.0},{"not_picked":["Clothesline","Headbutt"],"picked":"Pommel Strike","floor":8.0},{"not_picked":["Twin Strike","Thunderclap","Pommel Strike"],"picked":"SKIP","floor":10.0},{"not_picked":["Infernal Blade","Wild Strike"],"picked":"Shrug It Off","floor":11.0},{"not_picked":["Armaments","Hemokinesis"],"picked":"Dual Wield","floor":12.0},{"not_picked":["Disarm","Shrug It Off","Hemokinesis"],"picked":"SKIP","floor":14.0},{"not_picked":["Bludgeon","Exhume"],"picked":"Reaper","floor":16.0},{"not_picked":["Havoc","Clothesline","Clash"],"picked":"SKIP","floor":18.0},{"not_picked":["Flame Barrier+1","Metallicize"],"picked":"Whirlwind","floor":19.0},{"not_picked":["Thunderclap","Pummel"],"picked":"Flex","floor":21.0},{"not_picked":["Fire Breathing+1","Flex+1"],"picked":"Double Tap","floor":25.0},{"not_picked":["Sever Soul","Carnage"],"picked":"Metallicize","floor":27.0},{"not_picked":["Pummel","Body Slam","Fire Breathing"],"picked":"SKIP","floor":28.0},{"not_picked":["Flex","Anger"],"picked":"Spot Weakness","floor":29.0},{"not_picked":["Heavy Blade","Sword Boomerang","Headbutt"],"picked":"SKIP","floor":31.0},{"not_picked":["Double Tap","Impervious"],"picked":"Limit Break","floor":33.0},{"not_picked":["Thunderclap+1","Pommel Strike+1"],"picked":"Feel No Pain+1","floor":35.0},{"not_picked":["Power Through","Twin Strike","Iron Wave+1"],"picked":"SKIP","floor":36.0},{"not_picked":["Clothesline+1","Anger"],"picked":"True Grit+1","floor":37.0},{"not_picked":["Twin Strike+1","Intimidate"],"picked":"Warcry","floor":38.0},{"not_picked":["Cleave","Body Slam"],"picked":"Dark Embrace","floor":40.0},{"not_picked":["Impervious","Thunderclap+1"],"picked":"Battle Trance","floor":41.0},{"not_picked":["Warcry+1","Perfected Strike","Ghostly Armor+1"],"picked":"SKIP","floor":42.0},{"not_picked":["Pommel Strike+1","Iron Wave","Dark Embrace"],"picked":"SKIP","floor":44.0},{"not_picked":["Clothesline","Iron Wave+1","Cleave"],"picked":"SKIP","floor":45.0},{"not_picked":["Evolve+1","Clothesline","Flex+1"],"picked":"SKIP","floor":45.0},{"not_picked":["Warcry+1","Twin Strike+1"],"picked":"Burning Pact","floor":46.0},{"not_picked":["Clash+1","Battle Trance+1"],"picked":"Spot Weakness+1","floor":46.0},{"not_picked":["Body Slam","Wild Strike+1","Rampage"],"picked":"SKIP","floor":47.0},{"not_picked":["Shrug It Off+1","Fire Breathing+1","Shockwave"],"picked":"SKIP","floor":47.0},{"not_picked":["Heavy Blade","Armaments+1"],"picked":"Metallicize+1","floor":48.0},{"not_picked":["True Grit","Ghostly Armor","Clothesline"],"picked":"SKIP","floor":48.0}],"player_experience":319074,"relics_obtained":[{"floor":6.0,"key":"Gremlin Horn"},{"floor":8.0,"key":"Self Forming Clay"},{"floor":9.0,"key":"TungstenRod"},{"floor":12.0,"key":"Mummified Hand"},{"floor":14.0,"key":"Champion Belt"},{"floor":22.0,"key":"Necronomicon"},{"floor":25.0,"key":"Potion Belt"},{"floor":26.0,"key":"Centennial Puzzle"},{"floor":27.0,"key":"Dream Catcher"},{"floor":29.0,"key":"Charon\u0027s Ashes"},{"floor":29.0,"key":"Sundial"},{"floor":40.0,"key":"StoneCalendar"},{"floor":42.0,"key":"Girya"},{"floor":43.0,"key":"Prayer Wheel"},{"floor":44.0,"key":"Darkstone Periapt"}],"event_choices":[{"damage_healed":0.0,"max_hp_gain":0.0,"max_hp_loss":0.0,"gold_gain":75.0,"event_name":"World of Goop","player_choice":"Gather Gold","floor":2.0,"gold_loss":0.0,"damage_taken":11.0},{"cards_removed":["Strike_R"],"damage_healed":0.0,"max_hp_gain":0.0,"max_hp_loss":0.0,"gold_gain":0.0,"event_name":"Bonfire Elementals","player_choice":"Offered Basic","floor":5.0,"gold_loss":0.0,"damage_taken":0.0},{"damage_healed":0.0,"max_hp_gain":0.0,"max_hp_loss":0.0,"gold_gain":0.0,"event_name":"Cursed Tome","player_choice":"Obtained Book","floor":22.0,"gold_loss":0.0,"damage_taken":16.0},{"damage_healed":0.0,"max_hp_gain":0.0,"max_hp_loss":0.0,"gold_gain":0.0,"event_name":"The Mausoleum","player_choice":"Ignored","floor":24.0,"gold_loss":0.0,"damage_taken":0.0},{"damage_healed":0.0,"max_hp_gain":0.0,"max_hp_loss":0.0,"gold_gain":0.0,"event_name":"Colosseum","player_choice":"Fight","floor":29.0,"gold_loss":0.0,"damage_taken":0.0},{"damage_healed":0.0,"max_hp_gain":0.0,"max_hp_loss":0.0,"gold_gain":0.0,"event_name":"Colosseum","player_choice":"Fought Nobs","floor":29.0,"gold_loss":0.0,"damage_taken":0.0},{"damage_healed":0.0,"max_hp_gain":0.0,"max_hp_loss":0.0,"gold_gain":0.0,"event_name":"Drug Dealer","player_choice":"Inject Mutagens","floor":30.0,"gold_loss":0.0,"damage_taken":0.0,"relics_obtained":["MutagenicStrength"]},{"cards_removed":["Parasite"],"damage_healed":0.0,"max_hp_gain":0.0,"max_hp_loss":0.0,"gold_gain":0.0,"event_name":"Fountain of Cleansing","player_choice":"Removed Curses","floor":39.0,"gold_loss":0.0,"damage_taken":0.0}],"is_beta":false,"boss_relics":[{"not_picked":["Pandora\u0027s Box","Runic Cube"],"picked":"Sozu"},{"not_picked":["Fusion Hammer","Philosopher\u0027s Stone"],"picked":"Velvet Choker"}],"items_purged_floors":[20],"is_endless":false,"potions_floor_spawned":[4,8,11,12,16,19,25,29,29,31,33,36,38,45,46,47,48],"ascension_level":6}}