{"host":"l790j1oe6pn5fhrm","time":1613424128,"event":{"mods":["AchievementEnabler","BaseMod","Colored Map","Colored Powertips","GifTheSpireLib","Highlight Path","Minty Spire (QoL Compilation)","Rare Cards Sparkle","Replay The Spire","StSLib"],"gold_per_floor":[116,116,166,186,202,228,228,243,243,243,243,3,3,21,94,94,94],"floor_reached":16,"language":"ENG","playtime":436,"items_purged":[],"score":185,"play_id":"11a4fd55-8ea2-4a05-8d47-f06357eda3d1","local_time":"20210215222208","is_ascension_mode":true,"campfire_choices":[{"floor":10,"key":"REST"},{"data":"Limit Break","floor":13,"key":"SMITH"}],"circlet_count":0,"master_deck":["AscendersBane","Strike_R","Strike_R","Strike_R","Defend_R","Defend_R","Defend_R","Bash","Shockwave","Metallicize","Spot Weakness","Limit Break+1","Inflame"],"relics":["Burning Blood","Ring of Searing","Ring of Panic","Kunai","Letter Opener","HornCleat"],"acts_visited":["Exordium"],"potions_floor_usage":[16],"damage_taken":[{"damage":9,"enemies":"Jaw Worm","floor":1,"turns":5},{"damage":10,"enemies":"Cultist","floor":4,"turns":3},{"damage":5,"enemies":"Small Slimes","floor":5,"turns":2},{"damage":31,"enemies":"Gremlin Nob","floor":6,"turns":5},{"damage":0,"enemies":"Exordium Thugs","floor":8,"turns":4},{"damage":12,"enemies":"Large Slime","floor":14,"turns":3},{"damage":54,"enemies":"Slime Boss","floor":16,"turns":8}],"seed_played":"-2087672478862850872","potions_obtained":[{"floor":5,"key":"ElixirPotion"},{"floor":14,"key":"Weak Potion"}],"is_trial":false,"path_per_floor":["M","?","?","M","M","E","?","M","T","R","?","$","R","M","R_BF","B"],"character_chosen":"IRONCLAD","items_purchased":["Limit Break","Inflame"],"campfire_rested":1,"item_purchase_floors":[12,12],"current_hp_per_floor":[65,65,65,61,62,37,30,36,36,56,56,56,56,50,50,0,0],"gold":94,"neow_bonus":"REMOVE_TWO","is_daily":false,"chose_seed":false,"campfire_upgraded":1,"win_rate":0.0,"timestamp":1613424128,"path_taken":["M","?","?","?","M","E","?","M","T","R","?","$","R","M","R_BF","BOSS"],"items_purchased_type":["Card","Card"],"build_version":"2020-12-22","purchased_purges":0,"victory":false,"max_hp_per_floor":[68,68,68,68,68,68,68,68,68,68,68,68,68,68,68,68,68],"card_choices":[{"not_picked":["Headbutt","Massacre"],"picked":"Shockwave","floor":1},{"not_picked":["Flame Barrier","Shrug It Off"],"picked":"Metallicize","floor":4},{"not_picked":["Heavy Blade","Thunderclap"],"picked":"Battle Trance","floor":5},{"not_picked":["Armaments","Replay:Many Hands"],"picked":"Spot Weakness","floor":6},{"not_picked":["Pommel Strike","ReplayTheSpireMod:Corrosion Curse","Blood for Blood"],"picked":"SKIP","floor":8},{"not_picked":["Iron Wave","Sever Soul","Thunderclap"],"picked":"SKIP","floor":14}],"player_experience":1196464,"relics_obtained":[{"floor":2,"key":"Ring of Searing"},{"floor":2,"key":"Ring of Panic"},{"floor":6,"key":"Kunai"},{"floor":9,"key":"Letter Opener"}],"event_choices":[{"damage_healed":0,"gold_gain":50,"player_choice":"Pray","damage_taken":0,"max_hp_gain":0,"max_hp_loss":0,"event_name":"Golden Shrine","floor":3,"gold_loss":0},{"cards_removed":["Strike_R"],"damage_healed":0,"gold_gain":0,"player_choice":"Card Removal","damage_taken":7,"max_hp_gain":0,"max_hp_loss":0,"event_name":"Golden Wing","floor":7,"gold_loss":0},{"cards_removed":["Battle Trance"],"damage_healed":0,"gold_gain":0,"player_choice":"Gave Card","damage_taken":0,"relics_obtained":["HornCleat"],"max_hp_gain":0,"max_hp_loss":0,"event_name":"WeMeetAgain","floor":11,"gold_loss":0}],"is_beta":false,"boss_relics":[],"items_purged_floors":[],"is_endless":false,"potions_floor_spawned":[5,14],"killed_by":"Slime Boss","ascension_level":17}}