{"host":"yuoancq4cku3x8wq","time":1613394805,"event":{"mods":["AchievementEnabler","BaseMod","Minty Spire (QoL Compilation)","Quick Restart","StSLib","SuperFastMode"],"gold_per_floor":[113,130,149,161,161,189,189,189,189],"floor_reached":8,"language":"ZHS","playtime":222,"items_purged":[],"score":75,"play_id":"e3415b24-1cfe-4e82-b4d5-e2fd4dfc9244","local_time":"20210215211325","is_ascension_mode":true,"campfire_choices":[{"data":"Searing Blow","floor":7,"key":"SMITH"}],"circlet_count":0,"master_deck":["Strike_R","Strike_R","Strike_R","Strike_R","Defend_R","Defend_R","Defend_R","Defend_R","Bash","Searing Blow+1","True Grit","Battle Trance"],"relics":["Sozu","Red Skull"],"acts_visited":["Exordium"],"potions_floor_usage":[],"damage_taken":[{"damage":0,"enemies":"Cultist","floor":1,"turns":2},{"damage":7,"enemies":"Jaw Worm","floor":2,"turns":3},{"damage":7,"enemies":"Small Slimes","floor":3,"turns":3},{"damage":20,"enemies":"Gremlin Gang","floor":4,"turns":4},{"damage":31,"enemies":"3 Sentries","floor":6,"turns":9},{"damage":8,"enemies":"Lagavulin","floor":8,"turns":3}],"seed_played":"-6560583169839301845","potions_obtained":[],"is_trial":false,"path_per_floor":["M","M","M","M","?","E","R","E"],"character_chosen":"IRONCLAD","items_purchased":[],"campfire_rested":0,"item_purchase_floors":[],"current_hp_per_floor":[72,65,58,38,38,7,7,0,0],"gold":189,"neow_bonus":"BOSS_RELIC","is_daily":false,"chose_seed":false,"campfire_upgraded":1,"win_rate":0.0,"timestamp":1613394805,"path_taken":["M","M","M","M","?","E","R","E"],"items_purchased_type":[],"build_version":"2020-12-22","purchased_purges":0,"victory":false,"max_hp_per_floor":[80,80,80,80,80,80,80,80,80],"card_choices":[{"not_picked":["Havoc","Twin Strike","Warcry"],"picked":"SKIP","floor":1},{"not_picked":["Anger","Clash","Thunderclap"],"picked":"SKIP","floor":2},{"not_picked":["Pommel Strike","Body Slam"],"picked":"Searing Blow","floor":3},{"not_picked":["Combust","Thunderclap"],"picked":"True Grit","floor":4},{"not_picked":["Spot Weakness","Bludgeon","Perfected Strike"],"picked":"SKIP","floor":6}],"player_experience":251563,"relics_obtained":[{"floor":6,"key":"Red Skull"}],"event_choices":[{"damage_healed":0,"gold_gain":0,"cards_transformed":["Strike_R"],"player_choice":"Change","damage_taken":0,"max_hp_gain":0,"max_hp_loss":0,"event_name":"Living Wall","floor":5,"gold_loss":0,"cards_obtained":["Battle Trance"]}],"is_beta":false,"boss_relics":[],"items_purged_floors":[],"is_endless":false,"potions_floor_spawned":[2,3],"killed_by":"Lagavulin","ascension_level":6}}