{"host":"w9njud19qyl0lpz1","time":1613349616,"event":{"mods":["BaseMod","Infinite Spire","Minty Spire (QoL Compilation)","StSLib"],"gold_per_floor":[116,191,209,174,193,204,204,86,113,142,142,25,56,56,56,153,153,167,167,180,197,122,122,140,160,213,213,213,213,230,14,14,111,111,125,125,143,161,161,161,178,192,217,234,234,234,253,265,265,265],"floor_reached":51,"language":"ENG","playtime":13928,"items_purged":["Strike_B","Strike_B"],"score":661,"play_id":"799c2e97-5398-44a4-840e-b746450cd02e","local_time":"20210214194016","is_ascension_mode":false,"campfire_choices":[{"data":"Electrodynamics","floor":7.0,"key":"SMITH"},{"data":"Discovery","floor":15.0,"key":"SMITH"},{"floor":23.0,"key":"REST"},{"floor":29.0,"key":"REST"},{"floor":32.0,"key":"REST"},{"floor":40.0,"key":"REST"},{"floor":45.0,"key":"REST"},{"floor":49.0,"key":"REST"}],"circlet_count":0,"master_deck":["Strike_B+1","Defend_B","Defend_B","Defend_B","Defend_B","Zap+1","Dualcast","Streamline","Ball Lightning+1","Glacier","Electrodynamics+1","Chill","Static Discharge","Echo Form","Hologram","Discovery+1","FTL","Core Surge","Chaos","infinitespire:DeathsTouch","Tempest","Double Energy+1","Double Energy+1","Meteor Strike","Turbo","Stack","Hello World","Scrape+1","Thunder Strike","Go for the Eyes+1","Bandage Up","BootSequence+1","Defragment+1","Echo Form","Zap","Redo+1","Force Field+1"],"relics":["Cracked Core","Nunchaku","Dream Catcher","Whetstone","Inserter","Happy Flower","SacredBark","Symbiotic Virus","Centennial Puzzle"],"acts_visited":["Exordium","TheCity","TheBeyond"],"potions_floor_usage":[50],"damage_taken":[{"damage":2.0,"enemies":"Small Slimes","floor":1.0,"turns":3.0},{"damage":6.0,"enemies":"Jaw Worm","floor":3.0,"turns":3.0},{"damage":0.0,"enemies":"Cultist","floor":5.0,"turns":2.0},{"damage":7.0,"enemies":"3 Louse","floor":6.0,"turns":3.0},{"damage":16.0,"enemies":"3 Sentries","floor":10.0,"turns":4.0},{"damage":0.0,"enemies":"Lagavulin","floor":13.0,"turns":6.0},{"damage":24.0,"enemies":"Hexaghost","floor":16.0,"turns":7.0},{"damage":0.0,"enemies":"Shell Parasite","floor":18.0,"turns":6.0},{"damage":10.0,"enemies":"Chosen","floor":20.0,"turns":3.0},{"damage":3.0,"enemies":"3 Cultists","floor":21.0,"turns":3.0},{"damage":25.0,"enemies":"Snecko","floor":24.0,"turns":5.0},{"damage":13.0,"enemies":"Cultist and Chosen","floor":25.0,"turns":4.0},{"damage":20.0,"enemies":"Colosseum Slavers","floor":27.0,"turns":4.0},{"damage":11.0,"enemies":"Snake Plant","floor":30.0,"turns":3.0},{"damage":52.0,"enemies":"Collector","floor":33.0,"turns":7.0},{"damage":0.0,"enemies":"3 Darklings","floor":35.0,"turns":4.0},{"damage":15.0,"enemies":"Orb Walker","floor":37.0,"turns":2.0},{"damage":0.0,"enemies":"Spire Growth","floor":38.0,"turns":5.0},{"damage":13.0,"enemies":"Jaw Worm Horde","floor":41.0,"turns":3.0},{"damage":20.0,"enemies":"4 Shapes","floor":42.0,"turns":3.0},{"damage":4.0,"enemies":"Spire Growth","floor":44.0,"turns":6.0},{"damage":12.0,"enemies":"Sphere and 2 Shapes","floor":47.0,"turns":6.0},{"damage":4.0,"enemies":"Maw","floor":48.0,"turns":6.0},{"damage":58,"enemies":"Donu and Deca","floor":50,"turns":7}],"seed_played":"1626388333981564865","potions_obtained":[{"floor":1.0,"key":"BlessingOfTheForge"},{"floor":5.0,"key":"Swift Potion"},{"floor":10.0,"key":"LiquidMemories"},{"floor":16.0,"key":"Block Potion"},{"floor":24.0,"key":"Weak Potion"},{"floor":25.0,"key":"Explosive Potion"},{"floor":33.0,"key":"Energy Potion"},{"floor":35.0,"key":"Strength Potion"},{"floor":37.0,"key":"Block Potion"},{"floor":41.0,"key":"LiquidBronze"},{"floor":44.0,"key":"SteroidPotion"}],"is_trial":false,"path_per_floor":["M","?","M","?","M","M","R","$","T","E","?","$","E","?","R","B",null,"M","?","M","M","$","R","M","M","T","?","?","R","M","$","R","B",null,"M","AVR","M","M","?","R","M","M","T","M","R","?","M","M","R","B",null],"character_chosen":"DEFECT","items_purchased":["Chill","Static Discharge","Hologram","Discovery","FairyPotion","Regen Potion","Hello World"],"campfire_rested":6,"item_purchase_floors":[8,8,12,12,31,31,31],"current_hp_per_floor":[73,62,56,74,74,67,67,67,67,51,51,51,51,51,51,27,75,75,57,47,44,44,66,41,28,28,8,8,30,19,19,41,4,75,75,75,60,60,60,75,66,46,46,46,68,68,60,60,75,25],"gold":265,"neow_bonus":"UPGRADE_CARD","is_daily":false,"chose_seed":false,"campfire_upgraded":2,"win_rate":0.0,"timestamp":1613349616,"path_taken":["M","?","M","?","M","M","R","$","T","E","?","?","E","?","R","BOSS","M","?","M","M","$","R","M","M","T","?","?","R","M","$","R","BOSS","M","AVR","?","M","?","R","M","M","T","M","R","?","M","?","R","BOSS"],"items_purchased_type":["Card","Card","Card","Card","Potion","Potion","Card"],"build_version":"2020-12-22","purchased_purges":2,"victory":true,"max_hp_per_floor":[75,75,75,75,75,75,75,75,75,75,75,75,75,75,75,75,75,75,75,75,75,75,75,75,75,75,75,75,75,75,75,75,75,75,75,75,75,75,75,75,75,75,75,75,75,75,75,75,75,75],"card_choices":[{"not_picked":["Conserve Battery","Rebound"],"picked":"Streamline","floor":1.0},{"not_picked":["Rebound","Recycle"],"picked":"Ball Lightning","floor":3.0},{"not_picked":["Steam","Consume"],"picked":"Glacier","floor":5.0},{"not_picked":["Steam","Storm"],"picked":"Electrodynamics","floor":6.0},{"not_picked":["Coolheaded","Stack"],"picked":"Echo Form","floor":10.0},{"not_picked":["Steam","Streamline","Leap"],"picked":"SKIP","floor":13.0},{"not_picked":["Echo Form","Thunder Strike"],"picked":"Core Surge","floor":16.0},{"not_picked":["Streamline","Recycle"],"picked":"Chaos","floor":18.0},{"not_picked":["infinitespire:Oblivion","infinitespire:Menacing"],"picked":"infinitespire:DeathsTouch","floor":19.0},{"not_picked":["Heatsinks+1","Rebound"],"picked":"Tempest","floor":20.0},{"not_picked":["Steam","Turbo"],"picked":"Double Energy","floor":21.0},{"not_picked":["Sunder","Rebound"],"picked":"Double Energy+1","floor":23.0},{"not_picked":["Genetic Algorithm","Barrage"],"picked":"Meteor Strike","floor":24.0},{"not_picked":["Hologram","Go for the Eyes"],"picked":"Turbo","floor":25.0},{"not_picked":["Steam","Storm"],"picked":"Stack","floor":29.0},{"not_picked":["Turbo+1","Stack","Skim"],"picked":"SKIP","floor":30.0},{"not_picked":["Turbo+1","Stack","Skim"],"picked":"SKIP","floor":30.0},{"not_picked":["Doom and Gloom","Beam Cell"],"picked":"Scrape+1","floor":32.0},{"not_picked":["Core Surge","Machine Learning"],"picked":"Thunder Strike","floor":33.0},{"not_picked":["Double Energy","Hello World","Steam"],"picked":"SKIP","floor":35.0},{"not_picked":["Hologram+1","Redo"],"picked":"Go for the Eyes+1","floor":37.0},{"not_picked":["Stack","Heatsinks","Scrape+1"],"picked":"SKIP","floor":38.0},{"not_picked":["Finesse","Jack Of All Trades"],"picked":"Bandage Up","floor":39.0},{"not_picked":["Core Surge","Turbo"],"picked":"BootSequence+1","floor":40.0},{"not_picked":["Heatsinks","Hologram"],"picked":"Defragment+1","floor":41.0},{"not_picked":["Sunder","Reprogram","Rebound"],"picked":"SKIP","floor":42.0},{"not_picked":["Stack+1","Leap","Rebound+1"],"picked":"SKIP","floor":44.0},{"not_picked":["Fusion","Ball Lightning"],"picked":"Redo+1","floor":47.0},{"not_picked":["Tempest+1","Capacitor","Fission"],"picked":"SKIP","floor":48.0},{"not_picked":["Beam Cell+1","Go for the Eyes+1"],"picked":"Force Field+1","floor":49.0}],"player_experience":2486783,"relics_obtained":[{"floor":9.0,"key":"Nunchaku"},{"floor":10.0,"key":"Dream Catcher"},{"floor":13.0,"key":"Whetstone"},{"floor":26.0,"key":"Happy Flower"},{"floor":43.0,"key":"Centennial Puzzle"}],"event_choices":[{"damage_healed":0.0,"max_hp_gain":0.0,"max_hp_loss":0.0,"gold_gain":75.0,"event_name":"World of Goop","player_choice":"Gather Gold","floor":2.0,"gold_loss":0.0,"damage_taken":11.0},{"damage_healed":18.0,"max_hp_gain":0.0,"max_hp_loss":0.0,"gold_gain":0.0,"event_name":"The Cleric","player_choice":"Healed","floor":4.0,"gold_loss":35.0,"damage_taken":0.0},{"damage_healed":0.0,"max_hp_gain":0.0,"max_hp_loss":0.0,"gold_gain":0.0,"cards_transformed":["Strike_B"],"event_name":"Transmorgrifier","player_choice":"Transformed","floor":14.0,"gold_loss":0.0,"damage_taken":0.0,"cards_obtained":["FTL"]},{"damage_healed":0.0,"max_hp_gain":0.0,"max_hp_loss":0.0,"gold_gain":0.0,"event_name":"Colosseum","player_choice":"Fight","floor":27.0,"gold_loss":0.0,"damage_taken":0.0},{"damage_healed":0.0,"max_hp_gain":0.0,"max_hp_loss":0.0,"gold_gain":0.0,"event_name":"Colosseum","player_choice":"Fled From Nobs","floor":27.0,"gold_loss":0.0,"damage_taken":0.0},{"damage_healed":0.0,"max_hp_gain":0.0,"max_hp_loss":0.0,"gold_gain":0.0,"event_name":"Upgrade Shrine","player_choice":"Upgraded","floor":28.0,"gold_loss":0.0,"damage_taken":0.0,"cards_upgraded":["Double Energy"]},{"damage_healed":0.0,"max_hp_gain":0.0,"max_hp_loss":0.0,"gold_gain":0.0,"event_name":"SensoryStone","player_choice":"Memory 1","floor":39.0,"gold_loss":0.0,"damage_taken":0.0},{"damage_healed":0.0,"max_hp_gain":0.0,"max_hp_loss":0.0,"gold_gain":0.0,"event_name":"Match and Keep!","player_choice":"2 cards matched","floor":46.0,"gold_loss":0.0,"damage_taken":0.0,"cards_obtained":["Echo Form","Zap"]}],"is_beta":false,"boss_relics":[{"not_picked":["Philosopher\u0027s Stone","Ectoplasm"],"picked":"Inserter"},{"not_picked":["Black Star","FrozenCore"],"picked":"SacredBark"}],"items_purged_floors":[22,36],"is_endless":false,"potions_floor_spawned":[1,5,10,16,24,25,33,35,37,41,44],"ascension_level":0}}