{"host":"h0xw20cia6ppa69g","time":1613385645,"event":{"mods":["AchievementEnabler","BaseMod","Colored Map","Filter the Spire","Googly Eyes","Minty Spire (QoL Compilation)","Relic Stats","StSLib","The Awakened One except there are too many feathers","everything is the same but u backflip on backflip"],"gold_per_floor":[18,18,18,87,108,108,182,217,240,240,256,30,46,86,86,209,209,228,241,291,191,209,253,253,273,300,300,334,347,79,117,117,248,248,264,647,37,87,157,188,208,242,242,267,366,379,408,419,419,419,419,419,82,110,110],"floor_reached":56,"language":"ENG","playtime":3078,"items_purged":["Strike_R","Shame","Hemokinesis","Hemokinesis"],"score":1704,"play_id":"ce16003b-0fe3-49f4-874e-3f5801fc75b2","local_time":"20210215044045","is_ascension_mode":true,"campfire_choices":[{"data":"Disarm","floor":6,"key":"SMITH"},{"data":"Shockwave","floor":10,"key":"SMITH"},{"data":"Havoc","floor":15,"key":"SMITH"},{"data":"Corruption","floor":24,"key":"SMITH"},{"data":"Bloodletting","floor":27,"key":"SMITH"},{"data":"Feel No Pain","floor":32,"key":"SMITH"},{"floor":49,"key":"RECALL"},{"data":"Clothesline","floor":52,"key":"SMITH"}],"circlet_count":0,"master_deck":["Bash","Disarm+1","Shockwave+1","Inflame","Cleave","Reaper","Bludgeon","Havoc+1","Bloodletting","Power Through","Impervious+1","Cleave","Pummel","Fiend Fire","Bloodletting+1","Corruption+1","Clothesline+1","Pummel+1","Burning Pact+1","Shrug It Off+1","Inflame+1","Feel No Pain+1","Metallicize","Offering","Burning Pact","Burning Pact","Body Slam","Juggernaut","True Grit+1","Seeing Red","Juggernaut","Entrench+1","True Grit","Shrug It Off+1"],"relics":["Burning Blood","Dead Branch","SsserpentHead","Art of War","MealTicket","Orrery","Pen Nib","Pandora\u0027s Box","Bag of Preparation","War Paint","Ancient Tea Set","Medical Kit","Centennial Puzzle","Snecko Eye","Torii","Chemical X","Akabeko","StrikeDummy","Mercury Hourglass","Sundial","Magic Flower","Self Forming Clay","Calipers","Bottled Tornado"],"acts_visited":["Exordium","TheCity","TheBeyond","TheEnding"],"potions_floor_usage":[7,23,55,55,55],"damage_taken":[{"damage":17,"enemies":"Jaw Worm","floor":1,"turns":6},{"damage":8,"enemies":"Small Slimes","floor":4,"turns":4},{"damage":2,"enemies":"Cultist","floor":5,"turns":5},{"damage":4,"enemies":"Gremlin Gang","floor":7,"turns":3},{"damage":19,"enemies":"Gremlin Nob","floor":8,"turns":5},{"damage":26,"enemies":"Exordium Thugs","floor":11,"turns":5},{"damage":6,"enemies":"Large Slime","floor":13,"turns":9},{"damage":17,"enemies":"3 Sentries","floor":14,"turns":7},{"damage":0,"enemies":"The Guardian","floor":16,"turns":12},{"damage":5,"enemies":"Shell Parasite","floor":18,"turns":3},{"damage":15,"enemies":"3 Byrds","floor":19,"turns":4},{"damage":3,"enemies":"Centurion and Healer","floor":22,"turns":3},{"damage":32,"enemies":"Slavers","floor":23,"turns":6},{"damage":3,"enemies":"Snake Plant","floor":25,"turns":4},{"damage":20,"enemies":"Gremlin Leader","floor":28,"turns":4},{"damage":10,"enemies":"Snecko","floor":29,"turns":3},{"damage":3,"enemies":"Book of Stabbing","floor":31,"turns":4},{"damage":3,"enemies":"Collector","floor":33,"turns":4},{"damage":2,"enemies":"3 Shapes","floor":35,"turns":2},{"damage":6,"enemies":"3 Darklings","floor":39,"turns":3},{"damage":3,"enemies":"Nemesis","floor":40,"turns":2},{"damage":9,"enemies":"Transient","floor":41,"turns":5},{"damage":12,"enemies":"Giant Head","floor":42,"turns":5},{"damage":35,"enemies":"Reptomancer","floor":44,"turns":6},{"damage":9,"enemies":"2 Orb Walkers","floor":45,"turns":1},{"damage":0,"enemies":"Spire Growth","floor":46,"turns":3},{"damage":3,"enemies":"Giant Head","floor":47,"turns":3},{"damage":25,"enemies":"3 Darklings","floor":48,"turns":4},{"damage":0,"enemies":"Time Eater","floor":50,"turns":7},{"damage":14,"enemies":"Shield and Spear","floor":54,"turns":3},{"damage":9,"enemies":"The Heart","floor":55,"turns":4}],"seed_played":"-1752878147091840503","potions_obtained":[{"floor":1,"key":"Ancient Potion"},{"floor":4,"key":"Explosive Potion"},{"floor":7,"key":"SteroidPotion"},{"floor":13,"key":"Ancient Potion"},{"floor":25,"key":"HeartOfIron"},{"floor":45,"key":"CultistPotion"},{"floor":48,"key":"SpeedPotion"}],"is_trial":false,"path_per_floor":["M","?","?","M","M","R","M","E","T","R","M","$","M","E","R","B",null,"M","M","?","$","M","E","R","M","T","R","E","M","$","E","R","B",null,"M","?","$","?","M","E","M","E","T","E","?","M","E","M","R","B",null,"R","$","E","B",null],"character_chosen":"IRONCLAD","items_purchased":["Orrery","Medical Kit","Torii","Chemical X","Calipers","True Grit"],"campfire_rested":0,"item_purchase_floors":[12,30,37,37,53,53],"current_hp_per_floor":[69,49,49,47,51,51,53,40,40,40,20,35,53,60,60,80,80,80,80,80,80,80,79,79,80,80,80,66,80,80,80,80,80,80,80,80,80,80,80,80,80,80,80,51,80,80,80,80,80,80,80,80,80,80,80],"gold":110,"neow_bonus":"ONE_RARE_RELIC","is_daily":false,"chose_seed":false,"campfire_upgraded":7,"win_rate":0.0,"timestamp":1613385645,"path_taken":["M","?","?","?","M","R","?","E","T","R","M","$","M","E","R","BOSS","M","M","?","$","M","E","R","M","T","R","E","M","$","E","R","BOSS","M","?","$","?","?","E","M","E","T","E","?","M","E","M","R","BOSS","R","$","E","BOSS"],"items_purchased_type":["Relic","Relic","Relic","Relic","Relic","Card"],"build_version":"2020-12-22","purchased_purges":4,"victory":true,"max_hp_per_floor":[80,80,80,80,80,80,80,80,80,80,80,80,80,80,80,80,80,80,80,80,80,80,80,80,80,80,80,80,80,80,80,80,80,80,80,80,80,80,80,80,80,80,80,80,80,80,80,80,80,80,80,80,80,80,80],"relic_stats":{"Torii":8,"counters":[31,139],"Self Forming Clay":[33],"Dead Branch":[594],"Magic Flower":[2],"Pen Nib":[18],"Bag of Preparation":[40],"War Paint":["Burning Pact","Impervious"],"Medical Kit":[21],"Burning Blood":91,"Mercury Hourglass":[131],"SsserpentHead":350,"Centennial Puzzle":[35],"Sundial":[4],"Snecko Eye":[126,133,127,113],"MealTicket":15,"Pandora\u0027s Box":["Hemokinesis","Cleave","Pummel","Hemokinesis","Fiend Fire","Bloodletting","Corruption","Clothesline"],"Art of War":[26],"Chemical X":[3],"obtain_stats":[{"Calipers":53,"Torii":37,"Magic Flower":45,"Bag of Preparation":20,"Bottled Tornado":54,"Ancient Tea Set":28,"Burning Blood":0,"SsserpentHead":3,"Centennial Puzzle":31,"Sundial":44,"MealTicket":9,"Chemical X":37,"Golden Idol":2,"Self Forming Clay":47,"Dead Branch":0,"Pen Nib":14,"War Paint":23,"Medical Kit":30,"Akabeko":40,"Mercury Hourglass":43,"Orrery":12,"Snecko Eye":34,"Pandora\u0027s Box":17,"Art of War":8,"StrikeDummy":42},{"Calipers":29,"Torii":19,"Magic Flower":25,"Bag of Preparation":11,"Bottled Tornado":30,"Ancient Tea Set":15,"Burning Blood":0,"SsserpentHead":1,"Centennial Puzzle":17,"Sundial":24,"MealTicket":5,"Chemical X":19,"Golden Idol":1,"Self Forming Clay":27,"Dead Branch":0,"Pen Nib":8,"War Paint":13,"Medical Kit":16,"Akabeko":21,"Mercury Hourglass":23,"Orrery":6,"Snecko Eye":18,"Pandora\u0027s Box":9,"Art of War":5,"StrikeDummy":23},{"Calipers":132,"Torii":93,"Magic Flower":115,"Bag of Preparation":63,"Bottled Tornado":135,"Ancient Tea Set":80,"Burning Blood":0,"SsserpentHead":6,"Centennial Puzzle":87,"Sundial":114,"MealTicket":23,"Chemical X":93,"Golden Idol":6,"Self Forming Clay":121,"Dead Branch":0,"Pen Nib":44,"War Paint":72,"Medical Kit":83,"Akabeko":98,"Mercury Hourglass":108,"Orrery":28,"Snecko Eye":91,"Pandora\u0027s Box":56,"Art of War":23,"StrikeDummy":108}]},"card_choices":[{"not_picked":["Dropkick","Power Through"],"picked":"Disarm","floor":1},{"not_picked":["Iron Wave","Entrench","Perfected Strike"],"picked":"SKIP","floor":4},{"not_picked":["Flex","Shrug It Off"],"picked":"Shockwave","floor":5},{"not_picked":["Heavy Blade","Flame Barrier"],"picked":"Inflame","floor":7},{"not_picked":["Perfected Strike","Pommel Strike"],"picked":"Cleave","floor":8},{"not_picked":["Armaments","Sever Soul","Searing Blow"],"picked":"SKIP","floor":11},{"not_picked":["Carnage","True Grit"],"picked":"Reaper","floor":12},{"not_picked":["Heavy Blade","Rampage"],"picked":"Bludgeon","floor":12},{"not_picked":["Warcry","Pommel Strike"],"picked":"Havoc","floor":12},{"not_picked":["Power Through","Armaments"],"picked":"Bloodletting","floor":13},{"not_picked":["Combust","Reckless Charge"],"picked":"Power Through","floor":14},{"not_picked":["Reaper","Feed"],"picked":"Impervious","floor":16},{"not_picked":["Blood for Blood","Clothesline"],"picked":"Pummel+1","floor":18},{"not_picked":["Clothesline","Fire Breathing","Twin Strike"],"picked":"SKIP","floor":19},{"not_picked":["Bludgeon","Iron Wave","Heavy Blade"],"picked":"SKIP","floor":22},{"not_picked":["Clothesline+1","Demon Form"],"picked":"Burning Pact","floor":23},{"not_picked":["Rampage","Anger"],"picked":"Shrug It Off+1","floor":25},{"not_picked":["Havoc","Pommel Strike"],"picked":"Inflame+1","floor":28},{"not_picked":["True Grit","Shrug It Off"],"picked":"Feel No Pain","floor":29},{"not_picked":["Rage","Flex"],"picked":"Metallicize","floor":31},{"not_picked":["Berserk","Reaper"],"picked":"Offering","floor":33},{"not_picked":["Armaments","Perfected Strike+1","Pommel Strike"],"picked":"SKIP","floor":35},{"not_picked":["Clash","Rampage","Sword Boomerang"],"picked":"SKIP","floor":39},{"not_picked":["Perfected Strike","Wild Strike"],"picked":"Burning Pact","floor":40},{"not_picked":["Battle Trance","Shrug It Off"],"picked":"Burning Pact","floor":41},{"not_picked":["Sword Boomerang+1","Headbutt"],"picked":"Body Slam","floor":42},{"not_picked":["Cleave+1","Twin Strike+1"],"picked":"Juggernaut","floor":44},{"not_picked":["Clash","Anger"],"picked":"True Grit+1","floor":45},{"not_picked":["Sword Boomerang","Flex+1"],"picked":"Seeing Red","floor":46},{"not_picked":["Iron Wave+1","Clash"],"picked":"Juggernaut","floor":47},{"not_picked":["Pommel Strike+1","Flame Barrier"],"picked":"Entrench+1","floor":48},{"not_picked":["Perfected Strike","Reckless Charge"],"picked":"Shrug It Off+1","floor":54}],"player_experience":3868658,"relics_obtained":[{"floor":8,"key":"Art of War"},{"floor":9,"key":"MealTicket"},{"floor":14,"key":"Pen Nib"},{"floor":23,"key":"War Paint"},{"floor":28,"key":"Ancient Tea Set"},{"floor":31,"key":"Centennial Puzzle"},{"floor":40,"key":"Akabeko"},{"floor":42,"key":"StrikeDummy"},{"floor":43,"key":"Mercury Hourglass"},{"floor":44,"key":"Sundial"},{"floor":45,"key":"Magic Flower"},{"floor":47,"key":"Self Forming Clay"},{"floor":54,"key":"Bottled Tornado"}],"event_choices":[{"damage_healed":0,"gold_gain":0,"player_choice":"Take Damage","damage_taken":20,"relics_obtained":["Golden Idol"],"max_hp_gain":0,"max_hp_loss":0,"event_name":"Golden Idol","floor":2,"gold_loss":0},{"damage_healed":0,"gold_gain":0,"player_choice":"Trade","damage_taken":0,"relics_obtained":["SsserpentHead"],"max_hp_gain":0,"max_hp_loss":0,"event_name":"FaceTrader","floor":3,"gold_loss":0},{"damage_healed":0,"gold_gain":0,"player_choice":"Stole Relic","damage_taken":0,"relics_obtained":["Bag of Preparation"],"max_hp_gain":0,"max_hp_loss":0,"event_name":"Addict","floor":20,"gold_loss":0,"cards_obtained":["Shame"]},{"damage_healed":0,"gold_gain":333,"player_choice":"Gave Idol","damage_taken":0,"max_hp_gain":0,"max_hp_loss":0,"event_name":"The Moai Head","floor":36,"relics_lost":["Golden Idol"],"gold_loss":0},{"damage_healed":0,"gold_gain":0,"player_choice":"0 cards matched","damage_taken":0,"max_hp_gain":0,"max_hp_loss":0,"event_name":"Match and Keep!","floor":38,"gold_loss":0,"cards_obtained":[]},{"damage_healed":0,"gold_gain":0,"player_choice":"Fight","damage_taken":0,"max_hp_gain":0,"max_hp_loss":0,"event_name":"Mysterious Sphere","floor":45,"gold_loss":0}],"is_beta":false,"boss_relics":[{"not_picked":["Black Blood","Runic Dome"],"picked":"Pandora\u0027s Box"},{"not_picked":["SlaversCollar","Philosopher\u0027s Stone"],"picked":"Snecko Eye"}],"items_purged_floors":[12,21,30,37],"is_endless":false,"potions_floor_spawned":[1,4,7,13,18,19,22,25,35,45,46,48,54],"ascension_level":1}}