{"host":"ox77rn1xcurm2t5a","time":1613430672,"event":{"mods":["2.2 Compatiblity","AchievementEnabler","Act Like it!","Aspiration","BaseMod","Best Route Mod","Better Match","Better Note","Better Sensory Stone","Block Reminder","Colored Map","Colored Powertips","Conjunction","Conspire","Custom Start","Energized Spire","GifTheSpireLib","Gold Saver","Gremlin Skip","Halation","Highlight Path","Hubris","Infinite Spire","Minty Spire (QoL Compilation)","Pale of the Ancients","Quick Restart","Replay The Spire","Reworked Bosses","ShortenTheSpire","Spire Exporter","StSLib","Stuff the Spire","Wandering Minibosses"],"gold_per_floor":[265,265,93,113,13,42,59,91,91,116,130,163,163,183,183,288,288,303,303,321,271,286,286,286,286],"floor_reached":24,"language":"ENG","playtime":2037,"items_purged":["Strike_R","Defend_R"],"score":301,"play_id":"3a906b93-cc1d-4aa3-917d-13481898e389","local_time":"20210216011112","is_ascension_mode":true,"campfire_choices":[{"floor":13,"key":"RECALL"},{"data":"Spot Weakness","floor":15,"key":"SMITH"},{"data":"Spot Weakness","floor":23,"key":"SMITH"}],"circlet_count":0,"master_deck":["Strike_R","Strike_R","Strike_R","Strike_R","Defend_R","Defend_R","Defend_R","Bash+1","Perfected Strike","Spot Weakness+1","Uppercut","Sword Boomerang","Spot Weakness+1","Thunderclap","Anger","Demon Form","Pommel Strike","Perfected Strike","Clash"],"relics":["Burning Blood","NeowsBlessing","hubris:MysteriousPyramids","Bird Faced Urn","StuffTheSpire:EmeraldSignet","StuffTheSpire:TintedRock","hubris:ScarierMask"],"acts_visited":["Exordium","TheCity"],"potions_floor_usage":[8,10,16,20,24],"damage_taken":[{"damage":0.0,"enemies":"Jaw Worm","floor":1.0,"turns":1.0},{"damage":0.0,"enemies":"Cultist","floor":4.0,"turns":1.0},{"damage":0.0,"enemies":"3 Sentries","floor":6.0,"turns":2.0},{"damage":0.0,"enemies":"2 Louse","floor":7.0,"turns":2.0},{"damage":20,"enemies":"Lagavulin","floor":8,"turns":5},{"damage":22,"enemies":"Gremlin Nob","floor":10,"turns":4},{"damage":7,"enemies":"Exordium Thugs","floor":11,"turns":4},{"damage":42,"enemies":"3 Sentries","floor":12,"turns":5},{"damage":2,"enemies":"3 Louse","floor":14,"turns":3},{"damage":18,"enemies":"Slime Boss","floor":16,"turns":7},{"damage":37,"enemies":"Chosen","floor":18,"turns":5},{"damage":26,"enemies":"Spheric Guardian","floor":20,"turns":4},{"damage":18,"enemies":"Centurion and Healer","floor":22,"turns":3},{"damage":33,"enemies":"Book of Stabbing","floor":24,"turns":2}],"seed_played":"5707855768719190208","potions_obtained":[{"floor":1.0,"key":"Weak Potion"},{"floor":4.0,"key":"SkillPotion"},{"floor":7.0,"key":"Fruit Juice"},{"floor":14,"key":"Swift Potion"},{"floor":18,"key":"Dexterity Potion"},{"floor":22,"key":"SkillPotion"}],"is_trial":false,"path_per_floor":["M","?","$","M","$","E","M","E","T","E","M","E","R","M","R","B",null,"M","?","M","?","M","R","E"],"character_chosen":"IRONCLAD","items_purchased":["Perfected Strike","Spot Weakness"],"campfire_rested":0,"item_purchase_floors":[3,3],"current_hp_per_floor":[80,80,80,80,80,80,85,71,71,55,56,20,20,26,26,18,85,54,54,34,34,22,22,0,0],"gold":286,"neow_bonus":"THREE_ENEMY_KILL","is_daily":false,"chose_seed":false,"campfire_upgraded":2,"win_rate":0.0,"timestamp":1613430672,"path_taken":["M","?","$","M","$","E","M","E","T","E","?","E","R","M","R","BOSS","M","?","M","?","M","R","E"],"items_purchased_type":["Card","Card"],"build_version":"2020-12-22","purchased_purges":2,"victory":false,"max_hp_per_floor":[80,80,80,80,80,80,85,85,85,85,85,85,85,85,85,85,85,85,85,85,85,85,85,85,85],"card_choices":[{"not_picked":["Sword Boomerang","Sentinel","True Grit"],"picked":"SKIP","floor":1.0},{"not_picked":["infinitespire:OneForAll","Run Through"],"picked":"Uppercut","floor":4.0},{"not_picked":["Run Through","Barricade"],"picked":"Sword Boomerang","floor":6.0},{"not_picked":["Heavy Blade","hubris:ReadiedAction"],"picked":"Spot Weakness","floor":7.0},{"not_picked":["Clothesline","hubris:ReadiedAction","True Grit"],"picked":"SKIP","floor":8},{"not_picked":["Anger","Impervious"],"picked":"Thunderclap","floor":10},{"not_picked":["ReplayTheSpireMod:Strike From Hell","conspire:ExplosiveBarrier","Armaments"],"picked":"SKIP","floor":11},{"not_picked":["Seeing Red","Double Tap","StuffTheSpire:RockThrow"],"picked":"SKIP","floor":12},{"not_picked":["Twin Strike","Sentinel"],"picked":"Anger","floor":14},{"not_picked":["Impervious","Berserk"],"picked":"Demon Form","floor":16},{"not_picked":["ReplayTheSpireMod:Limb From Limb","Run Through"],"picked":"Pommel Strike","floor":18},{"not_picked":["True Grit","Pummel"],"picked":"Perfected Strike","floor":20},{"not_picked":["Shockwave","Thunderclap"],"picked":"Clash","floor":22}],"player_experience":3106248,"relics_obtained":[{"floor":6.0,"key":"hubris:MysteriousPyramids"},{"floor":8,"key":"Bird Faced Urn"},{"floor":10,"key":"StuffTheSpire:EmeraldSignet"},{"floor":12,"key":"StuffTheSpire:TintedRock"}],"event_choices":[{"damage_healed":0.0,"max_hp_gain":0.0,"max_hp_loss":0.0,"gold_gain":0.0,"event_name":"Accursed Blacksmith","player_choice":"Forge","floor":2.0,"gold_loss":0.0,"damage_taken":0.0,"cards_upgraded":["Bash"]},{"damage_healed":0,"gold_gain":0,"player_choice":"Ignored","damage_taken":0,"max_hp_gain":0,"max_hp_loss":0,"event_name":"betterNote:BetterNote","floor":19,"gold_loss":0,"cards_obtained":["Strike_P"]},{"damage_healed":0,"gold_gain":0,"player_choice":"Bet on Murderer","damage_taken":0,"max_hp_gain":0,"max_hp_loss":0,"event_name":"The Joust","floor":21,"gold_loss":50}],"is_beta":false,"boss_relics":[{"not_picked":["Cursed Key","hubris:CrackedHourglass"],"picked":"hubris:ScarierMask"}],"items_purged_floors":[3,5],"is_endless":false,"potions_floor_spawned":[1,4,7,14,18,22],"killed_by":"Book of Stabbing","ascension_level":4}}