{"host":"4nv61ujg37lx5d7m","time":1613380993,"event":{"mods":["BaseMod","Minty Spire (QoL Compilation)","Quick Restart"],"gold_per_floor":[119,137,137,62,62,62,103,103,103,103,103,122,162,181,181,305,305,330,330,355,98,197,197,218,133,159,159,190,215,215,238,238,358,358,377,390,122,122,142,142,142,157,180,218,218,234,249,285,285,285,285,285,65,108,108],"floor_reached":56,"language":"ZHS","playtime":2547,"items_purged":["Strike_R","Strike_R","Strike_R","Strike_R"],"score":1360,"play_id":"a5d26bc8-c379-46f9-b9c7-b7c85cd76a3a","local_time":"20210215172313","is_ascension_mode":false,"campfire_choices":[{"data":"Rampage","floor":6,"key":"SMITH"},{"data":"Bash","floor":8,"key":"SMITH"},{"data":"Clothesline","floor":11,"key":"SMITH"},{"data":"Heavy Blade","floor":15,"key":"SMITH"},{"floor":23,"key":"RECALL"},{"data":"Impervious","floor":30,"key":"SMITH"},{"data":"Reaper","floor":32,"key":"SMITH"},{"data":"Demon Form","floor":45,"key":"SMITH"},{"data":"Impervious","floor":49,"key":"SMITH"},{"data":"Juggernaut","floor":52,"key":"SMITH"}],"circlet_count":0,"master_deck":["Strike_R","Defend_R","Defend_R","Defend_R","Defend_R","Bash+1","Clothesline+1","Rampage+1","Entrench+1","Heavy Blade+1","Reaper+1","Body Slam","Impervious+1","Burning Pact+1","Clothesline+1","Barricade","Carnage+1","Demon Form+1","Shrug It Off+1","Burning Pact+1","Impervious+1","Feel No Pain","Burning Pact+1","Entrench","Juggernaut+1","Exhume","Disarm","Warcry+1"],"relics":["Snecko Eye","Golden Idol","MealTicket","Matryoshka","HornCleat","SlaversCollar","Enchiridion","War Paint","Gremlin Horn","Pen Nib","Happy Flower","Pear","Paper Frog","Sozu","Strawberry","Shuriken","Red Skull","InkBottle","Oddly Smooth Stone"],"acts_visited":["Exordium","TheCity","TheBeyond","TheEnding"],"potions_floor_usage":[20],"damage_taken":[{"damage":3,"enemies":"2 Louse","floor":1,"turns":3},{"damage":0,"enemies":"Cultist","floor":2,"turns":2},{"damage":13,"enemies":"Lagavulin","floor":7,"turns":5},{"damage":1,"enemies":"Jaw Worm","floor":12,"turns":2},{"damage":17,"enemies":"3 Sentries","floor":13,"turns":6},{"damage":0,"enemies":"Large Slime","floor":14,"turns":4},{"damage":35,"enemies":"The Guardian","floor":16,"turns":8},{"damage":20,"enemies":"2 Thieves","floor":18,"turns":4},{"damage":10,"enemies":"Shell Parasite","floor":20,"turns":3},{"damage":7,"enemies":"Snecko","floor":24,"turns":5},{"damage":22,"enemies":"Gremlin Leader","floor":28,"turns":6},{"damage":0,"enemies":"Chosen and Byrds","floor":29,"turns":4},{"damage":0,"enemies":"Snake Plant","floor":31,"turns":2},{"damage":0,"enemies":"Collector","floor":33,"turns":7},{"damage":6,"enemies":"Orb Walker","floor":35,"turns":6},{"damage":0,"enemies":"3 Shapes","floor":36,"turns":4},{"damage":0,"enemies":"Maw","floor":39,"turns":4},{"damage":7,"enemies":"4 Shapes","floor":42,"turns":5},{"damage":0,"enemies":"Giant Head","floor":44,"turns":4},{"damage":0,"enemies":"Transient","floor":46,"turns":5},{"damage":0,"enemies":"Sphere and 2 Shapes","floor":47,"turns":4},{"damage":0,"enemies":"Nemesis","floor":48,"turns":3},{"damage":2,"enemies":"Time Eater","floor":50,"turns":7},{"damage":16,"enemies":"Shield and Spear","floor":54,"turns":4},{"damage":2,"enemies":"The Heart","floor":55,"turns":8}],"seed_played":"3331431756674430913","potions_obtained":[{"floor":1,"key":"ElixirPotion"},{"floor":12,"key":"Energy Potion"},{"floor":14,"key":"BloodPotion"},{"floor":20,"key":"LiquidMemories"}],"is_trial":false,"path_per_floor":["M","M","?","$","?","R","E","R","T","?","R","M","E","M","R","B",null,"M","?","M","$","?","R","M","?","T","?","E","M","R","M","R","B",null,"M","M","$","?","M","T","$","M","T","E","R","M","M","E","R","B",null,"R","$","E","B",null],"character_chosen":"IRONCLAD","items_purchased":["War Paint","Impervious","Feel No Pain","Disarm"],"campfire_rested":0,"item_purchase_floors":[21,37,37,53],"current_hp_per_floor":[77,77,74,74,79,79,66,66,66,66,66,65,48,54,54,19,79,63,47,61,76,76,76,75,75,75,85,73,89,89,89,89,89,89,89,89,89,89,89,96,96,96,96,96,96,96,96,96,96,94,96,96,96,87,95],"gold":108,"neow_bonus":"BOSS_RELIC","is_daily":false,"chose_seed":false,"campfire_upgraded":9,"win_rate":0.0,"timestamp":1613380993,"path_taken":["M","M","?","$","?","R","E","R","T","?","R","M","E","M","R","BOSS","M","?","M","$","?","R","M","?","T","?","E","M","R","M","R","BOSS","M","M","$","?","?","?","$","M","T","E","R","M","M","E","R","BOSS","R","$","E","BOSS"],"items_purchased_type":["Relic","Card","Card","Card"],"build_version":"2020-12-22","purchased_purges":4,"victory":true,"max_hp_per_floor":[80,80,74,74,79,79,79,79,79,79,79,79,79,79,79,79,79,79,79,79,79,79,79,79,79,79,89,89,89,89,89,89,89,89,89,89,89,89,89,96,96,96,96,96,96,96,96,96,96,96,96,96,96,96,96],"card_choices":[{"not_picked":["Intimidate","Sword Boomerang"],"picked":"Clothesline","floor":1},{"not_picked":["Wild Strike","Clash"],"picked":"Rampage","floor":2},{"not_picked":["Hemokinesis","Pummel"],"picked":"Entrench","floor":7},{"not_picked":["Spot Weakness","Wild Strike"],"picked":"Heavy Blade","floor":12},{"not_picked":["Flame Barrier","Heavy Blade"],"picked":"Reaper","floor":13},{"not_picked":["Wild Strike","Clash"],"picked":"Body Slam","floor":14},{"not_picked":["Offering","Fiend Fire"],"picked":"Impervious","floor":16},{"not_picked":["Evolve","Anger"],"picked":"Burning Pact","floor":18},{"not_picked":["Pommel Strike","Twin Strike","Perfected Strike"],"picked":"SKIP","floor":20},{"not_picked":["Clash","Iron Wave+1"],"picked":"Clothesline+1","floor":24},{"not_picked":["Inflame+1","Warcry+1"],"picked":"Barricade","floor":28},{"not_picked":["Burning Pact","Pommel Strike"],"picked":"Carnage+1","floor":29},{"not_picked":["Wild Strike","Iron Wave","Cleave"],"picked":"SKIP","floor":31},{"not_picked":["Reaper","Exhume"],"picked":"Demon Form","floor":33},{"not_picked":["Disarm+1","Twin Strike"],"picked":"Shrug It Off+1","floor":35},{"not_picked":["Twin Strike+1","Havoc"],"picked":"Burning Pact+1","floor":36},{"not_picked":["Warcry","Sword Boomerang"],"picked":"Burning Pact+1","floor":39},{"not_picked":["Clash","Iron Wave+1","Whirlwind+1"],"picked":"SKIP","floor":42},{"not_picked":["Ghostly Armor+1","Flex"],"picked":"Entrench","floor":44},{"not_picked":["Wild Strike","Hemokinesis+1","Carnage"],"picked":"SKIP","floor":46},{"not_picked":["Flex+1","True Grit"],"picked":"Juggernaut","floor":47},{"not_picked":["Clothesline","Fire Breathing"],"picked":"Exhume","floor":48},{"not_picked":["Iron Wave","Clash+1"],"picked":"Warcry+1","floor":54}],"player_experience":9141,"relics_obtained":[{"floor":7,"key":"MealTicket"},{"floor":9,"key":"Matryoshka"},{"floor":13,"key":"HornCleat"},{"floor":19,"key":"Enchiridion"},{"floor":26,"key":"Pen Nib"},{"floor":26,"key":"Happy Flower"},{"floor":28,"key":"Paper Frog"},{"floor":40,"key":"Strawberry"},{"floor":40,"key":"Shuriken"},{"floor":44,"key":"Red Skull"},{"floor":48,"key":"InkBottle"},{"floor":54,"key":"Oddly Smooth Stone"}],"event_choices":[{"damage_healed":0,"gold_gain":0,"player_choice":"Lose Max HP","damage_taken":0,"relics_obtained":["Golden Idol"],"max_hp_gain":0,"max_hp_loss":6,"event_name":"Golden Idol","floor":3,"gold_loss":0},{"damage_healed":0,"gold_gain":0,"player_choice":"Donut","damage_taken":0,"max_hp_gain":5,"max_hp_loss":0,"event_name":"Big Fish","floor":5,"gold_loss":0},{"damage_healed":0,"gold_gain":0,"player_choice":"Bought 0 Potions","damage_taken":0,"max_hp_gain":0,"max_hp_loss":0,"event_name":"The Woman in Blue","floor":10,"gold_loss":0},{"damage_healed":0,"gold_gain":0,"player_choice":"Obtained Book","damage_taken":16,"max_hp_gain":0,"max_hp_loss":0,"event_name":"Cursed Tome","floor":19,"gold_loss":0},{"damage_healed":0,"gold_gain":99,"player_choice":"Stole From Cult","damage_taken":0,"max_hp_gain":0,"max_hp_loss":0,"event_name":"Nest","floor":22,"gold_loss":0},{"damage_healed":0,"gold_gain":0,"player_choice":"Obtained Relic","damage_taken":0,"relics_obtained":["Gremlin Horn"],"max_hp_gain":0,"max_hp_loss":0,"event_name":"Addict","floor":25,"gold_loss":85},{"damage_healed":0,"gold_gain":0,"player_choice":"Opened","damage_taken":0,"relics_obtained":["Pear"],"max_hp_gain":0,"max_hp_loss":0,"event_name":"The Mausoleum","floor":27,"gold_loss":0},{"damage_healed":0,"gold_gain":0,"player_choice":"Ignored","damage_taken":0,"max_hp_gain":0,"max_hp_loss":0,"event_name":"SecretPortal","floor":38,"gold_loss":0}],"is_beta":false,"boss_relics":[{"not_picked":["Calling Bell","Empty Cage"],"picked":"SlaversCollar"},{"not_picked":["Runic Cube","Cursed Key"],"picked":"Sozu"}],"items_purged_floors":[4,21,37,53],"is_endless":false,"potions_floor_spawned":[1,12,14,20,29,33,36,42,44,47,48,54],"ascension_level":0}}