{"host":"Jinnai","time":1613403940,"event":{"mods":["BaseMod","Block Reminder","Colored Map","Colored Powertips","Curses Come First","Highlight Path","Minty Spire (QoL Compilation)","Permanent Neow","Potion Indicator Mod","Quick Restart","Relic Stats","StSLib","ojb\u0027s Better Paths Mod","ojb\u0027s Info Mod"],"gold_per_floor":[109,125,145,155,3,38,38,69,69,94,111,386,406,39,39,115,115,135,10,21,21,40,40,40,54,54,83,83,97,97,132,132,205,205,216,262,277,291,301,326,340,360,386,417,417,442,75,100,100,100,100,100,100,59,94,94],"floor_reached":57,"language":"ENG","playtime":6288,"items_purged":["Strike_R","Regret","Strike_R"],"score":3008,"play_id":"4804096c-8bd8-4d24-b425-269a3b6f5de0","local_time":"20210215104540","is_ascension_mode":true,"campfire_choices":[{"data":"Shockwave","floor":7.0,"key":"SMITH"},{"data":"Flame Barrier","floor":15.0,"key":"SMITH"},{"data":"Feel No Pain","floor":23.0,"key":"SMITH"},{"floor":28.0,"key":"REST"},{"floor":32.0,"key":"REST"},{"floor":49.0,"key":"RECALL"},{"data":"Corruption","floor":53,"key":"SMITH"}],"circlet_count":0,"master_deck":["AscendersBane","Strike_R","Defend_R","Defend_R","Defend_R","Bash+1","Reaper+1","Armaments+1","Offering+1","Ghostly Armor","Dark Embrace","Flame Barrier+1","Shockwave+1","True Grit+1","Dropkick+1","Inflame","Shrug It Off+1","Feed","Feel No Pain+1","True Grit+1","Immolate","Power Through+1","Entrench+1","Spot Weakness+1","Necronomicurse","Infernal Blade+1","Reaper","Battle Trance+1","Shrug It Off+1","Flame Barrier+1","Corruption+1","Dual Wield+1","Spot Weakness+1","Feel No Pain","Pommel Strike+1","Dark Embrace","Limit Break+1"],"relics":["Astrolabe","Toxic Egg 2","Shuriken","Sundial","Darkstone Periapt","Lee\u0027s Waffle","Runic Cube","Regal Pillow","Gambling Chip","PreservedInsect","Necronomicon","Kunai","Coffee Dripper","Magic Flower","Bird Faced Urn","Molten Egg 2","Dead Branch","Mummified Hand","Whetstone","Pen Nib"],"acts_visited":["Exordium","TheCity","TheBeyond","TheEnding"],"potions_floor_usage":[56,56],"damage_taken":[{"damage":7.0,"enemies":"2 Louse","floor":1.0,"turns":3.0},{"damage":6.0,"enemies":"Cultist","floor":2.0,"turns":2.0},{"damage":6.0,"enemies":"Small Slimes","floor":3.0,"turns":2.0},{"damage":9.0,"enemies":"3 Louse","floor":4.0,"turns":5.0},{"damage":43.0,"enemies":"Lagavulin","floor":6.0,"turns":6.0},{"damage":16.0,"enemies":"3 Sentries","floor":8.0,"turns":8.0},{"damage":24.0,"enemies":"Gremlin Nob","floor":10.0,"turns":4.0},{"damage":9.0,"enemies":"Looter","floor":11.0,"turns":4.0},{"damage":18.0,"enemies":"Large Slime","floor":13.0,"turns":6.0},{"damage":52.0,"enemies":"The Guardian","floor":16.0,"turns":16.0},{"damage":12.0,"enemies":"3 Byrds","floor":18.0,"turns":4.0},{"damage":15.0,"enemies":"2 Thieves","floor":20.0,"turns":4.0},{"damage":12.0,"enemies":"Cultist and Chosen","floor":22.0,"turns":7.0},{"damage":23.0,"enemies":"Snecko","floor":25.0,"turns":12.0},{"damage":26.0,"enemies":"Slavers","floor":27.0,"turns":6.0},{"damage":34.0,"enemies":"Centurion and Healer","floor":29.0,"turns":6.0},{"damage":7.0,"enemies":"Gremlin Leader","floor":31.0,"turns":5.0},{"damage":95.0,"enemies":"Champ","floor":33.0,"turns":16.0},{"damage":6.0,"enemies":"Orb Walker","floor":35.0,"turns":4.0},{"damage":46.0,"enemies":"2 Orb Walkers","floor":36.0,"turns":6.0},{"damage":38.0,"enemies":"3 Shapes","floor":37.0,"turns":2.0},{"damage":15.0,"enemies":"3 Darklings","floor":38.0,"turns":3.0},{"damage":12.0,"enemies":"Jaw Worm Horde","floor":39.0,"turns":4.0},{"damage":43.0,"enemies":"Nemesis","floor":40.0,"turns":11.0},{"damage":10.0,"enemies":"Sphere and 2 Shapes","floor":41.0,"turns":4.0},{"damage":27.0,"enemies":"Transient","floor":42.0,"turns":6.0},{"damage":45.0,"enemies":"Reptomancer","floor":44.0,"turns":6.0},{"damage":54.0,"enemies":"Mind Bloom Boss Battle","floor":46.0,"turns":8.0},{"damage":15.0,"enemies":"Giant Head","floor":48.0,"turns":7.0},{"damage":9.0,"enemies":"Donu and Deca","floor":50.0,"turns":3.0},{"damage":61,"enemies":"Awakened One","floor":51,"turns":6},{"damage":33,"enemies":"Shield and Spear","floor":55,"turns":5},{"damage":96,"enemies":"The Heart","floor":56,"turns":7}],"seed_played":"1381288506349901380","potions_obtained":[{"floor":1.0,"key":"Weak Potion"},{"floor":6.0,"key":"AttackPotion"},{"floor":8.0,"key":"GamblersBrew"},{"floor":11.0,"key":"Fire Potion"},{"floor":22.0,"key":"LiquidBronze"},{"floor":27.0,"key":"LiquidBronze"},{"floor":29.0,"key":"EssenceOfSteel"},{"floor":40.0,"key":"GamblersBrew"},{"floor":42.0,"key":"HeartOfIron"}],"is_trial":false,"path_per_floor":["M","M","M","M","$","E","R","E","T","E","M","?","M","$","R","B",null,"M","$","M","?","M","R","$","M","T","E","R","M","?","E","R","B",null,"M","?","M","M","M","E","M","M","T","E","?","?","$","E","R","B","B",null,"R","$","E","B",null],"character_chosen":"IRONCLAD","items_purchased":["Shockwave","Lee\u0027s Waffle","Feel No Pain","True Grit+1","Mummified Hand","Feel No Pain","Dark Embrace"],"campfire_rested":2,"item_purchase_floors":[5,14,14,14,47,47,54],"current_hp_per_floor":[67,68,72,69,69,33,33,27,27,12,10,16,5,88,88,49,81,72,72,57,57,58,58,58,48,48,39,85,55,40,67,115,72,104,115,73,40,97,122,116,112,120,120,125,125,129,129,129,129,137,140,140,140,140,127,140],"gold":94,"neow_bonus":"BOSS_RELIC","is_daily":false,"chose_seed":false,"campfire_upgraded":4,"win_rate":0.0,"timestamp":1613403940,"path_taken":["M","M","M","M","$","E","R","E","T","E","M","?","M","$","R","BOSS","M","$","?","?","M","R","?","M","T","E","R","M","?","E","R","BOSS","M","?","M","M","M","E","M","M","T","E","?","?","$","E","R","BOSS","BOSS","R","$","E","BOSS"],"items_purchased_type":["Card","Relic","Card","Card","Relic","Card","Card"],"build_version":"2020-12-18","purchased_purges":3,"victory":true,"max_hp_per_floor":[75,75,75,75,75,75,75,75,75,75,75,81,81,88,88,92,92,95,95,95,95,98,98,98,102,102,105,105,109,115,115,115,115,115,115,119,122,122,122,125,125,125,125,125,125,129,129,129,129,137,140,140,140,140,143,143],"relic_stats":{"Darkstone Periapt":12,"Lee\u0027s Waffle":83,"Regal Pillow":29,"counters":[33,198],"Astrolabe":["Reaper","Armaments","Offering"],"Dead Branch":[134],"Magic Flower":[120],"PreservedInsect":365,"Pen Nib":[1],"Whetstone":["Bash","Dropkick"],"Shuriken":[34],"Sundial":[34],"Mummified Hand":[63],"Gambling Chip":[48],"Bird Faced Urn":[110],"Necronomicon":[51],"Kunai":[27],"obtain_stats":[{"Darkstone Periapt":10,"Lee\u0027s Waffle":14,"Regal Pillow":21,"Astrolabe":0,"Dead Branch":46,"Magic Flower":36,"PreservedInsect":27,"Pen Nib":55,"Whetstone":48,"Burning Blood":0,"Shuriken":8,"Sundial":9,"Mummified Hand":47,"Gambling Chip":26,"Bird Faced Urn":40,"Molten Egg 2":44,"Necronomicon":30,"Coffee Dripper":34,"Kunai":31,"Toxic Egg 2":6,"Runic Cube":17},{"Darkstone Periapt":7,"Lee\u0027s Waffle":9,"Regal Pillow":12,"Astrolabe":0,"Dead Branch":28,"Magic Flower":20,"PreservedInsect":15,"Pen Nib":32,"Whetstone":29,"Burning Blood":0,"Shuriken":6,"Sundial":6,"Mummified Hand":28,"Gambling Chip":14,"Bird Faced Urn":24,"Molten Egg 2":27,"Necronomicon":16,"Coffee Dripper":18,"Kunai":17,"Toxic Egg 2":5,"Runic Cube":10},{"Darkstone Periapt":30,"Lee\u0027s Waffle":40,"Regal Pillow":64,"Astrolabe":0,"Dead Branch":170,"Magic Flower":126,"PreservedInsect":89,"Pen Nib":191,"Whetstone":177,"Burning Blood":0,"Shuriken":26,"Sundial":26,"Mummified Hand":170,"Gambling Chip":83,"Bird Faced Urn":146,"Molten Egg 2":162,"Necronomicon":95,"Coffee Dripper":116,"Kunai":100,"Toxic Egg 2":18,"Runic Cube":56}],"Runic Cube":[93]},"card_choices":[{"not_picked":["Fire Breathing","Clothesline"],"picked":"Pommel Strike","floor":1.0},{"not_picked":["Rage","Armaments"],"picked":"Ghostly Armor","floor":2.0},{"not_picked":["Havoc","Armaments"],"picked":"Dark Embrace","floor":3.0},{"not_picked":["Blood for Blood","Pummel"],"picked":"Flame Barrier","floor":4.0},{"not_picked":["Heavy Blade","Cleave"],"picked":"True Grit+1","floor":6.0},{"not_picked":["Blood for Blood","Clash"],"picked":"Dropkick","floor":8.0},{"not_picked":["Second Wind+1","True Grit+1"],"picked":"Inflame","floor":10.0},{"not_picked":["Searing Blow","True Grit+1"],"picked":"Shrug It Off+1","floor":11.0},{"not_picked":["Whirlwind","Carnage"],"picked":"Feed","floor":13.0},{"not_picked":["Brutality","Fiend Fire"],"picked":"Immolate","floor":16.0},{"not_picked":["Flex+1","Intimidate+1","Combust"],"picked":"SKIP","floor":18.0},{"not_picked":["Clothesline","Perfected Strike"],"picked":"Power Through+1","floor":20.0},{"not_picked":["Combust","Heavy Blade"],"picked":"Entrench+1","floor":22.0},{"not_picked":["Rupture","Combust","Headbutt"],"picked":"SKIP","floor":25.0},{"not_picked":["Rage+1","Brutality"],"picked":"Spot Weakness+1","floor":27.0},{"not_picked":["Combust+1","Armaments+1","Evolve"],"picked":"SKIP","floor":29.0},{"not_picked":["Iron Wave+1","Headbutt"],"picked":"Infernal Blade+1","floor":31.0},{"not_picked":["Feed","Immolate"],"picked":"Reaper","floor":33.0},{"not_picked":["Fire Breathing","Flex+1","Pommel Strike"],"picked":"SKIP","floor":35.0},{"not_picked":["Anger+1","Dark Embrace"],"picked":"Battle Trance+1","floor":37.0},{"not_picked":["Thunderclap","Combust+1"],"picked":"Shrug It Off+1","floor":38.0},{"not_picked":["Perfected Strike","Cleave","Uppercut"],"picked":"SKIP","floor":39.0},{"not_picked":["Combust","Sentinel+1","Wild Strike+1"],"picked":"SKIP","floor":40.0},{"not_picked":["Clothesline","Entrench+1"],"picked":"Flame Barrier+1","floor":41.0},{"not_picked":["Infernal Blade+1","Armaments+1"],"picked":"Corruption","floor":42.0},{"not_picked":["Seeing Red+1","Clothesline+1"],"picked":"Dual Wield+1","floor":44.0},{"not_picked":["Ghostly Armor+1","Dark Embrace"],"picked":"Spot Weakness+1","floor":46.0},{"not_picked":["Armaments+1","Reckless Charge+1"],"picked":"Pommel Strike+1","floor":48.0},{"not_picked":["Seeing Red+1","Searing Blow+1"],"picked":"Limit Break+1","floor":55}],"player_experience":1738866,"relics_obtained":[{"floor":6.0,"key":"Toxic Egg 2"},{"floor":8.0,"key":"Shuriken"},{"floor":9.0,"key":"Sundial"},{"floor":10.0,"key":"Darkstone Periapt"},{"floor":26.0,"key":"Gambling Chip"},{"floor":27.0,"key":"PreservedInsect"},{"floor":30.0,"key":"Necronomicon"},{"floor":31.0,"key":"Kunai"},{"floor":36.0,"key":"Magic Flower"},{"floor":40.0,"key":"Bird Faced Urn"},{"floor":44.0,"key":"Molten Egg 2"},{"floor":46.0,"key":"Dead Branch"},{"floor":48.0,"key":"Whetstone"},{"floor":55,"key":"Pen Nib"}],"event_choices":[{"damage_healed":0.0,"max_hp_gain":0.0,"max_hp_loss":0.0,"gold_gain":275.0,"event_name":"Golden Shrine","player_choice":"Desecrate","floor":12.0,"gold_loss":0.0,"damage_taken":0.0,"cards_obtained":["Regret"]},{"cards_removed":["Pommel Strike"],"damage_healed":0.0,"max_hp_gain":0.0,"max_hp_loss":0.0,"gold_gain":0.0,"event_name":"WeMeetAgain","player_choice":"Gave Card","floor":21.0,"gold_loss":0.0,"damage_taken":0.0,"relics_obtained":["Regal Pillow"]},{"damage_healed":0.0,"max_hp_gain":0.0,"max_hp_loss":0.0,"gold_gain":0.0,"event_name":"Cursed Tome","player_choice":"Obtained Book","floor":30.0,"gold_loss":0.0,"damage_taken":21.0},{"damage_healed":0.0,"max_hp_gain":0.0,"max_hp_loss":0.0,"gold_gain":0.0,"event_name":"Mysterious Sphere","player_choice":"Fight","floor":36.0,"gold_loss":0.0,"damage_taken":0.0},{"damage_healed":0.0,"max_hp_gain":0.0,"max_hp_loss":0.0,"gold_gain":0.0,"event_name":"Tomb of Lord Red Mask","player_choice":"Ignored","floor":45.0,"gold_loss":0.0,"damage_taken":0.0},{"damage_healed":0.0,"max_hp_gain":0.0,"max_hp_loss":0.0,"gold_gain":0.0,"event_name":"MindBloom","player_choice":"Fight","floor":46.0,"gold_loss":0.0,"damage_taken":0.0}],"is_beta":true,"boss_relics":[{"not_picked":["SacredBark","Ectoplasm"],"picked":"Runic Cube"},{"not_picked":["Pandora\u0027s Box","Busted Crown"],"picked":"Coffee Dripper"}],"items_purged_floors":[5,14,19],"is_endless":false,"potions_floor_spawned":[1,6,8,11,22,27,29,33,36,38,40,42,46],"ascension_level":20}}