{"host":"6dypmz777xraikqf","time":1613409008,"event":{"mods":["AchievementEnabler","BaseMod","BetterRewards","Colored Map","Colored Powertips","Downfall","Highlight Path","Hubris","Infinite Spire","Minty Spire (QoL Compilation)","Replay The Spire","StSLib"],"gold_per_floor":[117,129,129,129,145,145,181,205,205,244,268,268,287,321,321,411,411,436,451,164,164,189,189,189],"floor_reached":23,"language":"ENG","playtime":1890,"items_purged":["Bash"],"score":625,"play_id":"a8650866-d0db-4bf7-822e-3c490b2e878a","local_time":"20210215171008","is_ascension_mode":true,"campfire_choices":[{"data":"Armaments","floor":6,"key":"SMITH"},{"data":"Eclipse","floor":12,"key":"SMITH"},{"floor":15,"key":"REST"}],"circlet_count":0,"master_deck":["AscendersBane","Strike_R","Strike_R+1","Strike_R","Strike_R+1","Defend_R","Defend_R","Defend_R","Defend_R","Armaments+1","Ghostly Armor","Whirlwind","Limit Break","Armaments","Eclipse+1","ReplayTheSpireMod:Strike From Hell","ReplayTheSpireMod:Stacked","True Grit","Eclipse","AbeCurse","Reaper","Defy Death","Shrug It Off"],"relics":["Burning Blood","Simple Rune","Prayer Wheel","Strawberry","Golden Idol","infinitespire:Broken Mirror","Garlic","infinitespire:BottledMercury","infinitespire:Satchel","Abe\u0027s Treasure","Iron Hammer"],"acts_visited":["Exordium","TheCity"],"potions_floor_usage":[7,14,14,14,14,22,23],"damage_taken":[{"damage":7,"enemies":"Small Slimes","floor":1,"turns":5},{"damage":10,"enemies":"2 Louse","floor":2,"turns":3},{"damage":0,"enemies":"Cultist","floor":5,"turns":5},{"damage":29,"enemies":"Gremlin Nob","floor":7,"turns":4},{"damage":0,"enemies":"3 Louse","floor":8,"turns":1},{"damage":6,"enemies":"Replay:BlueRogue","floor":10,"turns":7},{"damage":5,"enemies":"Exordium Thugs","floor":11,"turns":4},{"damage":20,"enemies":"Gremlin Gang","floor":13,"turns":5},{"damage":0,"enemies":"Gremlin Nob","floor":14,"turns":2},{"damage":7,"enemies":"Hexaghost","floor":16,"turns":9},{"damage":0,"enemies":"Spheric Guardian","floor":18,"turns":6},{"damage":1,"enemies":"2 Thieves","floor":19,"turns":2},{"damage":33,"enemies":"Cultist and Chosen","floor":22,"turns":9},{"damage":67,"enemies":"Nightmare","floor":23,"turns":11}],"seed_played":"-3062047860838018437","potions_obtained":[{"floor":1,"key":"Venom Potion"},{"floor":5,"key":"AttackPotion"},{"floor":7,"key":"Toxic Potion"},{"floor":8,"key":"SteroidPotion"},{"floor":11,"key":"EntropicBrew"},{"floor":13,"key":"Swift Potion"},{"floor":19,"key":"Toxic Potion"},{"floor":22,"key":"ElixirPotion"}],"is_trial":false,"path_per_floor":["M","M","?","?","M","R","E","M","T","E","M","R","M","E","R","B",null,"M","M","$","?","M","NM"],"character_chosen":"IRONCLAD","items_purchased":["Simple Rune","Armaments","Strawberry","Iron Hammer"],"campfire_rested":1,"item_purchase_floors":[0,0,0,20],"current_hp_per_floor":[58,54,54,54,60,60,37,43,43,43,44,44,30,36,58,57,70,74,74,74,74,51,0,0],"gold":189,"neow_bonus":"","is_daily":false,"chose_seed":false,"campfire_upgraded":2,"win_rate":0.0,"timestamp":1613409008,"path_taken":["M","M","?","?","M","R","E","M","T","E","?","R","M","E","R","BOSS","M","M","$","?","M","NM"],"items_purchased_type":["Relic","Card","Relic","Relic"],"build_version":"2020-12-22","purchased_purges":1,"victory":false,"max_hp_per_floor":[82,82,74,74,74,74,74,74,74,74,74,74,74,74,74,74,74,74,74,74,74,74,74,74],"card_choices":[{"not_picked":["Sever Soul","Sword Boomerang"],"picked":"Ghostly Armor","floor":1},{"not_picked":["Body Slam","Headbutt","Pommel Strike"],"picked":"SKIP","floor":1},{"not_picked":["Pommel Strike","hubris:ReadiedAction"],"picked":"Whirlwind","floor":2},{"not_picked":["Heavy Blade","Rage","Pommel Strike"],"picked":"SKIP","floor":2},{"not_picked":["Wild Strike","Feel No Pain"],"picked":"Armaments","floor":5},{"not_picked":["Pommel Strike","ReplayTheSpireMod:Corrosion Curse","Warcry"],"picked":"SKIP","floor":5},{"not_picked":["Thunderclap","Clash","hubris:ReadiedAction"],"picked":"SKIP","floor":7},{"not_picked":["Warcry","Dropkick"],"picked":"Eclipse","floor":8},{"not_picked":["Clothesline","hubris:ReadiedAction"],"picked":"ReplayTheSpireMod:Strike From Hell","floor":8},{"not_picked":["Body Slam","Iron Wave"],"picked":"ReplayTheSpireMod:Stacked","floor":10},{"not_picked":["Sentinel","Warcry"],"picked":"True Grit","floor":11},{"not_picked":["Headbutt","Havoc","Run Through"],"picked":"SKIP","floor":11},{"not_picked":["hubris:ReadiedAction","Combust"],"picked":"Eclipse","floor":13},{"not_picked":["Sword Boomerang","Twin Strike","Headbutt"],"picked":"SKIP","floor":13},{"not_picked":["Metallicize","Blood for Blood","Reckless Charge"],"picked":"SKIP","floor":14},{"not_picked":["Flex","Warcry","Wild Strike"],"picked":"SKIP","floor":18},{"not_picked":["Perfected Strike","hubris:ReadiedAction","Twin Strike"],"picked":"SKIP","floor":18},{"not_picked":["Dropkick","ReplayTheSpireMod:Strike From Hell"],"picked":"Reaper","floor":19},{"not_picked":["Massacre+1","hubris:SharpeningStone+1","Havoc"],"picked":"SKIP","floor":19},{"not_picked":["Run Through","ReplayTheSpireMod:Corrosion Curse"],"picked":"Defy Death","floor":22},{"not_picked":["Thunderclap","Flex"],"picked":"Shrug It Off","floor":22}],"player_experience":235548,"relics_obtained":[{"floor":7,"key":"infinitespire:Broken Mirror"},{"floor":9,"key":"Garlic"},{"floor":10,"key":"infinitespire:BottledMercury"},{"floor":14,"key":"infinitespire:Satchel"}],"event_choices":[{"damage_healed":0,"gold_gain":0,"player_choice":"Lose Max HP","damage_taken":0,"relics_obtained":["Golden Idol"],"max_hp_gain":0,"max_hp_loss":8,"event_name":"Golden Idol","floor":3,"gold_loss":0},{"damage_healed":0,"gold_gain":0,"cards_transformed":["Strike_R"],"player_choice":"Transformed","damage_taken":0,"max_hp_gain":0,"max_hp_loss":0,"event_name":"Transmorgrifier","floor":4,"gold_loss":0,"cards_obtained":["Limit Break"]}],"is_beta":false,"boss_relics":[{"not_picked":["Pandora\u0027s Box","hubris:Stopwatch"],"picked":"Abe\u0027s Treasure"}],"items_purged_floors":[0],"is_endless":false,"potions_floor_spawned":[1,5,7,8,11,13,19,22],"killed_by":"Nightmare","ascension_level":17}}