{"host":"hbvn1mkfq2iixsau","time":1613395628,"event":{"mods":["AchievementEnabler","Act Like it!","BaseMod","Better Altar","Better Match","Better Sensory Stone","Better Skull","Better Third Choice","Colored Map","Minty Spire (QoL Compilation)","Quick Restart","Relic Stats","Shop Mod","StSLib"],"gold_per_floor":[118,118,118,143,68,68,101,101,101,140,140,140,179,198,198,198,198],"floor_reached":16,"language":"ENG","playtime":488,"items_purged":["Regret"],"score":148,"play_id":"5f62bf36-b090-4aa3-89db-4222e2e90049","local_time":"20210215152708","is_ascension_mode":true,"campfire_choices":[{"data":"Seeing Red","floor":6,"key":"SMITH"},{"data":"Fiend Fire","floor":8,"key":"SMITH"},{"floor":15,"key":"RECALL"}],"circlet_count":0,"master_deck":["Strike_R","Strike_R","Strike_R","Strike_R","Strike_R","Defend_R","Defend_R","Defend_R","Defend_R","Bash","Shrug It Off+1","Seeing Red+1","Fiend Fire+1","Shrug It Off"],"relics":["Burning Blood","NeowsBlessing","Golden Idol","Regal Pillow","Ice Cream","Mummified Hand","Tiny Chest","Smiling Mask"],"acts_visited":["Exordium"],"potions_floor_usage":[10],"damage_taken":[{"damage":0,"enemies":"Small Slimes","floor":1,"turns":1},{"damage":0,"enemies":"Jaw Worm","floor":4,"turns":1},{"damage":0,"enemies":"Gremlin Nob","floor":7,"turns":1},{"damage":9,"enemies":"3 Sentries","floor":10,"turns":8},{"damage":21,"enemies":"Lagavulin","floor":13,"turns":7},{"damage":1,"enemies":"Cultist","floor":14,"turns":3},{"damage":0,"enemies":"Slime Boss","floor":16,"turns":3}],"seed_played":"-5180818160436569354","potions_obtained":[{"floor":1,"key":"Fire Potion"},{"floor":14,"key":"Dexterity Potion"}],"is_trial":false,"path_per_floor":["M","?","?","M","$","R","E","R","T","E","?","$","E","M","R","B"],"character_chosen":"IRONCLAD","items_purchased":[],"campfire_rested":0,"item_purchase_floors":[],"current_hp_per_floor":[80,60,60,66,66,66,72,72,72,69,69,69,54,59,59,59,59],"gold":198,"neow_bonus":"THREE_ENEMY_KILL","is_daily":false,"chose_seed":false,"campfire_upgraded":2,"win_rate":0.0,"timestamp":1613395628,"path_taken":["M","?","?","?","?","R","E","R","T","E","?","$","E","M","R","BOSS"],"items_purchased_type":[],"build_version":"2020-12-22","purchased_purges":1,"victory":false,"max_hp_per_floor":[80,80,80,80,80,80,80,80,80,80,80,80,80,80,80,80,80],"relic_stats":{"Regal Pillow":0,"counters":[7,24],"Golden Idol":32,"Mummified Hand":[0],"Tiny Chest":0,"Smiling Mask":0,"obtain_stats":[{"Ice Cream":7,"Regal Pillow":3,"NeowsBlessing":0,"Golden Idol":2,"Mummified Hand":9,"Tiny Chest":10,"Smiling Mask":13,"Burning Blood":0},{"Ice Cream":3,"Regal Pillow":1,"NeowsBlessing":0,"Golden Idol":1,"Mummified Hand":3,"Tiny Chest":4,"Smiling Mask":5,"Burning Blood":0},{"Ice Cream":3,"Regal Pillow":1,"NeowsBlessing":0,"Golden Idol":1,"Mummified Hand":3,"Tiny Chest":11,"Smiling Mask":18,"Burning Blood":0}],"Burning Blood":30},"card_choices":[{"not_picked":["Combust","Warcry"],"picked":"Shrug It Off","floor":1},{"not_picked":["Iron Wave","Bludgeon"],"picked":"Seeing Red","floor":4},{"not_picked":["Hemokinesis","True Grit"],"picked":"Fiend Fire","floor":7},{"not_picked":["Cleave","Hemokinesis","Sword Boomerang"],"picked":"SKIP","floor":10},{"not_picked":["True Grit","Anger","Sword Boomerang"],"picked":"SKIP","floor":13},{"not_picked":["Clothesline","Sword Boomerang"],"picked":"Shrug It Off","floor":14}],"player_experience":254741,"relics_obtained":[{"floor":7,"key":"Ice Cream"},{"floor":9,"key":"Mummified Hand"},{"floor":10,"key":"Tiny Chest"},{"floor":13,"key":"Smiling Mask"}],"event_choices":[{"damage_healed":0,"gold_gain":0,"player_choice":"Take Damage","damage_taken":20,"relics_obtained":["Golden Idol"],"max_hp_gain":0,"max_hp_loss":0,"event_name":"Golden Idol","floor":2,"gold_loss":0},{"damage_healed":0,"gold_gain":0,"player_choice":"Box","damage_taken":0,"relics_obtained":["Regal Pillow"],"max_hp_gain":0,"max_hp_loss":0,"event_name":"Big Fish","floor":3,"gold_loss":0,"cards_obtained":["Regret"]},{"damage_healed":0,"gold_gain":0,"player_choice":"Grow","damage_taken":0,"max_hp_gain":0,"max_hp_loss":0,"event_name":"Living Wall","floor":11,"gold_loss":0,"cards_upgraded":["Shrug It Off"]}],"is_beta":false,"boss_relics":[],"items_purged_floors":[5],"is_endless":false,"potions_floor_spawned":[1,14],"killed_by":"Slime Boss","ascension_level":1}}