{"host":"gzsdmyo07u314vug","time":1613389943,"event":{"mods":["2.2 Compatiblity","Astrologer","BaseMod","Colored Powertips","GifTheSpireLib","Gremlin Mod","Hermit","Jorbs\u0027s Wanderer Trilogy","Minty Spire (QoL Compilation)","Quick Restart","Rare Cards Sparkle","Relic Stats","Replay The Spire","Robot Space Explorer","Shop Mod","StSLib","The Bladedancer","The Bug Knight","The Construct","The Cursed","The Elementalist","The Hierophant","The IronCluck","The Marked","The Necromancer","The Runesmith","The Servant 0.9.4","Unceasing Turn Reminder","everything is the same but u backflip on backflip","slay the spire mod where everything is the same but ironclad has a cowboy hat"],"gold_per_floor":[89,92,92,131,146,157,175,175,175,175,30,47,92,141,141,33,33],"floor_reached":16,"language":"ENG","playtime":727,"items_purged":[],"score":205,"play_id":"371d5de7-5696-4559-be3f-3e8b245c11fa","local_time":"20210215085223","is_ascension_mode":true,"campfire_choices":[{"floor":10,"key":"REST"},{"floor":15,"key":"REST"}],"circlet_count":0,"master_deck":["hierophant:Strike_Hierophant","hierophant:Strike_Hierophant","hierophant:Strike_Hierophant","hierophant:Strike_Hierophant","hierophant:Punish","hierophant:Defend_Hierophant","hierophant:Defend_Hierophant","hierophant:Defend_Hierophant","hierophant:Defend_Hierophant","hierophant:ChurchCoffers","hierophant:WrathOfGod+1","hierophant:Embezzle+1","hierophant:RustyCrate","hierophant:Doubloon","hierophant:Doubloon","hierophant:OrnateBuckler","hierophant:Refuge","hierophant:Encroach","hierophant:Exaltation+1","hierophant:Doubloon","hierophant:Remorse","hierophant:Community"],"relics":["hierophant:PropheticMaskRelic","Golden Idol","Matryoshka","Oddly Smooth Stone","Pen Nib","Guide Book","Onion Ring"],"acts_visited":["Exordium"],"potions_floor_usage":[4,13,13],"damage_taken":[{"damage":14,"enemies":"2 Louse","floor":1,"turns":2},{"damage":0,"enemies":"Small Slimes","floor":2,"turns":2},{"damage":2,"enemies":"Jaw Worm","floor":4,"turns":2},{"damage":10,"enemies":"2 Fungi Beasts","floor":5,"turns":1},{"damage":5,"enemies":"3 Sentries","floor":6,"turns":2},{"damage":10,"enemies":"3 Louse","floor":7,"turns":1},{"damage":2,"enemies":"Large Slime","floor":12,"turns":5},{"damage":9,"enemies":"Lagavulin","floor":13,"turns":7},{"damage":9,"enemies":"Looter","floor":14,"turns":3}],"seed_played":"-3789184690439007562","potions_obtained":[{"floor":2,"key":"Fire Potion"},{"floor":5,"key":"Weak Potion"},{"floor":12,"key":"SneckoOil"},{"floor":13,"key":"SteroidPotion"}],"is_trial":false,"path_per_floor":["M","M","?","M","M","E","M","?","T","R","$","M","E","M","R","B"],"character_chosen":"HIEROPHANT","items_purchased":["Guide Book"],"campfire_rested":2,"item_purchase_floors":[11],"current_hp_per_floor":[61,61,43,41,31,26,16,16,16,38,38,36,27,18,40,0,0],"gold":33,"neow_bonus":"ONE_RANDOM_RARE_CARD","is_daily":false,"chose_seed":false,"campfire_upgraded":0,"win_rate":0.0,"timestamp":1613389943,"path_taken":["M","M","?","M","M","E","M","?","T","R","$","M","E","M","R","BOSS"],"items_purchased_type":["Relic"],"build_version":"2020-12-22","purchased_purges":0,"victory":false,"max_hp_per_floor":[75,75,75,75,75,75,75,75,75,75,75,75,75,75,75,75,75],"relic_stats":{"counters":[10,37],"Golden Idol":30,"Pen Nib":[2],"obtain_stats":[{"Matryoshka":6,"Golden Idol":3,"hierophant:PropheticMaskRelic":0,"Guide Book":11,"Oddly Smooth Stone":9,"Onion Ring":13,"Pen Nib":9},{"Matryoshka":5,"Golden Idol":2,"hierophant:PropheticMaskRelic":0,"Guide Book":6,"Oddly Smooth Stone":6,"Onion Ring":8,"Pen Nib":6},{"Matryoshka":9,"Golden Idol":4,"hierophant:PropheticMaskRelic":0,"Guide Book":10,"Oddly Smooth Stone":10,"Onion Ring":22,"Pen Nib":10}]},"card_choices":[{"not_picked":["hierophant:AuricBeam","hierophant:DisplayOfPower"],"picked":"hierophant:Embezzle","floor":1},{"not_picked":["hierophant:Encroach","hierophant:HolyVerse"],"picked":"hierophant:RustyCrate","floor":2},{"not_picked":["hierophant:Smite","hierophant:Community","hierophant:AuricBeam"],"picked":"SKIP","floor":4},{"not_picked":["hierophant:Encroach","hierophant:Racketeering"],"picked":"hierophant:OrnateBuckler","floor":5},{"not_picked":["hierophant:Blessing","hierophant:MorningPrayer"],"picked":"hierophant:Refuge","floor":6},{"not_picked":["hierophant:Purify","hierophant:OrnateJavelin"],"picked":"hierophant:Encroach","floor":7},{"not_picked":["hierophant:AuricBeam","hierophant:Martyrdom"],"picked":"hierophant:Remorse","floor":12},{"not_picked":["hierophant:HolyVerse","hierophant:CursedGold","hierophant:DisplayOfPower"],"picked":"SKIP","floor":13},{"not_picked":["hierophant:Blessing","hierophant:Bribe"],"picked":"hierophant:Community","floor":14}],"player_experience":900545,"relics_obtained":[{"floor":6,"key":"Matryoshka"},{"floor":9,"key":"Oddly Smooth Stone"},{"floor":9,"key":"Pen Nib"},{"floor":13,"key":"Onion Ring"}],"event_choices":[{"damage_healed":0,"gold_gain":0,"player_choice":"Take Damage","damage_taken":18,"relics_obtained":["Golden Idol"],"max_hp_gain":0,"max_hp_loss":0,"event_name":"Golden Idol","floor":3,"gold_loss":0}],"is_beta":false,"boss_relics":[],"items_purged_floors":[],"is_endless":false,"potions_floor_spawned":[2,5,12,13],"killed_by":"The Guardian","ascension_level":5}}