{"host":"o88u0awh8mkwl1l8","time":1613379156,"event":{"mods":["BaseMod","Colored Map","Highlight Path","Minty Spire (QoL Compilation)"],"gold_per_floor":[11,30,50,50,66,101,101,118,142,67,92,92,92,122,122,200,200,210,110,128,138,13,46,46,46,46,46,46,46,61,71,71,150,150,170,170,183,1182,611,611,631,683,762,776,808,823,823,315,315,315,315],"floor_reached":50,"language":"JPN","playtime":3193,"items_purged":["Strike_P","Defend_P","Strike_P","Normality","Defend_P+1"],"score":1195,"play_id":"224fce3c-be9f-45f8-ac9f-77c647e4a606","local_time":"20210215175236","is_ascension_mode":true,"campfire_choices":[{"floor":7.0,"key":"REST"},{"floor":12.0,"key":"REST"},{"floor":15.0,"key":"REST"},{"floor":24.0,"key":"REST"},{"floor":27.0,"key":"REST"},{"data":"MasterReality","floor":32.0,"key":"SMITH"},{"data":"Normality","floor":40.0,"key":"PURGE"},{"floor":49,"key":"RECALL"}],"circlet_count":0,"master_deck":["AscendersBane","Strike_P+1","Defend_P+1","Defend_P+1","Eruption","Vigilance","LessonLearned+1","Protect+1","FollowUp+1","BattleHymn+1","Wallop","MentalFortress+1","BowlingBash+1","Protect+1","MasterReality+1","J.A.X.+1","ClearTheMind+1","Ghostly","Ghostly","Ghostly+1","Indignation","FearNoEvil","Thinking Ahead"],"relics":["PureWater","Centennial Puzzle","Ancient Tea Set","Nunchaku","Dream Catcher","Busted Crown","Shuriken","Mummified Hand","VioletLotus","Membership Card","Peace Pipe","Thread and Needle","Shovel","Sundial","Akabeko","StoneCalendar","Calipers"],"acts_visited":["Exordium","TheCity","TheBeyond"],"potions_floor_usage":[45,45,45],"damage_taken":[{"damage":7.0,"enemies":"Jaw Worm","floor":1.0,"turns":3.0},{"damage":0.0,"enemies":"Small Slimes","floor":2.0,"turns":7.0},{"damage":1.0,"enemies":"Cultist","floor":3.0,"turns":6.0},{"damage":0.0,"enemies":"Lots of Slimes","floor":5.0,"turns":2.0},{"damage":8.0,"enemies":"3 Sentries","floor":6.0,"turns":10.0},{"damage":6.0,"enemies":"Exordium Wildlife","floor":8.0,"turns":3.0},{"damage":50.0,"enemies":"Gremlin Nob","floor":11.0,"turns":4.0},{"damage":0.0,"enemies":"Lagavulin","floor":14.0,"turns":7.0},{"damage":30.0,"enemies":"The Guardian","floor":16.0,"turns":12.0},{"damage":1.0,"enemies":"Shell Parasite","floor":18.0,"turns":4.0},{"damage":16.0,"enemies":"2 Thieves","floor":20.0,"turns":5.0},{"damage":4.0,"enemies":"Snecko","floor":21.0,"turns":5.0},{"damage":27.0,"enemies":"Gremlin Leader","floor":23.0,"turns":5.0},{"damage":5.0,"enemies":"Cultist and Chosen","floor":30.0,"turns":4.0},{"damage":8.0,"enemies":"Snake Plant","floor":31.0,"turns":6.0},{"damage":4.0,"enemies":"Collector","floor":33.0,"turns":7.0},{"damage":4.0,"enemies":"3 Darklings","floor":35.0,"turns":5.0},{"damage":4.0,"enemies":"3 Shapes","floor":37.0,"turns":4.0},{"damage":3.0,"enemies":"Maw","floor":41.0,"turns":8.0},{"damage":1.0,"enemies":"2 Orb Walkers","floor":42.0,"turns":4.0},{"damage":1.0,"enemies":"Spire Growth","floor":44.0,"turns":6.0},{"damage":3,"enemies":"Reptomancer","floor":45,"turns":3},{"damage":5,"enemies":"Transient","floor":46,"turns":6},{"damage":20,"enemies":"Donu and Deca","floor":50,"turns":1}],"seed_played":"-4243076266026226282","potions_obtained":[{"floor":1.0,"key":"Explosive Potion"},{"floor":3.0,"key":"SteroidPotion"},{"floor":11.0,"key":"LiquidBronze"},{"floor":16.0,"key":"LiquidBronze"},{"floor":23.0,"key":"DuplicationPotion"},{"floor":30.0,"key":"EntropicBrew"},{"floor":46,"key":"LiquidBronze"}],"is_trial":false,"path_per_floor":["M","M","M","?","M","E","R","M","T","$","E","R","?","E","R","B",null,"M","$","M","M","$","E","R","?","T","R","?","$","M","M","R","B",null,"M","?","M","?","$","R","M","?","T","M","E","M","T","$","R","B"],"character_chosen":"WATCHER","items_purchased":["Membership Card","Peace Pipe","Thread and Needle","Thinking Ahead","StoneCalendar","Calipers"],"campfire_rested":5,"item_purchase_floors":[39,39,39,48,48,48],"current_hp_per_floor":[54,54,53,53,53,45,65,59,59,59,9,29,29,29,49,19,56,55,55,39,35,35,8,28,28,28,48,34,34,29,21,21,17,30,26,26,22,22,22,22,19,18,18,17,14,9,9,9,9,0,0],"gold":315,"neow_bonus":"THREE_RARE_CARDS","is_daily":false,"chose_seed":false,"campfire_upgraded":1,"win_rate":0.0,"timestamp":1613379156,"path_taken":["M","M","M","?","M","E","R","M","T","$","E","R","?","E","R","BOSS","M","?","?","M","$","E","R","?","T","R","?","?","M","M","R","BOSS","M","?","M","?","$","R","M","?","T","M","E","M","?","$","R","BOSS"],"items_purchased_type":["Relic","Relic","Relic","Card","Relic","Relic"],"build_version":"2020-12-22","purchased_purges":5,"victory":false,"max_hp_per_floor":[68,68,68,68,68,68,68,68,68,68,68,68,68,68,68,68,68,68,68,68,68,68,68,68,68,68,68,34,34,34,34,34,34,34,34,34,34,34,34,34,34,34,34,34,34,34,34,34,34,34,34],"card_choices":[{"not_picked":["MasterReality","Scrawl"],"picked":"LessonLearned","floor":0.0},{"not_picked":["EmptyBody","FollowUp"],"picked":"Protect","floor":1.0},{"not_picked":["JustLucky","Crescendo"],"picked":"FollowUp","floor":2.0},{"not_picked":["WreathOfFlame","SandsOfTime"],"picked":"BattleHymn","floor":3.0},{"not_picked":["Study","Swivel","Prostrate"],"picked":"SKIP","floor":5.0},{"not_picked":["Study","Swivel","Prostrate"],"picked":"SKIP","floor":5.0},{"not_picked":["Halt","WreathOfFlame"],"picked":"Wallop","floor":6.0},{"not_picked":["Evaluate","EmptyFist"],"picked":"MentalFortress","floor":8.0},{"not_picked":["Halt","Wish"],"picked":"BowlingBash","floor":11.0},{"not_picked":["Evaluate","WindmillStrike","Halt"],"picked":"SKIP","floor":14.0},{"not_picked":["Weave","PathToVictory"],"picked":"Protect","floor":15.0},{"not_picked":["Ragnarok","Devotion"],"picked":"MasterReality","floor":16.0},{"not_picked":["FollowUp"],"picked":"SKIP","floor":18.0},{"not_picked":["EmptyFist"],"picked":"SKIP","floor":20.0},{"not_picked":["Adaptation"],"picked":"SKIP","floor":21.0},{"not_picked":["Protect"],"picked":"SKIP","floor":23.0},{"not_picked":[],"picked":"ClearTheMind+1","floor":27.0},{"not_picked":["Consecrate"],"picked":"SKIP","floor":30.0},{"not_picked":[],"picked":"Indignation","floor":31.0},{"not_picked":["Protect+1"],"picked":"SKIP","floor":35.0},{"not_picked":[],"picked":"FearNoEvil","floor":37.0},{"not_picked":["WreathOfFlame"],"picked":"SKIP","floor":41.0},{"not_picked":["CrushJoints"],"picked":"SKIP","floor":44.0},{"not_picked":["WindmillStrike"],"picked":"SKIP","floor":45},{"not_picked":["Weave"],"picked":"SKIP","floor":46}],"player_experience":1248792,"relics_obtained":[{"floor":6.0,"key":"Centennial Puzzle"},{"floor":9.0,"key":"Ancient Tea Set"},{"floor":11.0,"key":"Nunchaku"},{"floor":14.0,"key":"Dream Catcher"},{"floor":23.0,"key":"Shuriken"},{"floor":26.0,"key":"Mummified Hand"},{"floor":42.0,"key":"Shovel"},{"floor":45,"key":"Sundial"},{"floor":47,"key":"Akabeko"}],"event_choices":[{"damage_healed":0.0,"max_hp_gain":0.0,"max_hp_loss":0.0,"gold_gain":0.0,"event_name":"Shining Light","player_choice":"Ignored","floor":4.0,"gold_loss":0.0,"damage_taken":0.0},{"cards_removed":["Strike_P"],"damage_healed":0.0,"max_hp_gain":0.0,"max_hp_loss":0.0,"gold_gain":0.0,"event_name":"Purifier","player_choice":"Purged","floor":13.0,"gold_loss":0.0,"damage_taken":0.0},{"damage_healed":0.0,"max_hp_gain":0.0,"max_hp_loss":0.0,"gold_gain":0.0,"event_name":"Drug Dealer","player_choice":"Obtain J.A.X.","floor":25.0,"gold_loss":0.0,"damage_taken":0.0,"cards_obtained":["J.A.X."]},{"damage_healed":0.0,"max_hp_gain":0.0,"max_hp_loss":34.0,"gold_gain":0.0,"event_name":"Ghosts","player_choice":"Became a Ghost","floor":28.0,"gold_loss":0.0,"damage_taken":0.0,"cards_obtained":["Ghostly","Ghostly","Ghostly"]},{"damage_healed":0.0,"max_hp_gain":0.0,"max_hp_loss":0.0,"gold_gain":0.0,"event_name":"SensoryStone","player_choice":"Memory 1","floor":36.0,"gold_loss":0.0,"damage_taken":0.0},{"damage_healed":0.0,"max_hp_gain":0.0,"max_hp_loss":0.0,"gold_gain":999.0,"event_name":"MindBloom","player_choice":"Gold","floor":38.0,"gold_loss":0.0,"damage_taken":0.0,"cards_obtained":["Normality","Normality"]},{"damage_healed":0.0,"max_hp_gain":0.0,"max_hp_loss":0.0,"gold_gain":0.0,"event_name":"Mysterious Sphere","player_choice":"Fight","floor":42.0,"gold_loss":0.0,"damage_taken":0.0}],"is_beta":false,"boss_relics":[{"not_picked":["Empty Cage","Philosopher\u0027s Stone"],"picked":"Busted Crown"},{"not_picked":["Tiny House","Calling Bell"],"picked":"VioletLotus"}],"items_purged_floors":[10,19,22,39,48],"is_endless":false,"potions_floor_spawned":[1,3,11,16,23,30,31,35,41,46],"killed_by":"Donu and Deca","ascension_level":20}}