{"host":"kg61lsvem4dxoat8","time":1613407652,"event":{"mods":["AchievementEnabler","BaseMod","Better Altar","Better Match","Better Sensory Stone","Better Skull","Block Reminder","Highlight Path","Minty Spire (QoL Compilation)","Quick Restart","Rare Cards Sparkle","Relic Sorter","Relic Stats","StSLib","Synergy Search","slay the spire mod where everything is the same but ironclad has a cowboy hat"],"gold_per_floor":[109,124,124,136,36,70,70,70,70],"floor_reached":8,"language":"ENG","playtime":155,"items_purged":[],"score":84,"play_id":"0d476f31-7a7b-4077-a3c4-3956a8fb2f01","local_time":"20210216004732","is_ascension_mode":true,"campfire_choices":[{"data":"Infernal Blade","floor":7,"key":"SMITH"}],"circlet_count":0,"master_deck":["AscendersBane","Strike_R","Strike_R","Strike_R","Strike_R","Strike_R","Defend_R","Defend_R","Defend_R","Defend_R","Bash+1","Twin Strike","Carnage","Infernal Blade+1"],"relics":["Burning Blood","NeowsBlessing","Singing Bowl"],"acts_visited":["Exordium"],"potions_floor_usage":[6],"damage_taken":[{"damage":0,"enemies":"Cultist","floor":1,"turns":1},{"damage":0,"enemies":"2 Louse","floor":2,"turns":2},{"damage":0,"enemies":"Jaw Worm","floor":4,"turns":1},{"damage":52,"enemies":"Lagavulin","floor":6,"turns":6},{"damage":40,"enemies":"3 Sentries","floor":8,"turns":6}],"seed_played":"-4947168189918900811","potions_obtained":[{"floor":1,"key":"SpeedPotion"}],"is_trial":false,"path_per_floor":["M","M","?","M","$","E","R","E"],"character_chosen":"IRONCLAD","items_purchased":["Carnage","Infernal Blade"],"campfire_rested":0,"item_purchase_floors":[5,5],"current_hp_per_floor":[78,80,80,80,80,36,36,0,0],"gold":70,"neow_bonus":"THREE_ENEMY_KILL","is_daily":false,"chose_seed":false,"campfire_upgraded":1,"win_rate":0.0,"timestamp":1613407652,"path_taken":["M","?","?","?","?","E","R","E"],"items_purchased_type":["Card","Card"],"build_version":"2020-12-22","purchased_purges":0,"victory":false,"max_hp_per_floor":[80,80,80,80,80,82,82,82,82],"relic_stats":{"Singing Bowl":2,"counters":[5,16],"obtain_stats":[{"NeowsBlessing":0,"Singing Bowl":6,"Burning Blood":0},{"NeowsBlessing":0,"Singing Bowl":4,"Burning Blood":0},{"NeowsBlessing":0,"Singing Bowl":10,"Burning Blood":0}],"Burning Blood":14},"card_choices":[{"not_picked":["Evolve","Entrench","Headbutt"],"picked":"SKIP","floor":1},{"not_picked":["Disarm","Heavy Blade"],"picked":"Twin Strike","floor":2},{"not_picked":["Twin Strike","Dark Embrace","Sword Boomerang"],"picked":"SKIP","floor":4},{"not_picked":["Whirlwind","Uppercut","Clash"],"picked":"Singing Bowl","floor":6}],"player_experience":1544210,"relics_obtained":[{"floor":6,"key":"Singing Bowl"}],"event_choices":[{"damage_healed":0,"gold_gain":0,"player_choice":"Upgraded","damage_taken":0,"max_hp_gain":0,"max_hp_loss":0,"event_name":"Upgrade Shrine","floor":3,"gold_loss":0,"cards_upgraded":["Bash"]}],"is_beta":false,"boss_relics":[],"items_purged_floors":[],"is_endless":false,"potions_floor_spawned":[1],"killed_by":"3 Sentries","ascension_level":10}}