{"host":"ex9ev9v5sog028vn","time":1613388459,"event":{"mods":["Act Like it!","BaseMod","Block Reminder","Minty Spire (QoL Compilation)","Permanent Neow","Quick Restart","Relic Stats","StSLib"],"gold_per_floor":[369,386,40,40,50,77,77,108,157,182,182,182,196,196,196,272,272,290,304,204,233,148,176,176,203,203,203,203,39,39,70,70,145,145,155,166,177,197,197,197,224,241,264,264,289,289,40,40,40,40,40,40,40,40,74,74,74],"floor_reached":56,"language":"ENG","playtime":3485,"items_purged":["Strike_P","Strike_P"],"score":1894,"play_id":"30528943-f542-4ce1-a679-2e7daec92730","local_time":"20210215082739","is_ascension_mode":true,"campfire_choices":[{"data":"Wallop","floor":7.0,"key":"SMITH"},{"data":"Conclude","floor":15.0,"key":"SMITH"},{"data":"Meditate","floor":24.0,"key":"SMITH"},{"data":"Meditate","floor":27.0,"key":"SMITH"},{"data":"Wireheading","floor":32.0,"key":"SMITH"},{"data":"Blasphemy","floor":40.0,"key":"SMITH"},{"data":"Omniscience","floor":44.0,"key":"SMITH"},{"data":"Devotion","floor":46.0,"key":"SMITH"},{"floor":49.0,"key":"RECALL"},{"data":"CutThroughFate","floor":53,"key":"SMITH"}],"circlet_count":0,"master_deck":["AscendersBane","Defend_P","Defend_P+1","Defend_P","Defend_P","Eruption","Vigilance+1","ReachHeaven","ThirdEye+1","CutThroughFate+1","Consecrate+1","FollowUp","Meditate+1","Wallop+1","EmptyBody","Conclude+1","Blasphemy+1","Protect","Meditate+1","FlurryOfBlows+1","Vengeance+1","Wireheading+1","Omniscience+1","LessonLearned","Indignation","JustLucky+1","FlurryOfBlows+1","LikeWater+1","Devotion+1","Weave","Devotion+1","ThirdEye","Tantrum"],"relics":["PureWater","Anchor","Meat on the Bone","Centennial Puzzle","Orichalcum","MealTicket","Eternal Feather","Coffee Dripper","Red Mask","Pear","Mercury Hourglass","Juzu Bracelet","Gambling Chip","Mummified Hand","VioletLotus","Prayer Wheel","CloakClasp","DollysMirror","Blue Candle"],"acts_visited":["Exordium","TheCity","TheBeyond","TheEnding"],"potions_floor_usage":[],"damage_taken":[{"damage":2.0,"enemies":"Jaw Worm","floor":1.0,"turns":4.0},{"damage":1.0,"enemies":"Cultist","floor":2.0,"turns":4.0},{"damage":0.0,"enemies":"Small Slimes","floor":5.0,"turns":2.0},{"damage":0.0,"enemies":"Gremlin Nob","floor":6.0,"turns":2.0},{"damage":12.0,"enemies":"3 Sentries","floor":8.0,"turns":8.0},{"damage":5.0,"enemies":"Gremlin Nob","floor":10.0,"turns":3.0},{"damage":0.0,"enemies":"Exordium Wildlife","floor":13.0,"turns":3.0},{"damage":21.0,"enemies":"Slime Boss","floor":16.0,"turns":8.0},{"damage":0.0,"enemies":"Spheric Guardian","floor":18.0,"turns":2.0},{"damage":3.0,"enemies":"Shell Parasite","floor":19.0,"turns":3.0},{"damage":8.0,"enemies":"Masked Bandits","floor":21.0,"turns":3.0},{"damage":9.0,"enemies":"Slavers","floor":23.0,"turns":3.0},{"damage":5.0,"enemies":"Gremlin Leader","floor":25.0,"turns":3.0},{"damage":10.0,"enemies":"Slavers","floor":31.0,"turns":3.0},{"damage":46.0,"enemies":"Automaton","floor":33.0,"turns":10.0},{"damage":0.0,"enemies":"3 Darklings","floor":35.0,"turns":2.0},{"damage":17.0,"enemies":"3 Shapes","floor":36.0,"turns":14.0},{"damage":19.0,"enemies":"Writhing Mass","floor":37.0,"turns":7.0},{"damage":6.0,"enemies":"Spire Growth","floor":38.0,"turns":3.0},{"damage":22.0,"enemies":"Reptomancer","floor":41.0,"turns":5.0},{"damage":9.0,"enemies":"Sphere and 2 Shapes","floor":42.0,"turns":3.0},{"damage":24.0,"enemies":"Mind Bloom Boss Battle","floor":45.0,"turns":5.0},{"damage":53,"enemies":"Awakened One","floor":50,"turns":8},{"damage":1,"enemies":"Donu and Deca","floor":51,"turns":7},{"damage":48,"enemies":"Shield and Spear","floor":55,"turns":6},{"damage":76,"enemies":"The Heart","floor":56,"turns":3}],"seed_played":"3898057659810670048","potions_obtained":[{"floor":1.0,"key":"BottledMiracle"},{"floor":5.0,"key":"GamblersBrew"},{"floor":10.0,"key":"Fire Potion"},{"floor":13.0,"key":"FearPotion"},{"floor":21.0,"key":"GamblersBrew"},{"floor":23.0,"key":"ColorlessPotion"},{"floor":35.0,"key":"Weak Potion"},{"floor":41.0,"key":"SteroidPotion"},{"floor":42.0,"key":"Explosive Potion"}],"is_trial":false,"path_per_floor":["M","M","$","?","M","E","R","E","T","E","?","T","M","?","R","B",null,"M","M","$","?","?","E","R","E","T","R","?","$","?","E","R","B",null,"M","M","M","M","?","R","E","M","T","R","?","R","$","?","R","B","B",null,"R","$","E","B"],"character_chosen":"WATCHER","items_purchased":["Anchor","CutThroughFate","Consecrate","Vengeance","Wireheading","Weave","DollysMirror"],"campfire_rested":0,"item_purchase_floors":[3,3,3,29,29,47,47],"current_hp_per_floor":[41,40,40,40,40,40,40,40,40,35,35,35,35,31,40,31,59,59,56,68,60,70,61,73,68,68,78,78,78,78,68,78,44,70,70,53,46,40,40,55,45,48,48,63,39,57,72,72,74,33,44,67,74,74,38,0,0],"gold":74,"neow_bonus":"TWO_FIFTY_GOLD","is_daily":false,"chose_seed":false,"campfire_upgraded":9,"win_rate":0.0,"timestamp":1613388459,"path_taken":["M","M","$","?","?","E","R","E","T","E","?","?","M","?","R","BOSS","M","?","$","?","?","E","R","E","T","R","?","$","?","E","R","BOSS","M","M","M","M","?","R","E","M","T","R","?","R","$","?","R","BOSS","BOSS","R","$","E","BOSS"],"items_purchased_type":["Relic","Card","Card","Card","Card","Card","Relic"],"build_version":"2020-12-22","purchased_purges":2,"victory":false,"max_hp_per_floor":[68,68,68,68,68,68,68,68,68,68,68,68,68,68,68,68,68,68,68,68,68,78,78,78,78,78,78,78,78,78,78,78,78,78,78,78,78,78,74,74,74,74,74,74,74,74,74,74,74,74,74,74,74,74,74,74,74],"relic_stats":{"counters":[26,123],"Blue Candle":[0],"Eternal Feather":98,"Juzu Bracelet":1,"CloakClasp":[108],"Orichalcum":[96],"Mercury Hourglass":[324],"Centennial Puzzle":[54],"Mummified Hand":[44],"Gambling Chip":[47],"MealTicket":27,"Prayer Wheel":1,"VioletLotus":[29],"obtain_stats":[{"Pear":22,"Blue Candle":55,"Eternal Feather":12,"Juzu Bracelet":25,"CloakClasp":45,"Orichalcum":9,"Mercury Hourglass":23,"Anchor":3,"Centennial Puzzle":8,"Mummified Hand":31,"DollysMirror":47,"Gambling Chip":26,"MealTicket":10,"Prayer Wheel":41,"VioletLotus":34,"Coffee Dripper":17,"Red Mask":21,"PureWater":0,"Meat on the Bone":6},{"Pear":11,"Blue Candle":25,"Eternal Feather":6,"Juzu Bracelet":13,"CloakClasp":22,"Orichalcum":5,"Mercury Hourglass":12,"Anchor":2,"Centennial Puzzle":5,"Mummified Hand":14,"DollysMirror":22,"Gambling Chip":13,"MealTicket":6,"Prayer Wheel":20,"VioletLotus":15,"Coffee Dripper":8,"Red Mask":11,"PureWater":0,"Meat on the Bone":4},{"Pear":42,"Blue Candle":120,"Eternal Feather":23,"Juzu Bracelet":48,"CloakClasp":99,"Orichalcum":20,"Mercury Hourglass":45,"Anchor":8,"Centennial Puzzle":20,"Mummified Hand":51,"DollysMirror":99,"Gambling Chip":48,"MealTicket":23,"Prayer Wheel":91,"VioletLotus":61,"Coffee Dripper":34,"Red Mask":42,"PureWater":0,"Meat on the Bone":12}],"Meat on the Bone":108},"card_choices":[{"not_picked":["Consecrate","BowlingBash"],"picked":"ReachHeaven","floor":1.0},{"not_picked":["PathToVictory","Evaluate"],"picked":"ThirdEye","floor":2.0},{"not_picked":["Evaluate","Crescendo"],"picked":"Meditate","floor":5.0},{"not_picked":["Nirvana","ThirdEye"],"picked":"Wallop","floor":6.0},{"not_picked":["Scrawl","Study"],"picked":"EmptyBody","floor":8.0},{"not_picked":["FollowUp","Prostrate","Fasting2"],"picked":"SKIP","floor":10.0},{"not_picked":["BowlingBash","ReachHeaven"],"picked":"Conclude","floor":13.0},{"not_picked":["MasterReality","Judgement"],"picked":"Blasphemy","floor":16.0},{"not_picked":["CrushJoints","ClearTheMind","Wallop"],"picked":"SKIP","floor":18.0},{"not_picked":["DeceiveReality+1","CutThroughFate"],"picked":"Protect","floor":19.0},{"not_picked":["Protect","Collect"],"picked":"Meditate","floor":23.0},{"not_picked":["Vault","LikeWater"],"picked":"FlurryOfBlows","floor":25.0},{"not_picked":["Ragnarok","Study"],"picked":"Omniscience","floor":31.0},{"not_picked":["Wish","Brilliance"],"picked":"LessonLearned","floor":33.0},{"not_picked":["FlurryOfBlows","EmptyFist+1"],"picked":"Indignation","floor":35.0},{"not_picked":["Prostrate","Halt"],"picked":"JustLucky","floor":36.0},{"not_picked":["Meditate","Swivel","CrushJoints"],"picked":"SKIP","floor":37.0},{"not_picked":["Fasting2+1","EmptyBody"],"picked":"FlurryOfBlows+1","floor":38.0},{"not_picked":["BowlingBash+1","MasterReality","ForeignInfluence"],"picked":"SKIP","floor":41.0},{"not_picked":["Conclude+1","EmptyFist"],"picked":"LikeWater+1","floor":42.0},{"not_picked":["DeceiveReality","CrushJoints","Indignation+1"],"picked":"SKIP","floor":42.0},{"not_picked":["ThirdEye","PathToVictory"],"picked":"Devotion","floor":45.0},{"not_picked":["DeceiveReality","SashWhip"],"picked":"Tantrum","floor":55}],"player_experience":712627,"relics_obtained":[{"floor":6.0,"key":"Meat on the Bone"},{"floor":8.0,"key":"Centennial Puzzle"},{"floor":9.0,"key":"Orichalcum"},{"floor":10.0,"key":"MealTicket"},{"floor":12.0,"key":"Eternal Feather"},{"floor":21.0,"key":"Red Mask"},{"floor":23.0,"key":"Mercury Hourglass"},{"floor":25.0,"key":"Juzu Bracelet"},{"floor":26.0,"key":"Gambling Chip"},{"floor":31.0,"key":"Mummified Hand"},{"floor":41.0,"key":"Prayer Wheel"},{"floor":45.0,"key":"CloakClasp"},{"floor":55,"key":"Blue Candle"}],"event_choices":[{"damage_healed":0.0,"max_hp_gain":0.0,"max_hp_loss":0.0,"gold_gain":0.0,"event_name":"Match and Keep!","player_choice":"1 cards matched","floor":4.0,"gold_loss":0.0,"damage_taken":0.0,"cards_obtained":["FollowUp"]},{"damage_healed":0.0,"max_hp_gain":0.0,"max_hp_loss":0.0,"gold_gain":0.0,"event_name":"Liars Game","player_choice":"Ignored","floor":11.0,"gold_loss":0.0,"damage_taken":0.0},{"damage_healed":0.0,"max_hp_gain":0.0,"max_hp_loss":0.0,"gold_gain":0.0,"event_name":"The Woman in Blue","player_choice":"Bought 0 Potions","floor":14.0,"gold_loss":0.0,"damage_taken":0.0},{"damage_healed":0.0,"max_hp_gain":0.0,"max_hp_loss":0.0,"gold_gain":0.0,"event_name":"Masked Bandits","player_choice":"Fought Bandits","floor":21.0,"gold_loss":0.0,"damage_taken":0.0},{"damage_healed":0.0,"max_hp_gain":0.0,"max_hp_loss":0.0,"gold_gain":0.0,"event_name":"Addict","player_choice":"Obtained Relic","floor":22.0,"gold_loss":85.0,"damage_taken":0.0,"relics_obtained":["Pear"]},{"cards_removed":["Strike_P"],"damage_healed":0.0,"max_hp_gain":0.0,"max_hp_loss":0.0,"gold_gain":0.0,"event_name":"Bonfire Elementals","player_choice":"Offered Basic","floor":28.0,"gold_loss":0.0,"damage_taken":0.0},{"damage_healed":0.0,"max_hp_gain":0.0,"max_hp_loss":0.0,"gold_gain":0.0,"event_name":"Vampires","player_choice":"Ignored","floor":30.0,"gold_loss":0.0,"damage_taken":0.0},{"damage_healed":0.0,"max_hp_gain":0.0,"max_hp_loss":4.0,"gold_gain":0.0,"event_name":"Winding Halls","player_choice":"Max HP","floor":39.0,"gold_loss":0.0,"damage_taken":0.0},{"damage_healed":0.0,"max_hp_gain":0.0,"max_hp_loss":0.0,"gold_gain":0.0,"event_name":"MindBloom","player_choice":"Fight","floor":45.0,"gold_loss":0.0,"damage_taken":0.0},{"damage_healed":0.0,"max_hp_gain":0.0,"max_hp_loss":0.0,"gold_gain":0.0,"cards_transformed":["Strike_P"],"event_name":"Transmorgrifier","player_choice":"Transformed","floor":48.0,"gold_loss":0.0,"damage_taken":0.0,"cards_obtained":["ThirdEye"]}],"is_beta":false,"boss_relics":[{"not_picked":["Calling Bell","Philosopher\u0027s Stone"],"picked":"Coffee Dripper"},{"not_picked":["Runic Dome","Pandora\u0027s Box"],"picked":"VioletLotus"}],"items_purged_floors":[3,20],"is_endless":false,"potions_floor_spawned":[1,5,10,13,18,21,23,35,36,41,42],"killed_by":"The Heart","ascension_level":20}}