{"host":"idjwbq71yrpkph1r","time":1613411965,"event":{"mods":["AchievementEnabler","Alarm Clock","BaseMod","Block Reminder","Colored Map","Colored Powertips","Curses Come First","Displayed Cursed Tome","Hermit","Minty Spire (QoL Compilation)","Monster B Gone","Rare Cards Sparkle","Relic Stats","StSLib","everything is the same but u backflip on backflip"],"gold_per_floor":[110,128,53,53,53,82,99,99,123,123,123,23,36,54,54,153,153,173,173,123,140,15,27,39,39,39],"floor_reached":25,"language":"ENG","playtime":859,"items_purged":["Strike_R","Defend_R","Strike_R"],"score":203,"play_id":"7dd4ff63-3616-4241-a57c-b7136afd178b","local_time":"20210215185925","is_ascension_mode":false,"campfire_choices":[{"data":"Evolve","floor":8.0,"key":"SMITH"},{"floor":15.0,"key":"REST"}],"circlet_count":0,"master_deck":["Strike_R","Strike_R","Strike_R","Defend_R","Defend_R","Bash","Clash","Evolve+1","Fire Breathing","Clash+1","Flex"],"relics":["Burning Blood"],"acts_visited":["Exordium","TheCity"],"potions_floor_usage":[25,25],"damage_taken":[{"damage":1.0,"enemies":"Cultist","floor":1.0,"turns":3.0},{"damage":5.0,"enemies":"Small Slimes","floor":2.0,"turns":3.0},{"damage":47.0,"enemies":"3 Sentries","floor":6.0,"turns":11.0},{"damage":5.0,"enemies":"2 Louse","floor":7.0,"turns":2.0},{"damage":4.0,"enemies":"Exordium Wildlife","floor":13.0,"turns":4.0},{"damage":12.0,"enemies":"Looter","floor":14.0,"turns":4.0},{"damage":71.0,"enemies":"The Guardian","floor":16.0,"turns":13.0},{"damage":33.0,"enemies":"Shell Parasite","floor":18.0,"turns":9.0},{"damage":5.0,"enemies":"Chosen","floor":21.0,"turns":4.0},{"damage":18.0,"enemies":"Centurion and Healer","floor":23.0,"turns":6.0},{"damage":24.0,"enemies":"Cultist and Chosen","floor":24.0,"turns":7.0},{"damage":17,"enemies":"Snecko","floor":25,"turns":3}],"seed_played":"-8740982647826285101","potions_obtained":[{"floor":1.0,"key":"ColorlessPotion"},{"floor":2.0,"key":"PowerPotion"},{"floor":14.0,"key":"CultistPotion"},{"floor":18.0,"key":"CultistPotion"}],"is_trial":false,"path_per_floor":["M","M","$","?","?","E","M","R","T","?","?","$","M","M","R","B",null,"M","?","?","M","$","M","M","M"],"character_chosen":"IRONCLAD","items_purchased":[],"campfire_rested":1,"item_purchase_floors":[],"current_hp_per_floor":[80,80,80,73,73,32,33,33,33,33,59,59,61,55,79,14,80,53,38,38,39,39,27,9,0,0],"gold":39,"neow_bonus":"THREE_CARDS","is_daily":false,"chose_seed":false,"campfire_upgraded":1,"win_rate":0.0,"timestamp":1613411965,"path_taken":["M","?","$","?","?","E","?","R","T","?","?","?","M","M","R","BOSS","M","?","?","M","$","M","?","M"],"items_purchased_type":[],"build_version":"2020-12-22","purchased_purges":3,"victory":false,"max_hp_per_floor":[80,80,80,80,80,80,80,80,80,80,80,80,80,80,80,80,80,80,85,85,85,85,85,85,85,85],"relic_stats":{"counters":[12,69],"obtain_stats":[{"Burning Blood":0},{"Burning Blood":0},{"Burning Blood":0}],"Burning Blood":60},"card_choices":[{"not_picked":["Rupture","Carnage"],"picked":"Clash","floor":1.0},{"not_picked":["Uppercut","Wild Strike","Combust"],"picked":"SKIP","floor":2.0},{"not_picked":["Shrug It Off","Warcry","Heavy Blade"],"picked":"SKIP","floor":6.0},{"not_picked":["Dark Embrace","Heavy Blade"],"picked":"Evolve","floor":7.0},{"not_picked":["Pommel Strike","Rampage"],"picked":"Fire Breathing","floor":13.0},{"not_picked":["Iron Wave","Cleave","True Grit"],"picked":"SKIP","floor":14.0},{"not_picked":["Whirlwind+1","Shockwave"],"picked":"Clash+1","floor":18.0},{"not_picked":["Shrug It Off","Havoc","Body Slam"],"picked":"SKIP","floor":21.0},{"not_picked":["Heavy Blade","Shockwave","Warcry"],"picked":"SKIP","floor":23.0},{"not_picked":["Armaments","Searing Blow"],"picked":"Flex","floor":24.0}],"player_experience":357571,"relics_obtained":[],"event_choices":[{"cards_removed":["Defend_R"],"damage_healed":0.0,"max_hp_gain":0.0,"max_hp_loss":0.0,"gold_gain":0.0,"event_name":"Golden Wing","player_choice":"Card Removal","floor":4.0,"gold_loss":0.0,"damage_taken":7.0},{"damage_healed":0.0,"max_hp_gain":0.0,"max_hp_loss":0.0,"gold_gain":0.0,"event_name":"Liars Game","player_choice":"Ignored","floor":5.0,"gold_loss":0.0,"damage_taken":0.0},{"damage_healed":0.0,"max_hp_gain":0.0,"max_hp_loss":0.0,"gold_gain":0.0,"event_name":"Shining Light","player_choice":"Ignored","floor":10.0,"gold_loss":0.0,"damage_taken":0.0},{"damage_healed":26.0,"max_hp_gain":0.0,"max_hp_loss":0.0,"gold_gain":0.0,"event_name":"Big Fish","player_choice":"Banana","floor":11.0,"gold_loss":0.0,"damage_taken":0.0},{"damage_healed":0.0,"max_hp_gain":5.0,"max_hp_loss":0.0,"gold_gain":0.0,"event_name":"Forgotten Altar","player_choice":"Shed Blood","floor":19.0,"gold_loss":0.0,"damage_taken":20.0},{"damage_healed":0.0,"max_hp_gain":0.0,"max_hp_loss":0.0,"gold_gain":0.0,"event_name":"The Joust","player_choice":"Bet on Murderer","floor":20.0,"gold_loss":50.0,"damage_taken":0.0}],"is_beta":false,"boss_relics":[{"not_picked":["Mark of Pain","Sozu","SacredBark"]}],"items_purged_floors":[3,12,22],"is_endless":false,"potions_floor_spawned":[1,2,14,18],"killed_by":"Snecko","ascension_level":0}}