{"host":"r081svdj6e9i7zze","time":1613395712,"event":{"mods":["AchievementEnabler","BaseMod","Colored Map","Minty Spire (QoL Compilation)","SuperFastMode"],"gold_per_floor":[117,130,144,0,0,0,35,46,126,126,76,76,103,136,136,231,231,243,243,255,273,32,45,45,59,59,59,59,72,89,107,107,212,212,229,248,27,27,81,81,97,0,24,24,40,58,58,58],"floor_reached":47,"language":"KOR","playtime":3658,"items_purged":["Strike_G","Strike_G","Defend_G"],"score":464,"play_id":"b9e5e8f5-d0a4-4ca2-8ac2-ef719343c9e8","local_time":"20210215222832","is_ascension_mode":false,"campfire_choices":[{"data":"Infinite Blades","floor":6.0,"key":"SMITH"},{"data":"Blade Dance","floor":10,"key":"SMITH"},{"data":"Neutralize","floor":12,"key":"SMITH"},{"floor":15,"key":"REST"},{"data":"Doppelganger","floor":24,"key":"SMITH"},{"floor":28,"key":"REST"},{"data":"Adrenaline","floor":32,"key":"SMITH"},{"floor":40,"key":"REST"},{"floor":44,"key":"REST"}],"circlet_count":0,"master_deck":["Strike_G","Strike_G","Defend_G","Defend_G","Defend_G","Survivor","Neutralize+1","Deadly Poison","Blade Dance+1","Crippling Poison","Infinite Blades+1","Unload","Slice","Flechettes","Adrenaline+1","Doppelganger+1","Backstab","Acrobatics+1","Prepared","Heel Hook","Deflect","Backflip","Slice+1","Acrobatics+1","Dodge and Roll","Predator","Calculated Gamble+1","A Thousand Cuts","Slice","Flying Knee+1","Trip","Impatience","Swift Strike","Deep Breath","Acrobatics","PiercingWail+1","All Out Attack+1","Dagger Spray+1"],"relics":["Ring of the Snake","Snake Skull","Ice Cream","Letter Opener","Odd Mushroom","Bag of Marbles","WristBlade","Question Card","Busted Crown","Lizard Tail","Red Mask","Happy Flower"],"acts_visited":["TheCity","TheBeyond"],"potions_floor_usage":[14,20,23,25,31,33,35,41,46],"damage_taken":[{"damage":2.0,"enemies":"Jaw Worm","floor":1.0,"turns":6.0},{"damage":0.0,"enemies":"2 Louse","floor":2.0,"turns":3.0},{"damage":0.0,"enemies":"Cultist","floor":3.0,"turns":4.0},{"damage":16.0,"enemies":"3 Sentries","floor":7.0,"turns":7.0},{"damage":28.0,"enemies":"Gremlin Gang","floor":8.0,"turns":4.0},{"damage":8,"enemies":"The Mushroom Lair","floor":13,"turns":4},{"damage":8,"enemies":"Gremlin Nob","floor":14,"turns":3},{"damage":15,"enemies":"Slime Boss","floor":16,"turns":9},{"damage":6,"enemies":"Chosen","floor":18,"turns":3},{"damage":10,"enemies":"2 Thieves","floor":20,"turns":2},{"damage":9,"enemies":"Cultist and Chosen","floor":21,"turns":4},{"damage":11,"enemies":"Sentry and Sphere","floor":23,"turns":4},{"damage":1,"enemies":"Snecko","floor":25,"turns":3},{"damage":0,"enemies":"Cultist and Chosen","floor":29,"turns":2},{"damage":11,"enemies":"Sentry and Sphere","floor":30,"turns":4},{"damage":5,"enemies":"Centurion and Healer","floor":31,"turns":2},{"damage":24,"enemies":"Automaton","floor":33,"turns":6},{"damage":14,"enemies":"3 Darklings","floor":35,"turns":4},{"damage":5,"enemies":"3 Shapes","floor":36,"turns":2},{"damage":22,"enemies":"2 Orb Walkers","floor":39,"turns":3},{"damage":17,"enemies":"Writhing Mass","floor":41,"turns":3},{"damage":41,"enemies":"Sphere and 2 Shapes","floor":45,"turns":3},{"damage":16,"enemies":"3 Darklings","floor":46,"turns":3},{"damage":39,"enemies":"Reptomancer","floor":47,"turns":2}],"seed_played":"5451592200151406720","potions_obtained":[{"floor":2.0,"key":"AttackPotion"},{"floor":7.0,"key":"Strength Potion"},{"floor":19,"key":"Regen Potion"},{"floor":19,"key":"DistilledChaos"},{"floor":19,"key":"Regen Potion"},{"floor":20,"key":"SteroidPotion"},{"floor":23,"key":"SmokeBomb"},{"floor":29,"key":"FearPotion"},{"floor":33,"key":"Fruit Juice"},{"floor":36,"key":"Fire Potion"},{"floor":39,"key":"Ancient Potion"},{"floor":46,"key":"SmokeBomb"}],"is_trial":false,"path_per_floor":["M","M","M","$","?","R","E","M","T","R","?","R","?","E","R","B",null,"M","?","M","M","$","M","R","M","T","?","R","M","M","M","R","B",null,"M","M","$","?","?","R","M","?","T","R","M","M","E"],"character_chosen":"THE_SILENT","items_purchased":["Infinite Blades","Heel Hook","Deflect","Backflip","Trip"],"campfire_rested":4,"item_purchase_floors":[4,22,22,22,37],"current_hp_per_floor":[68,68,68,68,61,61,45,17,17,17,17,17,9,1,22,7,70,64,64,59,50,50,51,51,50,50,34,55,55,44,39,39,15,70,61,56,56,46,24,46,29,29,29,51,10,31,0,0],"gold":58,"neow_bonus":"RANDOM_COMMON_RELIC","is_daily":false,"chose_seed":false,"campfire_upgraded":5,"win_rate":0.0,"timestamp":1613395712,"path_taken":["M","M","M","$","?","R","E","M","T","R","?","R","?","E","R","BOSS","M","?","?","?","$","M","R","M","T","?","R","M","M","M","R","BOSS","M","M","$","?","?","R","M","?","T","R","M","?","E"],"items_purchased_type":["Card","Card","Card","Card","Card"],"build_version":"2020-12-22","purchased_purges":3,"victory":false,"max_hp_per_floor":[70,70,70,70,70,70,70,70,70,70,70,70,70,70,70,70,70,70,70,70,70,70,70,70,70,70,70,70,70,70,70,70,70,70,75,75,75,75,75,75,75,75,75,75,75,75,75,75],"card_choices":[{"not_picked":["Calculated Gamble","Outmaneuver"],"picked":"Deadly Poison","floor":1.0},{"not_picked":["Dagger Throw","Heel Hook"],"picked":"Blade Dance","floor":2.0},{"not_picked":["Choke","Poisoned Stab"],"picked":"Crippling Poison","floor":3.0},{"not_picked":["Prepared","Tactician"],"picked":"Unload","floor":7.0},{"not_picked":["Crippling Poison","Sucker Punch"],"picked":"Slice","floor":8},{"not_picked":["Blade Dance","Infinite Blades"],"picked":"Flechettes","floor":13},{"not_picked":["All Out Attack","Reflex"],"picked":"Adrenaline","floor":14},{"not_picked":["Malaise","Adrenaline"],"picked":"Doppelganger","floor":16},{"not_picked":["Poisoned Stab","All Out Attack"],"picked":"Backstab","floor":18},{"not_picked":["Masterful Stab","Noxious Fumes"],"picked":"Acrobatics+1","floor":20},{"not_picked":["Sucker Punch","Catalyst"],"picked":"Prepared","floor":21},{"not_picked":["Deflect","Dash"],"picked":"Slice+1","floor":23},{"not_picked":["Reflex","Flying Knee"],"picked":"Acrobatics+1","floor":25},{"not_picked":["Flechettes","Bane","Flying Knee"],"picked":"Dodge and Roll","floor":29},{"not_picked":["Backstab","Leg Sweep","Blade Dance"],"picked":"Predator","floor":30},{"not_picked":["Dagger Spray","Blade Dance","Slice"],"picked":"Calculated Gamble+1","floor":31},{"not_picked":["Malaise","Doppelganger","Venomology"],"picked":"A Thousand Cuts","floor":33},{"not_picked":["Deadly Poison+1"],"picked":"Slice","floor":35},{"not_picked":["Poisoned Stab+1"],"picked":"Flying Knee+1","floor":36},{"not_picked":["Dark Shackles"],"picked":"Impatience","floor":38},{"not_picked":["Impatience"],"picked":"Swift Strike","floor":38},{"not_picked":["Forethought"],"picked":"Deep Breath","floor":38},{"not_picked":["Eviscerate"],"picked":"Acrobatics","floor":39},{"not_picked":["Footwork"],"picked":"PiercingWail+1","floor":41},{"not_picked":["Masterful Stab"],"picked":"All Out Attack+1","floor":45},{"not_picked":["Blade Dance+1"],"picked":"Dagger Spray+1","floor":46}],"player_experience":50106,"relics_obtained":[{"floor":7.0,"key":"Ice Cream"},{"floor":9,"key":"Letter Opener"},{"floor":13,"key":"Odd Mushroom"},{"floor":14,"key":"Bag of Marbles"},{"floor":26,"key":"Question Card"},{"floor":39,"key":"Lizard Tail"},{"floor":43,"key":"Happy Flower"}],"event_choices":[{"cards_removed":["Strike_G"],"damage_healed":0.0,"max_hp_gain":0.0,"max_hp_loss":0.0,"gold_gain":0.0,"event_name":"Golden Wing","player_choice":"Card Removal","floor":5.0,"gold_loss":0.0,"damage_taken":7.0},{"cards_removed":["Defend_G"],"damage_healed":0,"gold_gain":0,"player_choice":"Card Removal","damage_taken":0,"max_hp_gain":0,"max_hp_loss":0,"event_name":"The Cleric","floor":11,"gold_loss":50},{"damage_healed":0,"gold_gain":0,"player_choice":"Fought Mushrooms","damage_taken":0,"max_hp_gain":0,"max_hp_loss":0,"event_name":"Mushrooms","floor":13,"gold_loss":0},{"damage_healed":0,"gold_gain":0,"player_choice":"Got Potions","damage_taken":0,"max_hp_gain":0,"max_hp_loss":0,"event_name":"Lab","floor":19,"gold_loss":0},{"damage_healed":0,"gold_gain":0,"player_choice":"Obtained Book","damage_taken":16,"max_hp_gain":0,"max_hp_loss":0,"event_name":"Cursed Tome","floor":27,"gold_loss":0},{"damage_healed":0,"gold_gain":0,"player_choice":"Memory 3","damage_taken":10,"max_hp_gain":0,"max_hp_loss":0,"event_name":"SensoryStone","floor":38,"gold_loss":0},{"damage_healed":0,"gold_gain":0,"player_choice":"Fight","damage_taken":0,"max_hp_gain":0,"max_hp_loss":0,"event_name":"Mysterious Sphere","floor":39,"gold_loss":0},{"damage_healed":0,"gold_gain":0,"player_choice":"Paid","damage_taken":0,"relics_obtained":["Red Mask"],"max_hp_gain":0,"max_hp_loss":0,"event_name":"Tomb of Lord Red Mask","floor":42,"gold_loss":97}],"is_beta":false,"boss_relics":[{"not_picked":["Philosopher\u0027s Stone","Empty Cage"],"picked":"WristBlade"},{"not_picked":["Black Star","Cursed Key"],"picked":"Busted Crown"}],"items_purged_floors":[4,22,37],"is_endless":false,"potions_floor_spawned":[2,7,20,23,29,30,33,36,39,46],"killed_by":"Reptomancer","ascension_level":0}}