{"host":"8rfsah35vv595fzq","time":1613396297,"event":{"mods":["BaseMod","Marisa£®ÏF”Í°°ƒß¿Ì…≥£©","Minty Spire (QoL Compilation)","Remilia£®¿Ÿ√◊¿Ú—«£©","The Servant 0.9.4","Youmu£®ªÍ∆«—˝√Œ£©"],"gold_per_floor":[117,136,23,23,40,75,86,86,86,86,116,151,166,55,55,158,158,175,175,194,119,137,137,137],"floor_reached":23,"language":"ZHS","playtime":2081,"items_purged":["Strike_G"],"score":201,"play_id":"fae487cb-f2eb-4afe-8dcd-7484d4a0f018","local_time":"20210215213817","is_ascension_mode":false,"campfire_choices":[{"floor":8.0,"key":"REST"},{"floor":10.0,"key":"REST"},{"data":"Prepared","floor":15.0,"key":"SMITH"}],"circlet_count":0,"master_deck":["Strike_G+1","Strike_G+1","Strike_G","Defend_G","Defend_G","Defend_G","Defend_G","Defend_G","Survivor","Neutralize","Riddle With Holes","Dagger Spray","Blade Dance","Footwork","Slice","Infinite Blades","Prepared","Prepared+1","Deflect","Dagger Spray","Backstab","Footwork","A Thousand Cuts","Underhanded Strike+1","Footwork","Wraith Form v2"],"relics":["Ring of the Snake","Omamori","Vajra","Odd Mushroom","Blue Candle","Black Star"],"acts_visited":["Exordium","TheCity"],"potions_floor_usage":[23,23],"damage_taken":[{"damage":0.0,"enemies":"2 Louse","floor":1.0,"turns":3.0},{"damage":2.0,"enemies":"Cultist","floor":2.0,"turns":4.0},{"damage":4.0,"enemies":"Jaw Worm","floor":5.0,"turns":4.0},{"damage":24.0,"enemies":"Lagavulin","floor":6.0,"turns":9.0},{"damage":9.0,"enemies":"Blue Slaver","floor":7.0,"turns":4.0},{"damage":8.0,"enemies":"The Mushroom Lair","floor":11.0,"turns":3.0},{"damage":16.0,"enemies":"3 Sentries","floor":12.0,"turns":4.0},{"damage":0.0,"enemies":"Large Slime","floor":13.0,"turns":4.0},{"damage":33.0,"enemies":"The Guardian","floor":16.0,"turns":14.0},{"damage":12.0,"enemies":"Shell Parasite","floor":18.0,"turns":7.0},{"damage":0.0,"enemies":"2 Thieves","floor":20.0,"turns":1.0},{"damage":27.0,"enemies":"Snake Plant","floor":22.0,"turns":7.0},{"damage":38,"enemies":"Book of Stabbing","floor":23,"turns":5}],"seed_played":"-7233463910857418259","potions_obtained":[{"floor":5.0,"key":"Explosive Potion"},{"floor":11.0,"key":"Regen Potion"},{"floor":16.0,"key":"SteroidPotion"},{"floor":18.0,"key":"Ancient Potion"},{"floor":20.0,"key":"Strength Potion"}],"is_trial":false,"path_per_floor":["M","M","$","?","M","E","M","R","T","R","?","E","M","$","R","B",null,"M","?","M","$","M","E"],"character_chosen":"THE_SILENT","items_purchased":["Blade Dance","Footwork","Backstab","Footwork"],"campfire_rested":2,"item_purchase_floors":[3,3,14,14],"current_hp_per_floor":[77,75,75,60,56,32,23,46,46,69,61,45,45,45,45,27,77,65,65,65,65,38,0,0],"gold":137,"neow_bonus":"TEN_PERCENT_HP_BONUS","is_daily":false,"chose_seed":false,"campfire_upgraded":1,"win_rate":0.0,"timestamp":1613396297,"path_taken":["M","M","$","?","M","E","M","R","T","R","?","E","M","$","R","BOSS","M","?","M","$","M","E"],"items_purchased_type":["Card","Card","Card","Card"],"build_version":"2020-12-22","purchased_purges":1,"victory":false,"max_hp_per_floor":[77,77,77,77,77,77,77,77,77,77,77,77,77,77,77,77,77,77,77,77,77,77,77,77],"card_choices":[{"not_picked":["Dodge and Roll","Backflip"],"picked":"Riddle With Holes","floor":1.0},{"not_picked":["Calculated Gamble","Catalyst"],"picked":"Dagger Spray","floor":2.0},{"not_picked":["Quick Slash","Dash"],"picked":"Slice","floor":5.0},{"not_picked":["Bane","Malaise"],"picked":"Infinite Blades","floor":6.0},{"not_picked":["Underhanded Strike","Skewer"],"picked":"Prepared","floor":7.0},{"not_picked":["Sucker Punch","Calculated Gamble"],"picked":"Prepared","floor":11.0},{"not_picked":["Flying Knee","Expertise"],"picked":"Deflect","floor":12.0},{"not_picked":["Underhanded Strike","Flying Knee"],"picked":"Dagger Spray","floor":13.0},{"not_picked":["Unload","Phantasmal Killer"],"picked":"A Thousand Cuts","floor":16.0},{"not_picked":["Quick Slash+1","Deadly Poison"],"picked":"Underhanded Strike+1","floor":18.0},{"not_picked":["PiercingWail","Poisoned Stab"],"picked":"Footwork","floor":20.0},{"not_picked":["Quick Slash","Poisoned Stab+1"],"picked":"Wraith Form v2","floor":22.0}],"player_experience":70374,"relics_obtained":[{"floor":6.0,"key":"Omamori"},{"floor":9.0,"key":"Vajra"},{"floor":11.0,"key":"Odd Mushroom"},{"floor":12.0,"key":"Blue Candle"}],"event_choices":[{"damage_healed":0.0,"max_hp_gain":0.0,"max_hp_loss":0.0,"gold_gain":0.0,"event_name":"Shining Light","player_choice":"Entered Light","floor":4.0,"gold_loss":0.0,"damage_taken":15.0,"cards_upgraded":["Strike_G","Strike_G"]},{"damage_healed":0.0,"max_hp_gain":0.0,"max_hp_loss":0.0,"gold_gain":0.0,"event_name":"Mushrooms","player_choice":"Fought Mushrooms","floor":11.0,"gold_loss":0.0,"damage_taken":0.0},{"cards_removed":["Strike_G"],"damage_healed":0.0,"max_hp_gain":0.0,"max_hp_loss":0.0,"gold_gain":0.0,"event_name":"Bonfire Elementals","player_choice":"Offered Basic","floor":19.0,"gold_loss":0.0,"damage_taken":0.0}],"is_beta":false,"boss_relics":[{"not_picked":["Astrolabe","SacredBark"],"picked":"Black Star"}],"items_purged_floors":[21],"is_endless":false,"potions_floor_spawned":[5,11,16,18,20],"killed_by":"Book of Stabbing","ascension_level":0}}