{"host":"52m1o8iwwagurbjs","time":1613420233,"event":{"mods":["AchievementEnabler","BaseMod","Bestiary","Challenge The Spire","Colored Powertips","GifTheSpireLib","Minty Spire (QoL Compilation)","Quick Restart","Relic Stats","StSLib"],"gold_per_floor":[369,12,28,103,114,145,145,145,145],"floor_reached":8,"language":"ENG","playtime":432,"items_purged":[],"score":59,"play_id":"780c2a22-dca2-46e9-987f-d6316b372645","local_time":"20210215151713","is_ascension_mode":true,"campfire_choices":[{"floor":7,"key":"REST"}],"circlet_count":0,"master_deck":["Strike_R","Strike_R","Strike_R","Strike_R","Strike_R","Defend_R","Defend_R","Defend_R","Defend_R","Bash","Sword Boomerang","Feel No Pain","Entrench+1","Warcry+1","Heavy Blade","Burning Pact+1"],"relics":["Burning Blood","Toxic Egg 2","Thread and Needle"],"acts_visited":["Exordium"],"potions_floor_usage":[8],"damage_taken":[{"damage":4.0,"enemies":"2 Louse","floor":1.0,"turns":3.0},{"damage":4.0,"enemies":"Small Slimes","floor":3.0,"turns":4.0},{"damage":10.0,"enemies":"Cultist","floor":5.0,"turns":4.0},{"damage":27,"enemies":"3 Sentries","floor":6,"turns":13},{"damage":57,"enemies":"Lagavulin","floor":8,"turns":10}],"seed_played":"3277176852990334197","potions_obtained":[{"floor":3.0,"key":"GamblersBrew"}],"is_trial":false,"path_per_floor":["M","$","M","?","M","E","R","E"],"character_chosen":"IRONCLAD","items_purchased":["Toxic Egg 2","Feel No Pain","Entrench+1"],"campfire_rested":1,"item_purchase_floors":[2,2,2],"current_hp_per_floor":[58,58,60,49,45,24,48,0,0],"gold":145,"neow_bonus":"TWO_FIFTY_GOLD","is_daily":false,"chose_seed":false,"campfire_upgraded":0,"win_rate":0.0,"timestamp":1613420233,"path_taken":["M","$","M","?","M","E","R","E"],"items_purchased_type":["Relic","Card","Card"],"build_version":"2020-12-22","purchased_purges":0,"victory":false,"max_hp_per_floor":[80,80,80,80,80,80,80,80,80],"relic_stats":{"counters":[5,34],"obtain_stats":[{"Thread and Needle":6,"Toxic Egg 2":2,"Burning Blood":0},{"Thread and Needle":4,"Toxic Egg 2":1,"Burning Blood":0},{"Thread and Needle":24,"Toxic Egg 2":3,"Burning Blood":0}],"Burning Blood":24},"card_choices":[{"not_picked":["Armaments","Shrug It Off"],"picked":"Sword Boomerang","floor":1.0},{"not_picked":["Thunderclap","Headbutt"],"picked":"Warcry+1","floor":3.0},{"not_picked":["Anger","Iron Wave"],"picked":"Heavy Blade","floor":5.0},{"not_picked":["Clothesline","Twin Strike"],"picked":"Burning Pact+1","floor":6}],"player_experience":1363997,"relics_obtained":[{"floor":6,"key":"Thread and Needle"}],"event_choices":[{"damage_healed":0.0,"max_hp_gain":0.0,"max_hp_loss":0.0,"gold_gain":75.0,"event_name":"World of Goop","player_choice":"Gather Gold","floor":4.0,"gold_loss":0.0,"damage_taken":11.0}],"is_beta":false,"boss_relics":[],"items_purged_floors":[],"is_endless":false,"potions_floor_spawned":[3],"killed_by":"Lagavulin","ascension_level":1}}