{"host":"or8fr2mp0k3eluj8","time":1613395210,"event":{"mods":["AchievementEnabler","BaseMod","Colored Map","DeckTracker","Minty Spire (QoL Compilation)","SuperFastMode"],"gold_per_floor":[117,117,192,205,49,77,77,111,111,111,143,181,293,318,330,444,456,483,420,431,450,450,450,450],"floor_reached":23,"language":"KOR","playtime":667,"items_purged":["Defend_B"],"score":235,"play_id":"6166dc34-5260-4bd8-b5cc-5e466c17c286","local_time":"20210215222010","is_ascension_mode":true,"campfire_choices":[{"data":"Double Energy","floor":7,"key":"SMITH"},{"floor":10,"key":"DIG"},{"floor":15,"key":"DIG"}],"circlet_count":0,"master_deck":["Strike_B","Strike_B","Defend_B","Zap","Dualcast","Ball Lightning","Steam","Beam Cell","Gash","Double Energy+1","Rebound","Conserve Battery","Streamline","Fusion","Gash","Buffer","Fusion+1","Hello World+1","Tempest+1","Self Repair","Compile Driver"],"relics":["Cracked Core","NeowsBlessing","Orrery","Ancient Tea Set","Shovel","MawBank","Vajra","MealTicket","Astrolabe"],"acts_visited":["Exordium","TheCity"],"potions_floor_usage":[16,23,23],"damage_taken":[{"damage":0,"enemies":"2 Louse","floor":1,"turns":1},{"damage":0,"enemies":"Jaw Worm","floor":4,"turns":1},{"damage":0,"enemies":"Gremlin Nob","floor":6,"turns":1},{"damage":20,"enemies":"3 Sentries","floor":8,"turns":7},{"damage":0,"enemies":"Small Slimes","floor":11,"turns":2},{"damage":7,"enemies":"Red Slaver","floor":14,"turns":2},{"damage":29,"enemies":"Hexaghost","floor":16,"turns":10},{"damage":16,"enemies":"Spheric Guardian","floor":18,"turns":5},{"damage":48,"enemies":"3 Byrds","floor":20,"turns":5},{"damage":14,"enemies":"Snake Plant","floor":21,"turns":3},{"damage":25,"enemies":"Book of Stabbing","floor":23,"turns":3}],"seed_played":"-1064794130813421684","potions_obtained":[{"floor":8,"key":"EntropicBrew"},{"floor":11,"key":"Block Potion"}],"is_trial":false,"path_per_floor":["M","?","?","M","$","E","R","E","T","R","M","T","?","M","R","B",null,"M","$","M","M","?","E"],"character_chosen":"DEFECT","items_purchased":["Orrery"],"campfire_rested":0,"item_purchase_floors":[5],"current_hp_per_floor":[75,68,57,57,57,57,57,37,37,37,37,37,37,30,30,1,75,59,74,26,19,19,0,0],"gold":450,"neow_bonus":"THREE_ENEMY_KILL","is_daily":false,"chose_seed":false,"campfire_upgraded":1,"win_rate":0.0,"timestamp":1613395210,"path_taken":["M","?","?","M","$","E","R","E","T","R","M","?","?","?","R","BOSS","M","$","M","M","?","E"],"items_purchased_type":["Relic"],"build_version":"2020-12-22","purchased_purges":1,"victory":false,"max_hp_per_floor":[75,75,75,75,75,75,75,75,75,75,75,75,75,75,75,75,75,75,75,75,75,75,75,75],"card_choices":[{"not_picked":["Conserve Battery","Barrage"],"picked":"Ball Lightning","floor":1},{"not_picked":["Redo","Stack"],"picked":"Steam","floor":4},{"not_picked":["Sweeping Beam","Compile Driver"],"picked":"Beam Cell","floor":5},{"not_picked":["Conserve Battery","Beam Cell"],"picked":"Gash","floor":5},{"not_picked":["Gash","Glacier"],"picked":"Double Energy","floor":5},{"not_picked":["Barrage","Lockon"],"picked":"Rebound","floor":5},{"not_picked":["Meteor Strike","Barrage"],"picked":"Conserve Battery","floor":5},{"not_picked":["Lockon","Double Energy"],"picked":"Streamline","floor":6},{"not_picked":["Double Energy","Consume"],"picked":"Fusion","floor":8},{"not_picked":["Chill","Steam"],"picked":"Gash","floor":11},{"not_picked":["Beam Cell","Cold Snap","Coolheaded"],"picked":"SKIP","floor":14},{"not_picked":["Hyperbeam","Machine Learning"],"picked":"Buffer","floor":16},{"not_picked":["Coolheaded+1","Compile Driver+1"],"picked":"Self Repair","floor":18},{"not_picked":["Streamline+1","Melter","Loop"],"picked":"SKIP","floor":20},{"not_picked":["Steam+1","Beam Cell"],"picked":"Compile Driver","floor":21}],"player_experience":339819,"relics_obtained":[{"floor":6,"key":"Ancient Tea Set"},{"floor":8,"key":"Shovel"},{"floor":10,"key":"MawBank"},{"floor":12,"key":"Vajra"},{"floor":15,"key":"MealTicket"}],"event_choices":[{"cards_removed":["Strike_B"],"damage_healed":0,"gold_gain":0,"player_choice":"Card Removal","damage_taken":7,"max_hp_gain":0,"max_hp_loss":0,"event_name":"Golden Wing","floor":2,"gold_loss":0},{"damage_healed":0,"gold_gain":75,"player_choice":"Gather Gold","damage_taken":11,"max_hp_gain":0,"max_hp_loss":0,"event_name":"World of Goop","floor":3,"gold_loss":0},{"damage_healed":0,"gold_gain":100,"player_choice":"Pray","damage_taken":0,"max_hp_gain":0,"max_hp_loss":0,"event_name":"Golden Shrine","floor":13,"gold_loss":0},{"damage_healed":0,"gold_gain":0,"player_choice":"Ignored","damage_taken":0,"max_hp_gain":0,"max_hp_loss":0,"event_name":"Vampires","floor":22,"gold_loss":0}],"is_beta":false,"boss_relics":[{"not_picked":["Inserter","Busted Crown"],"picked":"Astrolabe"}],"items_purged_floors":[19],"is_endless":false,"potions_floor_spawned":[8,11],"killed_by":"Book of Stabbing","ascension_level":1}}