{"host":"eft627g0ddukeijo","time":1613377647,"event":{"mods":["AchievementEnabler","BaseMod","Bestiary","Better Note","Block Reminder","Colored Powertips","Filter the Spire","Highlight Path","Minty Spire (QoL Compilation)","Permanent Neow","Quick Restart","Rare Cards Sparkle","Relic Stats","Slay-I","StSLib","Weighted Paths"],"gold_per_floor":[113,113,62,82,92,92,121,121,121,133,308,83,83,95,95,193,193,206,216,236,236,246,246,280,280,280,296,323,342,522,536,536,635,635,649,666,666,716,734,734,763,590,615,642,290,290,309,309,309,309,309,309,13,40,40],"floor_reached":56,"language":"ENG","playtime":2317,"items_purged":["Doubt","Defend_B"],"score":1431,"play_id":"7b386002-6d0b-446c-b867-5c516bdd6f73","local_time":"20210215172727","is_ascension_mode":true,"campfire_choices":[{"floor":6.0,"key":"RECALL"},{"floor":8.0,"key":"REST"},{"floor":15.0,"key":"REST"},{"floor":23.0,"key":"REST"},{"data":"Capacitor","floor":25.0,"key":"SMITH"},{"floor":32.0,"key":"REST"},{"data":"Fission","floor":40.0,"key":"SMITH"},{"floor":46.0,"key":"REST"},{"floor":49.0,"key":"REST"},{"data":"Creative AI","floor":52.0,"key":"SMITH"}],"circlet_count":0,"master_deck":["Defend_B+1","Defend_B","Defend_B","Zap+1","Dualcast","Capacitor+1","Ball Lightning","Glacier","Conserve Battery","Reboot","Ball Lightning","Fission+1","Genetic Algorithm+1","Consume+1","Hologram+1","Static Discharge+1","Double Energy+1","Chill","Coolheaded+1","Coolheaded","Rebound","Electrodynamics","Conserve Battery+1","Coolheaded+1","White Noise+1","White Noise+1","Creative AI+1","Self Repair","Lockon+1","Glacier","Madness","Madness"],"relics":["Cracked Core","Happy Flower","Pantograph","War Paint","Blood Vial","Astrolabe","White Beast Statue","DataDisk","StrikeDummy","SacredBark","Ginger","Thread and Needle","Molten Egg 2","Bottled Tornado","Calipers","Eternal Feather"],"acts_visited":["Exordium","TheCity","TheBeyond","TheEnding"],"potions_floor_usage":[],"damage_taken":[{"damage":6.0,"enemies":"2 Louse","floor":1.0,"turns":2.0},{"damage":1.0,"enemies":"Cultist","floor":4.0,"turns":3.0},{"damage":4.0,"enemies":"Jaw Worm","floor":5.0,"turns":4.0},{"damage":40.0,"enemies":"Gremlin Nob","floor":7.0,"turns":5.0},{"damage":1.0,"enemies":"Exordium Wildlife","floor":10.0,"turns":3.0},{"damage":11.0,"enemies":"Lots of Slimes","floor":14.0,"turns":4.0},{"damage":24.0,"enemies":"The Guardian","floor":16.0,"turns":8.0},{"damage":23.0,"enemies":"3 Byrds","floor":18.0,"turns":5.0},{"damage":3.0,"enemies":"Chosen","floor":19.0,"turns":6.0},{"damage":13.0,"enemies":"Snake Plant","floor":20.0,"turns":3.0},{"damage":14.0,"enemies":"Sentry and Sphere","floor":22.0,"turns":4.0},{"damage":6.0,"enemies":"Gremlin Leader","floor":24.0,"turns":7.0},{"damage":0.0,"enemies":"Snecko","floor":27.0,"turns":4.0},{"damage":24.0,"enemies":"Book of Stabbing","floor":28.0,"turns":4.0},{"damage":4.0,"enemies":"Shelled Parasite and Fungi","floor":29.0,"turns":4.0},{"damage":5.0,"enemies":"Cultist and Chosen","floor":31.0,"turns":5.0},{"damage":30.0,"enemies":"Champ","floor":33.0,"turns":12.0},{"damage":1.0,"enemies":"Orb Walker","floor":35.0,"turns":5.0},{"damage":22.0,"enemies":"3 Shapes","floor":36.0,"turns":3.0},{"damage":10.0,"enemies":"Mind Bloom Boss Battle","floor":38.0,"turns":7.0},{"damage":4.0,"enemies":"3 Darklings","floor":39.0,"turns":7.0},{"damage":3.0,"enemies":"Reptomancer","floor":41.0,"turns":5.0},{"damage":52.0,"enemies":"Giant Head","floor":44.0,"turns":10.0},{"damage":0.0,"enemies":"Maw","floor":47.0,"turns":6.0},{"damage":59.0,"enemies":"Awakened One","floor":50.0,"turns":23.0},{"damage":8.0,"enemies":"Shield and Spear","floor":54.0,"turns":4.0},{"damage":51,"enemies":"The Heart","floor":55,"turns":11}],"seed_played":"2297809120512592980","potions_obtained":[{"floor":5.0,"key":"ColorlessPotion"},{"floor":10.0,"key":"Dexterity Potion"},{"floor":13.0,"key":"DistilledChaos"},{"floor":13.0,"key":"Regen Potion"},{"floor":14.0,"key":"FocusPotion"},{"floor":16.0,"key":"FearPotion"},{"floor":20.0,"key":"LiquidBronze"},{"floor":22.0,"key":"Block Potion"},{"floor":27.0,"key":"Regen Potion"},{"floor":28.0,"key":"Ancient Potion"},{"floor":29.0,"key":"Weak Potion"},{"floor":31.0,"key":"Swift Potion"},{"floor":33.0,"key":"Explosive Potion"},{"floor":35.0,"key":"EssenceOfDarkness"},{"floor":38.0,"key":"Block Potion"},{"floor":41.0,"key":"FearPotion"},{"floor":44.0,"key":"LiquidMemories"},{"floor":54.0,"key":"Explosive Potion"}],"is_trial":false,"path_per_floor":["M","?","$","M","M","R","E","R","T","M","?","$","?","M","R","B",null,"M","M","M","$","M","R","E","R","T","M","E","M","?","M","R","B",null,"M","M","?","?","M","R","E","$","T","E","$","R","M","?","R","B",null,"R","$","E","B",null],"character_chosen":"DEFECT","items_purchased":["Ball Lightning","Blood Vial","DistilledChaos","Bottled Tornado","Self Repair","Lockon+1","Calipers"],"campfire_rested":6,"item_purchase_floors":[3,12,42,45,45,45,53],"current_hp_per_floor":[69,69,69,68,64,64,24,46,46,45,45,45,45,36,58,51,75,52,66,55,55,43,65,61,61,61,63,41,51,32,29,51,45,75,74,53,53,65,63,63,62,62,62,12,12,34,43,34,56,23,75,75,75,74,24],"gold":40,"neow_bonus":"RANDOM_COMMON_RELIC","is_daily":false,"chose_seed":false,"campfire_upgraded":3,"win_rate":0.0,"timestamp":1613377647,"path_taken":["M","?","$","M","M","R","E","R","T","?","?","$","?","?","R","BOSS","M","M","?","$","M","R","E","R","T","M","E","M","?","M","R","BOSS","M","M","?","?","M","R","E","$","T","E","$","R","M","?","R","BOSS","R","$","E","BOSS"],"items_purchased_type":["Card","Relic","Potion","Relic","Card","Card","Relic"],"build_version":"2020-12-22","purchased_purges":2,"victory":true,"max_hp_per_floor":[75,75,75,75,75,75,75,75,75,75,75,75,75,75,75,75,75,75,75,75,75,75,75,75,75,75,75,75,75,75,75,75,75,75,75,75,75,75,75,75,75,75,75,75,75,75,75,75,75,75,75,75,75,75,75],"relic_stats":{"Blood Vial":36,"Happy Flower":[54],"counters":[27,163],"Pantograph":74,"Astrolabe":["Genetic Algorithm","Consume","Hologram"],"Eternal Feather":0,"Ginger":[7],"War Paint":["Zap","Defend_B"],"obtain_stats":[{"Calipers":53,"Happy Flower":0,"Astrolabe":17,"SacredBark":34,"Thread and Needle":41,"Eternal Feather":54,"Ginger":38,"War Paint":9,"Bottled Tornado":45,"White Beast Statue":24,"Blood Vial":12,"DataDisk":26,"Pantograph":7,"Molten Egg 2":44,"Cracked Core":0,"StrikeDummy":28},{"Calipers":25,"Happy Flower":0,"Astrolabe":7,"SacredBark":17,"Thread and Needle":22,"Eternal Feather":26,"Ginger":20,"War Paint":4,"Bottled Tornado":23,"White Beast Statue":12,"Blood Vial":5,"DataDisk":12,"Pantograph":4,"Molten Egg 2":23,"Cracked Core":0,"StrikeDummy":14},{"Calipers":148,"Happy Flower":0,"Astrolabe":29,"SacredBark":83,"Thread and Needle":110,"Eternal Feather":152,"Ginger":98,"War Paint":14,"Bottled Tornado":120,"White Beast Statue":54,"Blood Vial":17,"DataDisk":54,"Pantograph":14,"Molten Egg 2":120,"Cracked Core":0,"StrikeDummy":62}]},"card_choices":[{"not_picked":["Turbo","Lockon"],"picked":"Capacitor","floor":1.0},{"not_picked":["Turbo","Streamline"],"picked":"Glacier","floor":4.0},{"not_picked":["Reinforced Body","Turbo","Rebound"],"picked":"SKIP","floor":5.0},{"not_picked":["Doom and Gloom","Recycle"],"picked":"Conserve Battery","floor":7.0},{"not_picked":["Redo","Skim"],"picked":"Reboot","floor":10.0},{"not_picked":["Skim","Gash"],"picked":"Ball Lightning","floor":14.0},{"not_picked":["All For One","Meteor Strike"],"picked":"Fission","floor":16.0},{"not_picked":["Stack","Sweeping Beam","Consume+1"],"picked":"SKIP","floor":18.0},{"not_picked":["Redo","FTL"],"picked":"Static Discharge+1","floor":19.0},{"not_picked":["Compile Driver","Auto Shields","Turbo"],"picked":"SKIP","floor":20.0},{"not_picked":["Redo+1","Stack"],"picked":"Double Energy+1","floor":22.0},{"not_picked":["Darkness","Rainbow","Sweeping Beam"],"picked":"SKIP","floor":24.0},{"not_picked":["Aggregate","Coolheaded"],"picked":"Chill","floor":27.0},{"not_picked":["Steam Power","Auto Shields"],"picked":"Coolheaded+1","floor":28.0},{"not_picked":["Lockon","Doom and Gloom+1"],"picked":"Coolheaded","floor":29.0},{"not_picked":["Chaos","Steam"],"picked":"Rebound","floor":31.0},{"not_picked":["Amplify","Buffer"],"picked":"Electrodynamics","floor":33.0},{"not_picked":["Beam Cell","Hologram"],"picked":"Conserve Battery+1","floor":35.0},{"not_picked":["Hologram+1","Darkness+1"],"picked":"Coolheaded+1","floor":36.0},{"not_picked":["Ball Lightning+1","Scrape+1"],"picked":"White Noise+1","floor":39.0},{"not_picked":["Leap","FTL"],"picked":"White Noise+1","floor":41.0},{"not_picked":["Streamline+1","Stack+1"],"picked":"Creative AI","floor":44.0},{"not_picked":["Stack+1","Sweeping Beam+1"],"picked":"Glacier","floor":47.0},{"not_picked":["Streamline+1","Barrage+1","Reinforced Body+1"],"picked":"SKIP","floor":54.0}],"player_experience":589981,"relics_obtained":[{"floor":7.0,"key":"Pantograph"},{"floor":9.0,"key":"War Paint"},{"floor":24.0,"key":"White Beast Statue"},{"floor":26.0,"key":"DataDisk"},{"floor":28.0,"key":"StrikeDummy"},{"floor":38.0,"key":"Ginger"},{"floor":41.0,"key":"Thread and Needle"},{"floor":44.0,"key":"Molten Egg 2"},{"floor":54.0,"key":"Eternal Feather"}],"event_choices":[{"cards_removed":["Strike_B"],"damage_healed":0.0,"max_hp_gain":0.0,"max_hp_loss":0.0,"gold_gain":0.0,"event_name":"betterNote:BetterNote","player_choice":"Give","floor":2.0,"gold_loss":0.0,"damage_taken":0.0,"cards_obtained":["Strike_B"]},{"damage_healed":0.0,"max_hp_gain":0.0,"max_hp_loss":0.0,"gold_gain":175.0,"event_name":"Liars Game","player_choice":"AGREE","floor":11.0,"gold_loss":0.0,"damage_taken":0.0,"cards_obtained":["Doubt"]},{"damage_healed":0.0,"max_hp_gain":0.0,"max_hp_loss":0.0,"gold_gain":0.0,"event_name":"Lab","player_choice":"Got Potions","floor":13.0,"gold_loss":0.0,"damage_taken":0.0},{"damage_healed":0.0,"max_hp_gain":0.0,"max_hp_loss":0.0,"gold_gain":180.0,"event_name":"Knowing Skull","player_choice":"GOLD GOLD ","floor":30.0,"potions_obtained":[],"gold_loss":0.0,"damage_taken":19.0,"cards_obtained":[]},{"cards_removed":["Strike_B"],"damage_healed":0.0,"max_hp_gain":0.0,"max_hp_loss":0.0,"gold_gain":0.0,"event_name":"Falling","player_choice":"Removed Attack","floor":37.0,"gold_loss":0.0,"damage_taken":0.0},{"damage_healed":0.0,"max_hp_gain":0.0,"max_hp_loss":0.0,"gold_gain":0.0,"event_name":"MindBloom","player_choice":"Fight","floor":38.0,"gold_loss":0.0,"damage_taken":0.0},{"damage_healed":0.0,"max_hp_gain":0.0,"max_hp_loss":0.0,"gold_gain":0.0,"event_name":"Winding Halls","player_choice":"Embrace Madness","floor":48.0,"gold_loss":0.0,"damage_taken":9.0,"cards_obtained":["Madness","Madness"]}],"is_beta":false,"boss_relics":[{"not_picked":["Velvet Choker","Empty Cage"],"picked":"Astrolabe"},{"not_picked":["Tiny House","Coffee Dripper"],"picked":"SacredBark"}],"items_purged_floors":[12,42],"is_endless":false,"potions_floor_spawned":[5,10,14,16,20,22,27,28,29,31,33,35,36,38,39,41,44,47,54],"ascension_level":4}}