{"host":"x3688v8yj57o2b0e","time":1613366254,"event":{"mods":["BaseMod","Minty Spire (QoL Compilation)"],"gold_per_floor":[116,191,3,21,35,67,32,60,60,103,125,125,146,8,8,115,115,135,135,135,51,96,139,24,63,112,152,152,169,180,201,201,311,311,334,354,12,12,65,65,65,90,136,136,180,192,204,0,12,24,36,48,39,83,83],"floor_reached":56,"language":"ENG","playtime":3762,"items_purged":["Strike_R"],"score":1449,"play_id":"e6f9cf16-516a-46e5-b114-7d54f25773d0","local_time":"20210215001734","is_ascension_mode":true,"campfire_choices":[{"data":"True Grit","floor":12,"key":"SMITH"},{"floor":15,"key":"REST"},{"data":"Inflame","floor":32,"key":"SMITH"},{"data":"Inflame","floor":40,"key":"SMITH"},{"data":"Evolve","floor":41,"key":"SMITH"},{"data":"Ghostly","floor":44,"key":"SMITH"},{"data":"Limit Break","floor":46,"key":"SMITH"},{"floor":49,"key":"RECALL"},{"data":"Ghostly","floor":52,"key":"SMITH"}],"circlet_count":0,"master_deck":["Strike_R+1","Strike_R+1","Strike_R+1","Strike_R+1","Defend_R+1","Defend_R+1","Defend_R+1","Defend_R+1","Bash","Cleave","Inflame+1","Reaper","Sword Boomerang","Twin Strike","Pummel","Shrug It Off","Immolate","True Grit+1","Power Through","Seeing Red","Fiend Fire","Whirlwind","Inflame+1","Body Slam","Ghostly+1","Ghostly+1","Ghostly+1","Ghostly+1","Ghostly+1","Brutality","Rage","Heavy Blade","True Grit","Corruption","Sword Boomerang+1","Spot Weakness+1","Feel No Pain","Rupture","Inflame","Evolve+1","Limit Break+1","Dark Embrace","Offering"],"relics":["SacredBark","Centennial Puzzle","Incense Burner","Paper Frog","CeramicFish","Snecko Eye","Nilry\u0027s Codex","The Courier","ClockworkSouvenir","Kunai","Art of War","War Paint","Mark of Pain","WingedGreaves","Bronze Scales","MawBank","Red Mask","Shuriken"],"acts_visited":["Exordium","TheCity","TheBeyond","TheEnding"],"potions_floor_usage":[8,16,16,27,29,33,33,55,55],"damage_taken":[{"damage":14,"enemies":"Small Slimes","floor":1,"turns":4},{"damage":8,"enemies":"2 Louse","floor":4,"turns":3},{"damage":8,"enemies":"Jaw Worm","floor":5,"turns":4},{"damage":25,"enemies":"Lagavulin","floor":6,"turns":6},{"damage":5,"enemies":"3 Sentries","floor":8,"turns":6},{"damage":40,"enemies":"Gremlin Nob","floor":10,"turns":5},{"damage":0,"enemies":"2 Fungi Beasts","floor":11,"turns":1},{"damage":12,"enemies":"Blue Slaver","floor":13,"turns":5},{"damage":13,"enemies":"Hexaghost","floor":16,"turns":6},{"damage":6,"enemies":"2 Thieves","floor":18,"turns":4},{"damage":4,"enemies":"Book of Stabbing","floor":23,"turns":7},{"damage":3,"enemies":"Slavers","floor":25,"turns":5},{"damage":22,"enemies":"Book of Stabbing","floor":27,"turns":8},{"damage":1,"enemies":"Spheric Guardian","floor":29,"turns":3},{"damage":1,"enemies":"Snecko","floor":30,"turns":7},{"damage":8,"enemies":"Snake Plant","floor":31,"turns":4},{"damage":36,"enemies":"Champ","floor":33,"turns":8},{"damage":17,"enemies":"3 Shapes","floor":35,"turns":5},{"damage":1,"enemies":"Orb Walker","floor":36,"turns":8},{"damage":5,"enemies":"2 Orb Walkers","floor":39,"turns":4},{"damage":8,"enemies":"Nemesis","floor":42,"turns":6},{"damage":5,"enemies":"Giant Head","floor":45,"turns":9},{"damage":8,"enemies":"Donu and Deca","floor":50,"turns":9},{"damage":8,"enemies":"Shield and Spear","floor":54,"turns":7},{"damage":30,"enemies":"The Heart","floor":55,"turns":8}],"seed_played":"7673835827597992844","potions_obtained":[{"floor":6,"key":"EssenceOfSteel"},{"floor":8,"key":"GamblersBrew"},{"floor":10,"key":"BlessingOfTheForge"},{"floor":11,"key":"Strength Potion"},{"floor":18,"key":"Energy Potion"},{"floor":25,"key":"LiquidMemories"},{"floor":27,"key":"Energy Potion"},{"floor":30,"key":"CultistPotion"},{"floor":33,"key":"Energy Potion"},{"floor":36,"key":"Energy Potion"}],"is_trial":false,"path_per_floor":["M","?","$","M","M","E","?","E","T","E","M","R","M","$","R","B",null,"M","?","?","$","?","E","$","E","T","E","?","M","M","M","R","B",null,"M","M","$","?","?","R","R","E","T","R","E","R","?","?","R","B",null,"R","$","E","B",null],"character_chosen":"IRONCLAD","items_purchased":["Inflame","Reaper","Seeing Red","Inflame","Body Slam","ClockworkSouvenir","Feel No Pain","Rupture","FairyPotion","CultistPotion","Inflame","Evolve","Dark Embrace"],"campfire_rested":1,"item_purchase_floors":[3,3,14,21,21,24,37,37,37,37,37,37,53],"current_hp_per_floor":[66,55,55,49,41,16,36,49,49,19,19,19,11,11,35,39,80,80,80,64,64,40,40,40,37,37,23,23,22,40,32,32,18,40,28,34,34,34,40,40,40,32,32,32,40,40,38,38,38,37,38,38,38,30,22],"gold":83,"neow_bonus":"BOSS_RELIC","is_daily":false,"chose_seed":false,"campfire_upgraded":7,"win_rate":0.0,"timestamp":1613366254,"path_taken":["M","?","$","M","M","E","?","E","T","E","?","R","M","$","R","BOSS","M","?","?","$","?","E","$","E","T","E","?","?","M","M","R","BOSS","M","M","$","?","?","R","R","E","T","R","E","R","?","?","R","BOSS","R","$","E","BOSS"],"items_purchased_type":["Card","Card","Card","Card","Card","Relic","Card","Card","Potion","Potion","Card","Card","Card"],"build_version":"2020-12-22","purchased_purges":1,"victory":true,"max_hp_per_floor":[80,80,80,80,80,80,80,80,80,80,80,80,80,80,80,80,80,80,80,80,80,40,40,40,40,40,40,40,40,40,40,40,40,40,40,40,40,40,40,40,40,40,40,40,40,40,38,38,38,38,38,38,38,38,38],"card_choices":[{"not_picked":["Iron Wave","Thunderclap"],"picked":"Cleave","floor":1},{"not_picked":["Rupture","Fire Breathing"],"picked":"Sword Boomerang","floor":4},{"not_picked":["Anger","Rampage"],"picked":"Twin Strike","floor":5},{"not_picked":["Intimidate","Infernal Blade"],"picked":"Pummel","floor":6},{"not_picked":["Twin Strike","Uppercut"],"picked":"Shrug It Off","floor":8},{"not_picked":["Warcry","Iron Wave"],"picked":"Immolate","floor":10},{"not_picked":["Evolve","Pommel Strike"],"picked":"True Grit","floor":11},{"not_picked":["Wild Strike","Burning Pact"],"picked":"Power Through","floor":13},{"not_picked":["Berserk","Reaper"],"picked":"Fiend Fire","floor":16},{"not_picked":["Intimidate","Clothesline"],"picked":"Whirlwind","floor":18},{"not_picked":["Headbutt","Intimidate"],"picked":"Brutality","floor":23},{"not_picked":["Perfected Strike","Flex"],"picked":"Rage","floor":25},{"not_picked":["Twin Strike","Whirlwind"],"picked":"Heavy Blade","floor":27},{"not_picked":["Clothesline","Reckless Charge","Dropkick"],"picked":"SKIP","floor":29},{"not_picked":["Perfected Strike","Shrug It Off","Whirlwind"],"picked":"SKIP","floor":30},{"not_picked":["Cleave+1","Heavy Blade"],"picked":"True Grit","floor":31},{"not_picked":["Fiend Fire","Juggernaut"],"picked":"Corruption","floor":33},{"not_picked":["Combust","Cleave+1"],"picked":"Sword Boomerang+1","floor":35},{"not_picked":["Heavy Blade+1","Perfected Strike+1"],"picked":"Spot Weakness+1","floor":36},{"not_picked":["Pommel Strike","Cleave+1","Sword Boomerang+1"],"picked":"SKIP","floor":42},{"not_picked":["Disarm+1","Burning Pact"],"picked":"Limit Break","floor":45},{"not_picked":["Dual Wield","Whirlwind+1"],"picked":"Offering","floor":54}],"player_experience":240529,"relics_obtained":[{"floor":6,"key":"Centennial Puzzle"},{"floor":8,"key":"Incense Burner"},{"floor":9,"key":"Paper Frog"},{"floor":10,"key":"CeramicFish"},{"floor":20,"key":"Nilry\u0027s Codex"},{"floor":23,"key":"The Courier"},{"floor":25,"key":"Kunai"},{"floor":26,"key":"Art of War"},{"floor":27,"key":"War Paint"},{"floor":39,"key":"WingedGreaves"},{"floor":42,"key":"Bronze Scales"},{"floor":45,"key":"MawBank"},{"floor":54,"key":"Shuriken"}],"event_choices":[{"damage_healed":0,"gold_gain":75,"player_choice":"Gather Gold","damage_taken":11,"max_hp_gain":0,"max_hp_loss":0,"event_name":"World of Goop","floor":2,"gold_loss":0},{"damage_healed":20,"gold_gain":0,"player_choice":"Healed","damage_taken":0,"max_hp_gain":0,"max_hp_loss":0,"event_name":"The Cleric","floor":7,"gold_loss":35},{"damage_healed":0,"gold_gain":0,"player_choice":"Simplicity","damage_taken":0,"max_hp_gain":0,"max_hp_loss":0,"event_name":"Back to Basics","floor":19,"gold_loss":0,"cards_upgraded":["Strike_R","Strike_R","Strike_R","Strike_R","Defend_R","Defend_R","Defend_R","Defend_R"]},{"damage_healed":0,"gold_gain":0,"player_choice":"Obtained Book","damage_taken":16,"max_hp_gain":0,"max_hp_loss":0,"event_name":"Cursed Tome","floor":20,"gold_loss":0},{"damage_healed":0,"gold_gain":0,"player_choice":"Became a Ghost","damage_taken":0,"max_hp_gain":0,"max_hp_loss":40,"event_name":"Ghosts","floor":22,"gold_loss":0,"cards_obtained":["Ghostly","Ghostly","Ghostly","Ghostly","Ghostly"]},{"damage_healed":0,"gold_gain":0,"player_choice":"Forge","damage_taken":0,"max_hp_gain":0,"max_hp_loss":0,"event_name":"Accursed Blacksmith","floor":28,"gold_loss":0,"cards_upgraded":["Ghostly"]},{"damage_healed":0,"gold_gain":0,"player_choice":"Memory 1","damage_taken":0,"max_hp_gain":0,"max_hp_loss":0,"event_name":"SensoryStone","floor":38,"gold_loss":0},{"damage_healed":0,"gold_gain":0,"player_choice":"Fight","damage_taken":0,"max_hp_gain":0,"max_hp_loss":0,"event_name":"Mysterious Sphere","floor":39,"gold_loss":0},{"damage_healed":0,"gold_gain":0,"player_choice":"Max HP","damage_taken":0,"max_hp_gain":0,"max_hp_loss":2,"event_name":"Winding Halls","floor":47,"gold_loss":0},{"damage_healed":0,"gold_gain":0,"player_choice":"Paid","damage_taken":0,"relics_obtained":["Red Mask"],"max_hp_gain":0,"max_hp_loss":0,"event_name":"Tomb of Lord Red Mask","floor":48,"gold_loss":216}],"is_beta":false,"boss_relics":[{"not_picked":["Runic Pyramid","Ectoplasm"],"picked":"Snecko Eye"},{"not_picked":["Tiny House","Busted Crown"],"picked":"Mark of Pain"}],"items_purged_floors":[14],"is_endless":false,"potions_floor_spawned":[6,8,10,11,18,25,27,30,33,36,42],"ascension_level":3}}