{"host":"knk89g45d3vzr5fm","time":1613402402,"event":{"mods":["2.2 Compatiblity","BaseMod","Downfall","Minty Spire (QoL Compilation)","Relic Stats","Reliquary","Replay The Spire","StSLib","The Marked"],"gold_per_floor":[99,111,130,130,146,177,201,235,235,247,258,285,38,65,81,184,184,84,97,112,112,212,239,262,296,308,341,441,475,375,375,401,522,522,522,549,580,635,248,295,343,370,423,473,373,411,411,26,63,103,103,178,27,27,55,79],"floor_reached":57,"language":"FRA","playtime":8087,"items_purged":["downfall:Malfunctioning","sneckomod:Strike+1","sneckomod:Unknown"],"score":2218,"play_id":"3b8ae2f0-5c77-4318-8883-7f8a526a0be2","local_time":"20210215162001","is_ascension_mode":true,"campfire_choices":[{"data":"sneckomod:SnekBite","floor":1.0,"key":"SMITH"},{"data":"sneckomod:Rotation","floor":18,"key":"SMITH"},{"floor":30,"key":"REST"},{"floor":35,"key":"RECALL"},{"floor":45,"key":"REST"},{"floor":47,"key":"REST"},{"data":"Reprogram","floor":54,"key":"SMITH"}],"circlet_count":0,"master_deck":["sneckomod:Defend+1","sneckomod:TailWhip+1","sneckomod:SnekBite+1","sneckomod:Unknown","sneckomod:Unknown1Cost+1","sneckomod:UnknownRareAttack+1","sneckomod:MixItUp+1","sneckomod:TrashToTreasure+1","sneckomod:Nope","sneckomod:UnknownClassRED+1","sneckomod:SoulRoll+1","sneckomod:ImprovisedGuard","sneckomod:UnknownClassGREEN","Reprogram+1","sneckomod:Mudshield","sneckomod:Rotation+1","sneckomod:Restock+1","sneckomod:QuickMove+1","ReplayUltimateDefense+1","sneckomod:SoulCleanse","sneckomod:QuickBite+1","sneckomod:UnknownBoss","sneckomod:PureSnecko+1","sneckomod:SerpentMind+1","sneckomod:SoulRoll+1","sneckomod:UnendingSupply+1","sneckomod:MasterEye+1","expansioncontent:StudyTheSpire+1"],"relics":["Astrolabe","m_SnakeBloodCore","reliquary:RosewoodLute","Whetstone","sneckomod:CleanMud","Lee\u0027s Waffle","Pet Ghost","Empty Cage","downfall:HeartBlessingBlue","Gambling Chip","Replay:Mystery Machine","bronze:BronzeIdol","Replay:Kaleidoscope","Durian","Frozen Egg 2","Replay:Bandana","downfall:HeartBlessingGreen","Singing Bowl","reliquary:WritOfMandamus","Replay:Accelerometer","Ginger","Gremlin Food","Boot","downfall:HeartBlessingRed","reliquary:RoseTintedGlasses","Replay:Rubber Ducky"],"acts_visited":["Exordium","TheCity","TheBeyond","TheEnding"],"potions_floor_usage":[23,25,25,25,28,40,49,55,55],"damage_taken":[{"damage":0.0,"enemies":"2 Louse","floor":2.0,"turns":1.0},{"damage":13.0,"enemies":"Jaw Worm","floor":3.0,"turns":4.0},{"damage":0.0,"enemies":"Small Slimes","floor":5.0,"turns":2.0},{"damage":54.0,"enemies":"3 Sentries","floor":6.0,"turns":9.0},{"damage":0.0,"enemies":"Lagavulin","floor":8.0,"turns":6.0},{"damage":6.0,"enemies":"downfall:LooterAlt","floor":10.0,"turns":2.0},{"damage":1.0,"enemies":"Exordium Thugs","floor":11.0,"turns":3.0},{"damage":7.0,"enemies":"3 Sentries","floor":12.0,"turns":8.0},{"damage":0.0,"enemies":"downfall:FleeingMerchant","floor":13.0,"turns":4.0},{"damage":0.0,"enemies":"Gremlin Nob","floor":14.0,"turns":2.0},{"damage":14.0,"enemies":"2 Fungi Beasts","floor":15.0,"turns":5.0},{"damage":8.0,"enemies":"SI_SHIV_ARCHETYPE","floor":16.0,"turns":6.0},{"damage":17,"enemies":"Shell Parasite","floor":19,"turns":4},{"damage":0,"enemies":"3 Byrds","floor":20,"turns":5},{"damage":36,"enemies":"Book of Stabbing","floor":23,"turns":6},{"damage":43,"enemies":"Gremlin Leader","floor":25,"turns":9},{"damage":0,"enemies":"3 Cultists","floor":26,"turns":6},{"damage":0,"enemies":"Book of Stabbing","floor":27,"turns":7},{"damage":10,"enemies":"Colosseum Nobs","floor":28,"turns":6},{"damage":0,"enemies":"Gremlin Leader","floor":29,"turns":6},{"damage":0,"enemies":"Snake Plant","floor":32,"turns":2},{"damage":28,"enemies":"DF_ARCHETYPE_CLAW","floor":33,"turns":6},{"damage":1,"enemies":"Orb Walker","floor":36,"turns":2},{"damage":33,"enemies":"3 Darklings","floor":37,"turns":4},{"damage":14,"enemies":"Writhing Mass","floor":38,"turns":3},{"damage":7,"enemies":"downfall:FleeingMerchant","floor":39,"turns":4},{"damage":4,"enemies":"Jaw Worm Horde","floor":40,"turns":3},{"damage":0,"enemies":"4 Shapes","floor":42,"turns":3},{"damage":0,"enemies":"Giant Head","floor":43,"turns":3},{"damage":17,"enemies":"Transient","floor":44,"turns":4},{"damage":0,"enemies":"Spire Growth","floor":46,"turns":2},{"damage":0,"enemies":"Writhing Mass","floor":49,"turns":4},{"damage":0,"enemies":"IC_BLOCK_ARCHETYPE","floor":50,"turns":4},{"damage":0,"enemies":"downfall:CharBossMerchant","floor":52,"turns":3},{"damage":0,"enemies":"downfall:NeowBoss","floor":55,"turns":6},{"damage":0,"enemies":"downfall:NeowBossFinal","floor":56,"turns":6}],"seed_played":"-7057448026994345816","potions_obtained":[{"floor":2.0,"key":"EssenceOfSteel"},{"floor":3.0,"key":"sneckomod:MuddlingPotion"},{"floor":8.0,"key":"SteroidPotion"},{"floor":11.0,"key":"Milkshake"},{"floor":16.0,"key":"Energy Potion"},{"floor":19,"key":"SteroidPotion"},{"floor":23,"key":"Energy Potion"},{"floor":27,"key":"Reflective Coating"},{"floor":28,"key":"hexamod:SoulburnPotion"},{"floor":33,"key":"Block Potion"},{"floor":37,"key":"FearPotion"},{"floor":42,"key":"Guardian:BlockOnCardUsePotion"}],"is_trial":false,"path_per_floor":["R","M","M","?","M","E","T","E","?","M","M","E","$","E","M","B",null,"R","M","M","?","?","E","T","E","M","E","?","E","R","T","M","B",null,"R","M","M","M","$","M","T","M","E","M","R","M","R","$","M","B",null,"E","$","R","B","B",null],"character_chosen":"THE_SNECKO","items_purchased":["Lee\u0027s Waffle","Replay:Accelerometer","sneckomod:UnendingSupply+1","Ginger","sneckomod:MasterEye+1","expansioncontent:StudyTheSpire","Replay:Rubber Ducky"],"campfire_rested":3,"item_purchase_floors":[13,39,39,39,48,48,53],"current_hp_per_floor":[81,81,68,68,71,20,20,27,27,24,26,22,97,97,86,81,93,103,89,92,92,92,59,59,19,22,25,23,26,59,59,62,37,93,93,95,67,58,56,57,57,62,67,55,92,97,128,128,130,130,130,132,132,132,137,137],"gold":79,"neow_bonus":"BOSS_RELIC","is_daily":false,"chose_seed":false,"campfire_upgraded":3,"win_rate":0.0,"timestamp":1613402401,"path_taken":["R","M","M","?","M","E","T","E","?","M","M","E","$","E","M","BOSS","R","M","M","?","?","E","T","E","M","E","?","E","R","?","M","BOSS","R","M","M","M","$","M","T","M","E","M","R","M","R","$","M","BOSS","E","$","R","BOSS","BOSS"],"items_purchased_type":["Relic","Relic","Card","Relic","Card","Card","Relic"],"build_version":"2020-12-22","purchased_purges":3,"victory":true,"max_hp_per_floor":[90,90,90,90,90,90,90,90,90,90,90,90,97,97,97,97,97,107,107,107,107,107,107,107,107,107,107,112,112,112,112,112,112,112,112,112,114,116,118,120,120,122,124,126,126,128,128,128,130,130,130,132,132,132,137,137],"relic_stats":{"Lee\u0027s Waffle":72,"Singing Bowl":20,"counters":[36,160],"Astrolabe":["sneckomod:Unknown1Cost","sneckomod:UnknownRareAttack","sneckomod:MixItUp"],"Gambling Chip":[45],"Whetstone":["sneckomod:Strike","sneckomod:TailWhip"],"Ginger":[18],"Boot":[17],"obtain_stats":[{"Replay:Accelerometer":39,"Singing Bowl":31,"downfall:HeartBlessingGreen":30,"sneckomod:CleanMud":12,"Whetstone":8,"Ginger":39,"Replay:Mystery Machine":24,"sneckomod:SneckoSoul":0,"Empty Cage":17,"Boot":43,"Pet Ghost":14,"Replay:Rubber Ducky":53,"Replay:Bandana":29,"m_SnakeBloodCore":4,"downfall:HeartBlessingBlue":18,"Gambling Chip":23,"reliquary:RoseTintedGlasses":52,"Gremlin Food":41,"Lee\u0027s Waffle":13,"downfall:HeartBlessingRed":45,"Astrolabe":0,"Replay:Kaleidoscope":27,"reliquary:RosewoodLute":6,"Frozen Egg 2":28,"bronze:BronzeIdol":25,"Durian":28,"reliquary:WritOfMandamus":34},{"Replay:Accelerometer":26,"Singing Bowl":20,"downfall:HeartBlessingGreen":20,"sneckomod:CleanMud":8,"Whetstone":5,"Ginger":26,"Replay:Mystery Machine":15,"sneckomod:SneckoSoul":0,"Empty Cage":12,"Boot":29,"Pet Ghost":10,"Replay:Rubber Ducky":34,"Replay:Bandana":20,"m_SnakeBloodCore":2,"downfall:HeartBlessingBlue":12,"Gambling Chip":15,"reliquary:RoseTintedGlasses":34,"Gremlin Food":27,"Lee\u0027s Waffle":9,"downfall:HeartBlessingRed":30,"Astrolabe":0,"Replay:Kaleidoscope":18,"reliquary:RosewoodLute":4,"Frozen Egg 2":19,"bronze:BronzeIdol":16,"Durian":19,"reliquary:WritOfMandamus":22},{"Replay:Accelerometer":122,"Singing Bowl":101,"downfall:HeartBlessingGreen":101,"sneckomod:CleanMud":35,"Whetstone":22,"Ginger":122,"Replay:Mystery Machine":67,"sneckomod:SneckoSoul":0,"Empty Cage":52,"Boot":131,"Pet Ghost":41,"Replay:Rubber Ducky":148,"Replay:Bandana":101,"m_SnakeBloodCore":5,"downfall:HeartBlessingBlue":52,"Gambling Chip":67,"reliquary:RoseTintedGlasses":148,"Gremlin Food":125,"Lee\u0027s Waffle":39,"downfall:HeartBlessingRed":135,"Astrolabe":0,"Replay:Kaleidoscope":89,"reliquary:RosewoodLute":16,"Frozen Egg 2":95,"bronze:BronzeIdol":76,"Durian":95,"reliquary:WritOfMandamus":109}]},"card_choices":[{"not_picked":["sneckomod:MixItUp","sneckomod:UnknownX"],"picked":"sneckomod:TrashToTreasure","floor":2.0},{"not_picked":["sneckomod:UnknownExhaust","sneckomod:UnknownCommonAttack"],"picked":"sneckomod:Nope","floor":3.0},{"not_picked":["sneckomod:SnekBeam","sneckomod:UnknownVulnerable"],"picked":"sneckomod:UnknownClassRED","floor":5.0},{"not_picked":["sneckomod:Unknown0Cost","Dagger Throw"],"picked":"sneckomod:SoulRoll","floor":6.0},{"not_picked":["sneckomod:UnknownClassHEXA_GHOST_PURPLE","sneckomod:UnknownCommonAttack","Recycle"],"picked":"SKIP","floor":8.0},{"not_picked":["sneckomod:QuickBite","sneckomod:RainOfDice"],"picked":"sneckomod:ImprovisedGuard","floor":10.0},{"not_picked":["sneckomod:UnknownClassBLUE","sneckomod:RainOfDice"],"picked":"sneckomod:UnknownClassGREEN","floor":11.0},{"not_picked":["sneckomod:UnknownClassPURPLE","Perfected Strike"],"picked":"Reprogram","floor":12.0},{"not_picked":["sneckomod:UnknownClassTHE_CHAMP_GRAY","ReplayTheSpireMod:GoodbyeWorld"],"picked":"sneckomod:Mudshield","floor":13.0},{"not_picked":["sneckomod:UnknownStrength","sneckomod:UnknownUncommonSkill"],"picked":"sneckomod:UnknownColorless","floor":14.0},{"not_picked":["sneckomod:UnknownClassRED","sneckomod:UnknownCommonAttack"],"picked":"sneckomod:Rotation","floor":15.0},{"not_picked":["sneckomod:UnknownRareSkill","Bullet Time"],"picked":"sneckomod:Restock","floor":16.0},{"not_picked":["sneckomod:DiceCrush","sneckomod:SerpentIdol","sneckomod:UnknownExhaust"],"picked":"SKIP","floor":19},{"not_picked":["sneckomod:RainOfDice+1","sneckomod:SoulRoll"],"picked":"sneckomod:QuickMove+1","floor":20},{"not_picked":["sneckomod:Unknown2Cost","sneckomod:Cheat"],"picked":"sneckomod:Memorize","floor":23},{"not_picked":["sneckomod:WideSting","sneckomod:SnakeSap+1"],"picked":"sneckomod:SoulCleanse","floor":25},{"not_picked":["sneckomod:UnknownDraw+1","sneckomod:Unknown2Cost+1","sneckomod:UnknownX"],"picked":"SKIP","floor":26},{"not_picked":["sneckomod:UnknownDexterity","sneckomod:QuickMove","sneckomod:QuickBite+1"],"picked":"SKIP","floor":27},{"not_picked":["sneckomod:UnknownColorless","sneckomod:CheapStock+1"],"picked":"sneckomod:QuickBite+1","floor":28},{"not_picked":["sneckomod:UnknownCommonAttack","sneckomod:UnknownX"],"picked":"sneckomod:UnknownBoss","floor":29},{"not_picked":["sneckomod:UnknownStrength","sneckomod:SnekBeam+1"],"picked":"sneckomod:PureSnecko+1","floor":32},{"not_picked":["sneckomod:Cheat","sneckomod:Unknown3Cost"],"picked":"sneckomod:SerpentMind+1","floor":33},{"not_picked":["sneckomod:UnknownCommonSkill+1","sneckomod:UnknownStrike+1"],"picked":"sneckomod:SoulRoll+1","floor":36},{"not_picked":["sneckomod:IronFang","sneckomod:UnknownWeak","sneckomod:UnknownStrength+1"],"picked":"Singing Bowl","floor":37},{"not_picked":["sneckomod:DiceBlock","sneckomod:UnknownCommonAttack","sneckomod:QuickBite"],"picked":"Singing Bowl","floor":38},{"not_picked":["sneckomod:SoulExchange","sneckomod:DiceBoulder+1","sneckomod:QuickMove"],"picked":"Singing Bowl","floor":39},{"not_picked":["sneckomod:DiceCrush+1","sneckomod:UnknownWeak+1","sneckomod:QuickBite+1"],"picked":"Singing Bowl","floor":40},{"not_picked":["sneckomod:QuickBite","sneckomod:DiceCrush+1","sneckomod:IronFang"],"picked":"Singing Bowl","floor":42},{"not_picked":["sneckomod:DiceCrush","sneckomod:Unknown1Cost","sneckomod:UnknownX+1"],"picked":"Singing Bowl","floor":43},{"not_picked":["sneckomod:UnknownCommonSkill+1","sneckomod:IronFang+1","sneckomod:QuickMove+1"],"picked":"Singing Bowl","floor":44},{"not_picked":["sneckomod:CheapStock+1","sneckomod:IronFang","sneckomod:UnknownCommonAttack"],"picked":"Singing Bowl","floor":46},{"not_picked":["sneckomod:ImprovisedGuard","sneckomod:SoulDraw","sneckomod:QuickBite+1"],"picked":"Singing Bowl","floor":49},{"not_picked":["sneckomod:UnknownCommonAttack+1","sneckomod:UnknownWeak","sneckomod:WideSting+1"],"picked":"Singing Bowl","floor":52}],"player_experience":2156297,"relics_obtained":[{"floor":6.0,"key":"reliquary:RosewoodLute"},{"floor":8.0,"key":"Whetstone"},{"floor":12.0,"key":"sneckomod:CleanMud"},{"floor":14.0,"key":"Pet Ghost"},{"floor":23,"key":"Gambling Chip"},{"floor":24,"key":"Replay:Mystery Machine"},{"floor":25,"key":"bronze:BronzeIdol"},{"floor":27,"key":"Replay:Kaleidoscope"},{"floor":28,"key":"Durian"},{"floor":28,"key":"Frozen Egg 2"},{"floor":29,"key":"Replay:Bandana"},{"floor":31,"key":"Singing Bowl"},{"floor":41,"key":"Gremlin Food"},{"floor":43,"key":"Boot"},{"floor":52,"key":"reliquary:RoseTintedGlasses"}],"event_choices":[{"damage_healed":0,"gold_gain":0,"player_choice":"Ignored","damage_taken":0,"max_hp_gain":0,"max_hp_loss":0,"event_name":"Vampires","floor":21,"gold_loss":0}],"is_beta":false,"boss_relics":[{"not_picked":["Runic Dome","Replay:Wanted Poster"],"picked":"Empty Cage"},{"not_picked":["Painkiller Herb","reliquary:KinkedSpring"],"picked":"reliquary:WritOfMandamus"}],"items_purged_floors":[13,39,48],"is_endless":false,"potions_floor_spawned":[2,3,8,11,16,19,23,27,28,33,37,42,44,46],"ascension_level":9}}