{"host":"gtoa8h4im74f14p0","time":1613363756,"event":{"mods":["AchievementEnabler","BaseMod","Better Silent Start","Block Reminder","Colored Powertips","Custom Start","Downfall","Hermit","Minty Spire (QoL Compilation)","Reliquary","Shop Mod","StSLib","Swap Starting Deck Mod","The Cursed","The Marked"],"gold_per_floor":[118,118,118,133,133,133,133,153,153,179,195,213,213,226,226,327,327,346,1,19,38,38,38,50,60,60,160,160,172,189,288,288,391,391,406,456,456,467,485,485,485],"floor_reached":40,"language":"ENG","playtime":2831,"items_purged":[],"score":492,"play_id":"c6de3db1-a880-4ad0-b2a7-17b8afe45949","local_time":"20210214233556","is_ascension_mode":false,"campfire_choices":[{"floor":6,"key":"REST"},{"floor":13,"key":"REST"},{"data":"Storm","floor":15,"key":"SMITH"},{"data":"Hello World","floor":23,"key":"SMITH"},{"data":"Zap","floor":32,"key":"SMITH"}],"circlet_count":0,"master_deck":["Ball Lightning","Ball Lightning","Ball Lightning","Ball Lightning","Thunder Strike+1","Stack","Stack+1","Stack","Stack+1","Zap+1","Conserve Battery","CurseOfTheBell","CurseOfTheBell","Regret","Multi-Cast","downfall:Icky","Leap","Leap","Scrape","Beam Cell","Rebound","Storm+1","Biased Cognition","Chaos","Steam","Mayhem","White Noise","Hello World+1","Self Repair","Force Field+1","Bite","Bite","Bite","Bite","Bite","Genetic Algorithm","Leap+1","Rebound","Conserve Battery","Hologram+1","Electrodynamics","Hologram+1","Melter+1","Madness","Madness","Capacitor+1","Beam Cell"],"relics":["Cracked Core","downfall:ExtraCursedBell","Regal Pillow","Mummified Hand","Lizard Tail","Gremlin Horn","War Paint","reliquary:PorcupineQuills","Runic Dome","White Beast Statue","StoneCalendar","Meat on the Bone","SlaversCollar","Gambling Chip"],"acts_visited":["Exordium","TheCity","TheBeyond"],"potions_floor_usage":[27,27,29,30,33,36,40,40],"damage_taken":[{"damage":5,"enemies":"2 Louse","floor":1,"turns":2},{"damage":11,"enemies":"Jaw Worm","floor":4,"turns":2},{"damage":5,"enemies":"Small Slimes","floor":8,"turns":2},{"damage":16,"enemies":"3 Sentries","floor":10,"turns":6},{"damage":0,"enemies":"Exordium Wildlife","floor":11,"turns":2},{"damage":4,"enemies":"3 Louse","floor":12,"turns":2},{"damage":5,"enemies":"Large Slime","floor":14,"turns":5},{"damage":35,"enemies":"Hexaghost","floor":16,"turns":7},{"damage":11,"enemies":"Shell Parasite","floor":18,"turns":4},{"damage":5,"enemies":"3 Byrds","floor":20,"turns":3},{"damage":12,"enemies":"3 Cultists","floor":21,"turns":3},{"damage":0,"enemies":"Snecko","floor":24,"turns":3},{"damage":1,"enemies":"Centurion and Healer","floor":25,"turns":5},{"damage":27,"enemies":"Colosseum Slavers","floor":27,"turns":4},{"damage":11,"enemies":"Colosseum Nobs","floor":27,"turns":4},{"damage":5,"enemies":"Chosen and Byrds","floor":29,"turns":5},{"damage":5,"enemies":"Cultist and Chosen","floor":30,"turns":6},{"damage":28,"enemies":"Collector","floor":33,"turns":7},{"damage":25,"enemies":"3 Darklings","floor":35,"turns":2},{"damage":4,"enemies":"Mind Bloom Boss Battle","floor":36,"turns":6},{"damage":19,"enemies":"Orb Walker","floor":38,"turns":3},{"damage":4,"enemies":"Transient","floor":39,"turns":5},{"damage":67,"enemies":"Reptomancer","floor":40,"turns":2}],"seed_played":"-8403261968862918624","potions_obtained":[{"floor":1,"key":"bronze:BurnAndBuffPotion"},{"floor":8,"key":"FearPotion"},{"floor":21,"key":"SpeedPotion"},{"floor":24,"key":"FearPotion"},{"floor":27,"key":"Block Potion"},{"floor":29,"key":"Dexterity Potion"},{"floor":30,"key":"FocusPotion"},{"floor":33,"key":"SkillPotion"},{"floor":35,"key":"DuplicationPotion"},{"floor":36,"key":"SpeedPotion"},{"floor":38,"key":"Ancient Potion"},{"floor":39,"key":"Explosive Potion"}],"is_trial":false,"path_per_floor":["M","?","?","M","?","R","?","M","T","E","M","M","R","M","R","B",null,"M","$","M","M","?","R","M","M","T","?","?","M","M","?","R","B",null,"M","?","?","M","M","E"],"character_chosen":"DEFECT","items_purchased":["Steam","Mayhem","White Noise","Hello World"],"campfire_rested":2,"item_purchase_floors":[19,19,19,19],"current_hp_per_floor":[52,57,57,46,46,62,62,57,57,41,41,37,62,57,57,22,62,51,51,46,41,41,41,43,43,43,16,16,36,43,43,43,40,43,30,43,38,23,30,0,0],"gold":485,"neow_bonus":"","is_daily":false,"chose_seed":false,"campfire_upgraded":3,"win_rate":0.0,"timestamp":1613363756,"path_taken":["M","?","?","M","?","R","?","M","T","E","?","M","R","M","R","BOSS","M","$","M","M","?","R","M","M","T","?","?","M","M","?","R","BOSS","M","?","?","M","M","E"],"items_purchased_type":["Card","Card","Card","Card"],"build_version":"2020-12-22","purchased_purges":0,"victory":false,"max_hp_per_floor":[57,62,62,62,62,62,62,62,62,62,62,62,62,62,62,62,62,62,62,62,62,43,43,43,43,43,43,43,43,43,43,43,43,43,43,43,43,43,43,43,43],"card_choices":[{"not_picked":["Aggregate","Redo"],"picked":"Conserve Battery","floor":1},{"not_picked":["Cold Snap","Steam"],"picked":"Leap","floor":4},{"not_picked":["Auto Shields","Stack"],"picked":"Leap","floor":8},{"not_picked":["Fission","Aggregate"],"picked":"Scrape","floor":10},{"not_picked":["White Noise","Leap"],"picked":"Beam Cell","floor":11},{"not_picked":["Sweeping Beam","Cold Snap"],"picked":"Rebound","floor":12},{"not_picked":["Conserve Battery","Sweeping Beam"],"picked":"Storm","floor":14},{"not_picked":["All For One","Rainbow"],"picked":"Biased Cognition","floor":16},{"not_picked":["Compile Driver","Go for the Eyes"],"picked":"Chaos","floor":18},{"not_picked":["FTL","Static Discharge"],"picked":"Self Repair","floor":20},{"not_picked":["Barrage","Chaos+1"],"picked":"Force Field+1","floor":21},{"not_picked":["Barrage+1","Sweeping Beam"],"picked":"Genetic Algorithm","floor":24},{"not_picked":["Go for the Eyes+1","Gash+1"],"picked":"Leap+1","floor":25},{"not_picked":["Chill+1","Static Discharge+1"],"picked":"Rebound","floor":27},{"not_picked":["Coolheaded","Fusion"],"picked":"Conserve Battery","floor":29},{"not_picked":["Ball Lightning","Coolheaded"],"picked":"Hologram+1","floor":30},{"not_picked":["Echo Form","Machine Learning"],"picked":"Electrodynamics","floor":33},{"not_picked":["Ball Lightning+1","FTL"],"picked":"Hologram+1","floor":35},{"not_picked":["Darkness+1","Compile Driver"],"picked":"Melter+1","floor":36},{"not_picked":["Sweeping Beam","Go for the Eyes"],"picked":"Capacitor+1","floor":38},{"not_picked":["Compile Driver","Cold Snap"],"picked":"Beam Cell","floor":39}],"player_experience":40606,"relics_obtained":[{"floor":2,"key":"Regal Pillow"},{"floor":2,"key":"Mummified Hand"},{"floor":2,"key":"Lizard Tail"},{"floor":9,"key":"War Paint"},{"floor":10,"key":"reliquary:PorcupineQuills"},{"floor":26,"key":"White Beast Statue"},{"floor":27,"key":"StoneCalendar"},{"floor":27,"key":"Meat on the Bone"},{"floor":36,"key":"Gambling Chip"}],"event_choices":[{"damage_healed":0,"gold_gain":0,"player_choice":"Ignored","damage_taken":0,"max_hp_gain":0,"max_hp_loss":0,"event_name":"Golden Idol","floor":3,"gold_loss":0},{"damage_healed":0,"gold_gain":0,"player_choice":"Grow","damage_taken":0,"max_hp_gain":0,"max_hp_loss":0,"event_name":"Living Wall","floor":5,"gold_loss":0,"cards_upgraded":["Thunder Strike"]},{"damage_healed":0,"gold_gain":0,"player_choice":"Gave Potion","damage_taken":0,"relics_obtained":["Gremlin Horn"],"max_hp_gain":0,"max_hp_loss":0,"event_name":"WeMeetAgain","floor":7,"gold_loss":0},{"damage_healed":0,"gold_gain":0,"player_choice":"Became a vampire","damage_taken":0,"max_hp_gain":0,"max_hp_loss":19,"event_name":"Vampires","floor":22,"gold_loss":0,"cards_obtained":["Bite","Bite","Bite","Bite","Bite"]},{"damage_healed":0,"gold_gain":0,"player_choice":"Fight","damage_taken":0,"max_hp_gain":0,"max_hp_loss":0,"event_name":"Colosseum","floor":27,"gold_loss":0},{"damage_healed":0,"gold_gain":0,"player_choice":"Fought Nobs","damage_taken":0,"max_hp_gain":0,"max_hp_loss":0,"event_name":"Colosseum","floor":27,"gold_loss":0},{"damage_healed":0,"gold_gain":0,"player_choice":"Ignored","damage_taken":0,"max_hp_gain":0,"max_hp_loss":0,"event_name":"The Mausoleum","floor":28,"gold_loss":0},{"damage_healed":0,"gold_gain":99,"player_choice":"Stole From Cult","damage_taken":0,"max_hp_gain":0,"max_hp_loss":0,"event_name":"Nest","floor":31,"gold_loss":0},{"damage_healed":0,"gold_gain":0,"player_choice":"Fight","damage_taken":0,"max_hp_gain":0,"max_hp_loss":0,"event_name":"MindBloom","floor":36,"gold_loss":0},{"damage_healed":0,"gold_gain":0,"player_choice":"Embrace Madness","damage_taken":5,"max_hp_gain":0,"max_hp_loss":0,"event_name":"Winding Halls","floor":37,"gold_loss":0,"cards_obtained":["Madness","Madness"]}],"is_beta":false,"boss_relics":[{"not_picked":["Coffee Dripper","reliquary:KinkedSpring"],"picked":"Runic Dome"},{"not_picked":["Astrolabe","Sozu"],"picked":"SlaversCollar"}],"items_purged_floors":[],"is_endless":false,"potions_floor_spawned":[1,8,21,24,27,27,29,30,33,35,36,38,39],"killed_by":"Reptomancer","ascension_level":0}}