{"host":"vm8b3ptwl81uq21f","time":1613409116,"event":{"mods":["Act Like it!","Aspiration","BaseMod","BetterRewards","Colored Map","Colored Powertips","Conspire","Gensokyo","GifTheSpireLib","Googly Eyes","GungeonMod","Halation","Hubris","Infinite Spire","Minty Spire (QoL Compilation)","Quick Restart","Rare Cards Sparkle","Reliquary","Replay The Spire","Shop Mod","Spicy Shops","Spire Arcade","StSLib","Stuff the Spire","The IronCluck","The Jungle","[IsaacMod]????"],"gold_per_floor":[111,127,139,151,164,189,205,239,251,86,97,116,143,4,4,101,101,118,131,131,150,150,178,193,193,217,28,49,15,15,50,50,149,149,163,163,158,178,197,225,225,225,300,327,345,384,384,395,395,395],"floor_reached":51,"language":"ENG","playtime":2468,"items_purged":["Strike_R","Strike_R","Strike_R","Defend_R","Cleave","Defend_R","Armaments","conspire:Purge+1"],"score":1243,"play_id":"40db6986-8976-4c8c-b1da-48f51da670b9","local_time":"20210215121156","is_ascension_mode":true,"campfire_choices":[{"data":"Apotheosis","floor":15,"key":"SMITH"},{"data":"hubris:ReadiedAction","floor":25,"key":"SMITH"},{"data":"Barricade","floor":47,"key":"SMITH"},{"data":"Body Slam","floor":49,"key":"SMITH"}],"circlet_count":0,"master_deck":["Battle Trance+1","Barricade+1","Body Slam+1","Entrench","Shrug It Off","hubris:ReadiedAction+1","Apotheosis+1","ReplayTheSpireMod:Stacked+1","Offering","Body Slam","Mayhem","StuffTheSpire:BrainWave+1","hubris:ReadiedAction+1","Metallicize"],"relics":["Burning Blood","HushsDoor","SteamSale","MerchantsRug","Mercury Hourglass","Thread and Needle","infinitespire:Beetle Shell","StuffTheSpire:HeavyRock","infinitespire:Golems Mask","conspire:TreasureMap","StuffTheSpire:BottledEssence","DemoMod:GlassGuonStoneRelic","halation:OrihimeAndHikoboshiSamaAndTears","infinitespire:PuzzleCube","Replay:Drink Me","Coffee Dripper","Leech","aspiration:ArtOfWarUpgrade","Toxic Egg 2","ReplayTheSpireMod:ShopPack","War Paint","Red Mask","aspiration:SecretTechniqueScroll","Membership Card","aspiration:Nostalgia","Ring of the Snake","Turnip","SalivaCoin","infinitespire:CursedDice","PillsDrop","Happy Flower","conspire:Flyswatter","Paper Frog"],"acts_visited":["Exordium","TheCity","TheBeyond"],"potions_floor_usage":[],"damage_taken":[{"damage":0,"enemies":"Small Slimes","floor":1,"turns":2},{"damage":0,"enemies":"Jaw Worm","floor":2,"turns":2},{"damage":0,"enemies":"2 Louse","floor":3,"turns":2},{"damage":0,"enemies":"Blue Slaver","floor":4,"turns":3},{"damage":1,"enemies":"2 Fungi Beasts","floor":5,"turns":2},{"damage":18,"enemies":"Gremlin Nob","floor":6,"turns":4},{"damage":6,"enemies":"3 Louse","floor":7,"turns":2},{"damage":0,"enemies":"Lagavulin","floor":8,"turns":6},{"damage":0,"enemies":"Exordium Thugs","floor":11,"turns":3},{"damage":4,"enemies":"Large Slime","floor":12,"turns":3},{"damage":0,"enemies":"Replay:BlueRogue","floor":13,"turns":5},{"damage":0,"enemies":"Slime Boss","floor":16,"turns":5},{"damage":6,"enemies":"Spheric Guardian","floor":18,"turns":3},{"damage":6,"enemies":"Shell Parasite","floor":19,"turns":4},{"damage":6,"enemies":"Shelled Parasite and Fungi","floor":21,"turns":3},{"damage":6,"enemies":"Replay:Snechameleon","floor":23,"turns":3},{"damage":0,"enemies":"Snake Plant","floor":24,"turns":2},{"damage":0,"enemies":"Centurion and Healer","floor":28,"turns":2},{"damage":0,"enemies":"Masked Bandits","floor":31,"turns":1},{"damage":0,"enemies":"Collector","floor":33,"turns":2},{"damage":11,"enemies":"3 Shapes","floor":35,"turns":3},{"damage":6,"enemies":"Orb Walker","floor":38,"turns":1},{"damage":0,"enemies":"Spire Growth","floor":39,"turns":2},{"damage":0,"enemies":"Reptomancer","floor":40,"turns":2},{"damage":6,"enemies":"3 Darklings","floor":44,"turns":2},{"damage":0,"enemies":"4 Shapes","floor":45,"turns":2},{"damage":6,"enemies":"R_Hoarder","floor":46,"turns":4},{"damage":0,"enemies":"Jaw Worm Horde","floor":48,"turns":3},{"damage":0,"enemies":"Replay:Hell Engine","floor":50,"turns":2}],"seed_played":"-6491177302656599987","potions_obtained":[{"floor":4,"key":"Weak Potion"},{"floor":6,"key":"Ancient Potion"},{"floor":7,"key":"SkillPotion"},{"floor":13,"key":"conspire:TimeTravelPotion"},{"floor":16,"key":"Energy Potion"},{"floor":21,"key":"Weak Potion"},{"floor":31,"key":"Energy Potion"},{"floor":33,"key":"SteroidPotion"}],"is_trial":false,"path_per_floor":["M","M","M","M","M","E","M","E","T","$","M","M","E","$","R","B",null,"M","M","AVR","M","?","E","M","R","T","$","M","$","?","?","R","B",null,"M","?","$","M","M","E","R","?","T","M","M","E","R","M","R","B",null],"character_chosen":"IRONCLAD","items_purchased":["Battle Trance","MerchantsRug","Mercury Hourglass","Thread and Needle","infinitespire:Beetle Shell","StuffTheSpire:HeavyRock","Cleave","hubris:ReadiedAction","conspire:TreasureMap","StuffTheSpire:BottledEssence","Apotheosis","halation:OrihimeAndHikoboshiSamaAndTears","infinitespire:PuzzleCube","Toxic Egg 2","ReplayTheSpireMod:ShopPack","War Paint","Membership Card","aspiration:Nostalgia","Turnip","SalivaCoin","infinitespire:CursedDice","Block Potion","PowerPotion","Metallicize","PillsDrop"],"campfire_rested":0,"item_purchase_floors":[0,0,0,0,0,0,0,10,10,10,10,14,14,27,29,29,37,37,37,37,37,37,37,37,37],"current_hp_per_floor":[42,48,54,60,65,53,53,59,59,59,65,67,73,73,73,79,55,55,55,55,55,55,55,55,55,55,55,55,55,55,55,55,55,48,44,44,44,44,51,51,51,51,51,51,51,51,51,51,51,51],"gold":395,"neow_bonus":"","is_daily":false,"chose_seed":false,"campfire_upgraded":4,"win_rate":0.0,"timestamp":1613409116,"path_taken":["M","M","M","M","M","E","M","E","T","$","M","M","E","$","R","BOSS","M","M","AVR","M","?","E","M","R","T","$","M","$","?","?","R","BOSS","M","?","$","M","M","E","R","?","T","M","M","E","R","?","R","BOSS"],"items_purchased_type":["Card","Relic","Relic","Relic","Relic","Relic","Card","Card","Relic","Relic","Card","Relic","Relic","Relic","Relic","Relic","Relic","Relic","Relic","Relic","Relic","Potion","Potion","Card","Relic"],"build_version":"2020-12-22","purchased_purges":8,"victory":true,"max_hp_per_floor":[80,80,80,80,80,80,80,80,80,80,80,80,80,80,80,80,55,55,55,55,55,55,55,55,55,55,55,55,55,55,55,55,55,48,48,48,48,48,51,51,51,51,51,51,51,51,51,51,51,51],"card_choices":[{"not_picked":["ReplayTheSpireMod:Strike From Hell","Armaments"],"picked":"Barricade","floor":1},{"not_picked":["ReplayTheSpireMod:Corrosion Curse","StuffTheSpire:Incineration"],"picked":"Body Slam","floor":2},{"not_picked":["Havoc","Pommel Strike","Shrug It Off"],"picked":"SKIP","floor":3},{"not_picked":["Power Through","Body Slam","Life Link"],"picked":"SKIP","floor":4},{"not_picked":["Heavy Blade","Power Through","hubris:CleavingFinish"],"picked":"SKIP","floor":5},{"not_picked":["Run Through","Havoc"],"picked":"Entrench","floor":6},{"not_picked":["Warcry","Anger"],"picked":"Armaments","floor":7},{"not_picked":["StuffTheSpire:RockThrow","Sever Soul"],"picked":"Shrug It Off","floor":8},{"not_picked":["Cleave","StuffTheSpire:Incineration","Replay:Undeath\u0027s Touch"],"picked":"SKIP","floor":11},{"not_picked":["Thunderclap","Wild Strike"],"picked":"ReplayTheSpireMod:Stacked","floor":12},{"not_picked":["Armaments","Second Wind","StuffTheSpire:Incineration"],"picked":"SKIP","floor":13},{"not_picked":["Hemogenesis","Brutality"],"picked":"Offering","floor":16},{"not_picked":["hubris:SharpeningStone","ReplayTheSpireMod:LeadingStrike+1","Headbutt"],"picked":"SKIP","floor":18},{"not_picked":["Dark Embrace","Pummel","Twin Strike"],"picked":"SKIP","floor":19},{"not_picked":["Flex","Life Link","Reckless Charge"],"picked":"SKIP","floor":21},{"not_picked":["Armaments","Replay:Undeath\u0027s Touch+1"],"picked":"Body Slam","floor":23},{"not_picked":["Flex","Rampage","Whirlwind"],"picked":"SKIP","floor":24},{"not_picked":["Power Through+1","StuffTheSpire:RagingBull","StuffTheSpire:Slingshot+1"],"picked":"SKIP","floor":28},{"not_picked":["Thinking Ahead","StuffTheSpire:Recharge"],"picked":"Mayhem","floor":29},{"not_picked":["StuffTheSpire:Vigor","StuffTheSpire:Brawn"],"picked":"StuffTheSpire:BrainWave","floor":30},{"not_picked":["Hemogenesis","Reaper"],"picked":"conspire:Purge+1","floor":33},{"not_picked":["Sword Boomerang+1","Replay:Undeath\u0027s Touch"],"picked":"hubris:ReadiedAction+1","floor":35},{"not_picked":["StuffTheSpire:Slingshot+1","StuffTheSpire:RockThrow+1","hubris:ReadiedAction+1"],"picked":"SKIP","floor":38},{"not_picked":["StuffTheSpire:RockThrow","Shrug It Off+1","Warcry+1"],"picked":"SKIP","floor":39},{"not_picked":["hubris:SharpeningStone+1","Armaments+1","Flame Barrier+1"],"picked":"SKIP","floor":40},{"not_picked":["Whirlwind+1","Burning Pact+1","Spot Weakness+1"],"picked":"SKIP","floor":44},{"not_picked":["Infernal Blade+1","Wild Strike","Warcry+1"],"picked":"SKIP","floor":45},{"not_picked":["Flex+1","Shrug It Off+1","ReplayTheSpireMod:Corrosion Curse+1"],"picked":"SKIP","floor":46},{"not_picked":["Armaments+1","Cleave+1","Dropkick+1"],"picked":"SKIP","floor":48}],"player_experience":418249,"relics_obtained":[{"floor":6,"key":"hubris:ChampionShield"},{"floor":8,"key":"MawBank"},{"floor":9,"key":"infinitespire:Golems Mask"},{"floor":13,"key":"Pen Nib"},{"floor":23,"key":"Replay:Bandana"},{"floor":26,"key":"Art of War"},{"floor":31,"key":"Red Mask"},{"floor":40,"key":"Happy Flower"},{"floor":43,"key":"conspire:Flyswatter"},{"floor":46,"key":"Paper Frog"}],"event_choices":[{"damage_healed":0,"gold_gain":0,"player_choice":"Ignored","damage_taken":0,"max_hp_gain":0,"max_hp_loss":0,"event_name":"Vampires","floor":22,"gold_loss":0},{"damage_healed":0,"gold_gain":0,"player_choice":"Fought Bandits","damage_taken":0,"max_hp_gain":0,"max_hp_loss":0,"event_name":"Masked Bandits","floor":31,"gold_loss":0}],"is_beta":false,"boss_relics":[{"not_picked":["reliquary:WritOfMandamus","reliquary:RedPaperclip"],"picked":"Replay:Drink Me"},{"not_picked":[]},{"not_picked":["Honey Jar","halation:Yufonium"],"picked":"aspiration:SecretTechniqueScroll"},{"not_picked":[]}],"items_purged_floors":[10,14,17,20,27,34,37,37],"is_endless":false,"potions_floor_spawned":[4,6,7,8,13,16,21,24,31,33,39,44,48],"ascension_level":7}}