{"host":"6h0diz2ap0m56grs","time":1613373883,"event":{"mods":["2.2 Compatiblity","BaseMod","Colored Map","Marisa????????","Minty Spire (QoL Compilation)","Quick Restart","Replay The Spire","Shop Mod","StSLib","The Cursed","The Exalted","The Necromancer","The Servant 0.9.4"],"gold_per_floor":[113,132,207,207,207,239,274,307,307,307,342,154,182,182,182,277,277,292,292,292,347,347,372,372,403,415,427,538,581,621,666,678,788,800,829,841,908,920,982,1019,1031,1069,1081,1119,501,534,127,152,152,152],"floor_reached":51,"language":"ENG","playtime":1682,"items_purged":["Bromod:Maglev"],"score":1344,"play_id":"8fd51708-9981-49f4-86a9-55074e395dfa","local_time":"20210215012443","daily_mods":["SealedDeck","Heirloom","Time Dilation","Flight"],"is_ascension_mode":true,"campfire_choices":[{"data":"Bromod:ArchwingLauncher","floor":10,"key":"SMITH"},{"data":"Bromod:VoltaicStrike","floor":15,"key":"SMITH"},{"data":"Bromod:ToxicBarrage","floor":24,"key":"SMITH"},{"data":"Bromod:JaggedEdge","floor":27,"key":"SMITH"},{"data":"Bromod:NoReturn","floor":32,"key":"SMITH"},{"data":"Bromod:Berserker","floor":41,"key":"SMITH"},{"data":"Bromod:TargetCracker","floor":49,"key":"SMITH"}],"circlet_count":0,"master_deck":["Bromod:ArchwingLauncher+1","Bromod:BulletJump","Bromod:BulletJump+1","Bromod:ShatteringImpact","Bromod:ShatteringImpact","Bromod:SteelCharge+1","Bromod:SlashDash","Bromod:NoReturn+1","Bromod:Vitality+1","Bromod:SlashDash","Bromod:OrganShatter","Bromod:SlashDash","Bromod:VoltaicStrike+1","Bromod:PointStrike","Bromod:ToxicBarrage+1","Bromod:Vitality","Bromod:JaggedEdge+1","Bromod:FashionFrame+1","Bromod:Vitality","Bromod:Vitality","Bromod:Berserker+1","Bromod:TargetCracker+1","Bromod:VitalSense","Bromod:PointStrike+1","Bromod:JaggedEdge+1","Bromod:Stretch+1"],"relics":["Bromod:Ordis","Bromod:AscarisDevice","replay:Trail_Library","Bag of Marbles","Bromod:ArcaneVictory","Lantern","Blue Doll","MerchantsRug","Bronze Scales","Coffee Dripper","MutagenicStrength","Singing Bowl","Letter Opener","Bromod:ArcaneGuardian","Ginger","Bromod:ArcaneMomentum","Bromod:ArcaneEnergize","Turnip","TungstenRod","Replay:Accelerometer","Bromod:ArcaneNullifier","Thread and Needle","DollysMirror","Bottled Tornado","Omamori","Replay:Rubber Ducky","ClockworkSouvenir","ReplayTheSpireMod:TigerMarble","Snack Pack","Durian"],"acts_visited":["Exordium","TheCity","TheBeyond"],"potions_floor_usage":[37,50,50],"damage_taken":[{"damage":0,"enemies":"2 Louse","floor":1,"turns":2},{"damage":0,"enemies":"Small Slimes","floor":2,"turns":3},{"damage":0,"enemies":"Replay:BlueRogue","floor":6,"turns":5},{"damage":0,"enemies":"3 Sentries","floor":7,"turns":7},{"damage":0,"enemies":"Lagavulin","floor":8,"turns":5},{"damage":0,"enemies":"Gremlin Nob","floor":11,"turns":3},{"damage":0,"enemies":"Lagavulin","floor":13,"turns":4},{"damage":12,"enemies":"Hexaghost","floor":16,"turns":4},{"damage":0,"enemies":"Chosen","floor":18,"turns":3},{"damage":0,"enemies":"Gremlin Leader","floor":23,"turns":4},{"damage":3,"enemies":"Replay:Snechameleon","floor":25,"turns":3},{"damage":0,"enemies":"Book of Stabbing","floor":29,"turns":4},{"damage":0,"enemies":"Replay:Snechameleon","floor":30,"turns":4},{"damage":0,"enemies":"Book of Stabbing","floor":31,"turns":4},{"damage":0,"enemies":"Champ","floor":33,"turns":5},{"damage":0,"enemies":"Orb Walker","floor":35,"turns":3},{"damage":0,"enemies":"2 Orb Walkers","floor":37,"turns":3},{"damage":2,"enemies":"Mind Bloom Boss Battle","floor":39,"turns":5},{"damage":0,"enemies":"Nemesis","floor":40,"turns":5},{"damage":0,"enemies":"R_Hoarder","floor":42,"turns":3},{"damage":0,"enemies":"Giant Head","floor":44,"turns":5},{"damage":0,"enemies":"Nemesis","floor":46,"turns":5},{"damage":0,"enemies":"R_Hoarder","floor":48,"turns":5},{"damage":0,"enemies":"Replay:Hell Engine","floor":50,"turns":4}],"seed_played":"-545442030838959303","potions_obtained":[{"floor":1,"key":"Elixir"},{"floor":6,"key":"LiquidBronze"},{"floor":8,"key":"GamblersBrew"},{"floor":11,"key":"Flashbang"},{"floor":18,"key":"Weak Potion"},{"floor":21,"key":"Bromod:ClemClone"},{"floor":30,"key":"LifebloodPotion"},{"floor":37,"key":"Bromod:HealthRestore"}],"is_trial":true,"path_per_floor":["M","M","?","?","?","E","E","E","T","R","E","$","E","$","R","B",null,"M","?","?","?","$","E","R","E","T","R","?","E","E","E","R","B",null,"M","$","?","?","?","E","R","E","T","E","$","E","$","E","R","B",null],"character_chosen":"THE_EXALTED","items_purchased":["Bromod:ToxicBarrage","MerchantsRug","Bromod:Vitality","DollysMirror","Bottled Tornado","Omamori","ClockworkSouvenir","ReplayTheSpireMod:TigerMarble","Snack Pack"],"campfire_rested":0,"item_purchase_floors":[12,12,12,45,45,45,47,47,47],"current_hp_per_floor":[75,75,64,64,64,64,64,65,65,65,66,66,67,67,67,56,75,75,75,75,57,57,64,64,62,62,62,62,65,68,71,71,72,83,85,85,87,87,86,87,87,89,89,89,89,91,91,96,96,96],"gold":152,"neow_bonus":"","is_daily":false,"chose_seed":false,"campfire_upgraded":7,"win_rate":0.0,"timestamp":1613373883,"path_taken":["M","M","?","?","?","E","E","E","T","R","E","$","E","$","R","BOSS","M","?","?","?","$","E","R","E","T","R","?","E","E","E","R","BOSS","M","$","?","?","?","E","R","E","T","E","$","E","$","E","R","BOSS"],"items_purchased_type":["Card","Relic","Card","Relic","Relic","Relic","Relic","Relic","Relic"],"build_version":"2020-12-22","purchased_purges":1,"victory":true,"max_hp_per_floor":[75,75,75,75,75,75,75,75,75,75,75,75,75,75,75,75,75,75,75,75,75,75,77,77,77,77,77,77,79,81,83,83,83,83,85,85,87,87,87,87,87,89,89,89,89,91,91,96,96,96],"card_choices":[{"not_picked":["Bromod:Fury","Bromod:Reflection","Bromod:SeismicWave"],"picked":"SKIP","floor":1},{"not_picked":["Bromod:FastHands","Bromod:Reflection"],"picked":"Bromod:OrganShatter","floor":2},{"not_picked":["Bromod:Stretch","Bromod:NoReturn","Bromod:BulletJump"],"picked":"SKIP","floor":6},{"not_picked":["Bromod:Reflection","Bromod:SlipMagazine"],"picked":"Bromod:SlashDash","floor":7},{"not_picked":["Bromod:RelentlessCombination","Bromod:TacticalPump","Bromod:FormaBlueprint"],"picked":"SKIP","floor":8},{"not_picked":["Bromod:Redirection","Bromod:HeatedCharge"],"picked":"Bromod:PointStrike","floor":11},{"not_picked":["Bromod:SteelFiber","Bromod:Foundry"],"picked":"Bromod:JaggedEdge","floor":13},{"not_picked":["Bromod:SplitChamber","Bromod:JaggedEdge"],"picked":"Bromod:FashionFrame","floor":16},{"not_picked":["Bromod:Redirection","Bromod:Rejuvenation","Bromod:OrganShatter"],"picked":"SKIP","floor":18},{"not_picked":["Bromod:SpeedTrigger","Bromod:SeismicWave","Bromod:FastHands"],"picked":"Singing Bowl","floor":23},{"not_picked":["Bromod:Redirection","Bromod:SlipMagazine"],"picked":"Bromod:Vitality","floor":25},{"not_picked":["Bromod:RelentlessCombination+1","Bromod:Foundry+1","Bromod:QuickDraw"],"picked":"Singing Bowl","floor":29},{"not_picked":["Bromod:Redirection","Bromod:OrganShatter","Bromod:Patagium"],"picked":"Singing Bowl","floor":30},{"not_picked":["Bromod:Rejuvenation","Bromod:Foundry","Bromod:BodyCount"],"picked":"Singing Bowl","floor":31},{"not_picked":["Bromod:LethalTorrent","Bromod:SplitChamber"],"picked":"Bromod:Berserker","floor":33},{"not_picked":["Bromod:Foundry+1","Bromod:SlipMagazine+1","Bromod:Vitality+1"],"picked":"Singing Bowl","floor":35},{"not_picked":["Bromod:PointStrike","Bromod:FastHands","Bromod:Vitality+1"],"picked":"Singing Bowl","floor":37},{"not_picked":["Bromod:OrganShatter","Bromod:Vitality"],"picked":"Bromod:TargetCracker","floor":39},{"not_picked":["Bromod:BodyCount","Bromod:SteelCharge"],"picked":"Bromod:VitalSense","floor":40},{"not_picked":["Bromod:PointStrike","Bromod:ShatteringImpact","Bromod:FastHands+1"],"picked":"Singing Bowl","floor":42},{"not_picked":["Bromod:SlipMagazine+1","Bromod:BodyCount+1"],"picked":"Bromod:PointStrike+1","floor":44},{"not_picked":["Bromod:Fury+1","Bromod:FinishingTouch+1","Bromod:QuickDraw+1"],"picked":"Singing Bowl","floor":46},{"not_picked":["Bromod:PointStrike","Bromod:SplitChamber"],"picked":"Bromod:Stretch+1","floor":48}],"player_experience":548735,"relics_obtained":[{"floor":6,"key":"Bag of Marbles"},{"floor":7,"key":"Bromod:ArcaneVictory"},{"floor":8,"key":"Toy Ornithopter"},{"floor":9,"key":"Lantern"},{"floor":11,"key":"Blue Doll"},{"floor":13,"key":"Bronze Scales"},{"floor":21,"key":"War Paint"},{"floor":23,"key":"Singing Bowl"},{"floor":25,"key":"MawBank"},{"floor":26,"key":"Letter Opener"},{"floor":29,"key":"Bromod:ArcaneGuardian"},{"floor":30,"key":"Ginger"},{"floor":31,"key":"Bromod:ArcaneMomentum"},{"floor":37,"key":"Turnip"},{"floor":39,"key":"TungstenRod"},{"floor":40,"key":"Replay:Accelerometer"},{"floor":42,"key":"Bromod:ArcaneNullifier"},{"floor":43,"key":"Peace Pipe"},{"floor":44,"key":"Thread and Needle"},{"floor":46,"key":"Replay:Rubber Ducky"},{"floor":48,"key":"Durian"}],"event_choices":[{"damage_healed":0,"gold_gain":75,"player_choice":"Gather Gold","damage_taken":11,"max_hp_gain":0,"max_hp_loss":0,"event_name":"World of Goop","floor":3,"gold_loss":0},{"damage_healed":0,"gold_gain":0,"player_choice":"Leave","damage_taken":0,"max_hp_gain":0,"max_hp_loss":0,"event_name":"The Cleric","floor":4,"gold_loss":0},{"damage_healed":0,"gold_gain":0,"player_choice":"Inject Mutagens","damage_taken":0,"relics_obtained":["MutagenicStrength"],"max_hp_gain":0,"max_hp_loss":0,"event_name":"Drug Dealer","floor":20,"gold_loss":0},{"damage_healed":0,"gold_gain":99,"player_choice":"Stole From Cult","damage_taken":0,"max_hp_gain":0,"max_hp_loss":0,"event_name":"Nest","floor":28,"gold_loss":0},{"damage_healed":0,"gold_gain":0,"player_choice":"Fight","damage_taken":0,"max_hp_gain":0,"max_hp_loss":0,"event_name":"Mysterious Sphere","floor":37,"gold_loss":0},{"damage_healed":0,"gold_gain":0,"player_choice":"Fight","damage_taken":0,"max_hp_gain":0,"max_hp_loss":0,"event_name":"MindBloom","floor":39,"gold_loss":0}],"is_beta":false,"boss_relics":[{"not_picked":["Replay:Bronze Core","Ectoplasm"],"picked":"Coffee Dripper"},{"not_picked":["Empty Cage","SlaversCollar"],"picked":"Bromod:ArcaneEnergize"}],"items_purged_floors":[45],"is_endless":false,"potions_floor_spawned":[1,6,8,11,18,23,30,37,46,48],"ascension_level":1}}