{"host":"ggy1mjjy92c62u6a","time":1613359320,"event":{"mods":["10 clothes from DAL","ATMod(∞¢Ë™Mod)","Act Like it!","BaseMod","Colored Powertips","GifTheSpireLib","Library of Ruina","Library of Ruina Extra","Lobotomy","LobotomyExtend","Minty Spire (QoL Compilation)","Quick Restart","Relic Filter Mod","Relic Stats","Reliquary","Replay The Spire","Shop Mod","Spicy Shops","StSLib","TestMod","°æπ¶ƒ‹Mod°øªÏ„Á÷Æª∑–ﬁ∏¥≤π∂°","°æ“≈ŒÔMod°øÀ¿¡È∑® ¶NEW","°æ“≈ŒÔø®≈∆°øREMEMod"],"gold_per_floor":[113,38,38,55,74,74,86,86,138,172,182,74,88,99,99,194,194,204,204,204],"floor_reached":19,"language":"ZHS","playtime":1042,"items_purged":["LightAttack","Decay"],"score":265,"play_id":"3d07e9ef-2b63-40fe-a2dc-3b67766ef9ca","local_time":"20210215112200","is_ascension_mode":true,"campfire_choices":[{"data":"FocusedStrikes","floor":6.0,"key":"SMITH"},{"data":"Reload","floor":8.0,"key":"SMITH"},{"floor":15.0,"key":"REST"}],"circlet_count":0,"master_deck":["AscendersBane","Dodge","LightDefense","LightAttack","LightAttack","LightDefense","LightDefense","LightDefense","ChargeAndCover","FocusedStrikes+1","Reload+1","Faith","SuppressingShot","QuickAttack","FrontalAssault","BigBadWolf","Reload","StartinOutLightly","Leap_lor"],"relics":["PageOfLibrarian","REME_ComplimentaryCards","AT_ATBox","testmod-TestBox","CogitoBucket","RabbitCall","testmod-EnergyCheck","LetterFromLob","Ancient Tea Set","Toy Ornithopter","ChangeAnything","Membership Card","Busted Crown"],"acts_visited":["Exordium","TheCity"],"potions_floor_usage":[19],"damage_taken":[{"damage":0.0,"enemies":"Cultist","floor":1.0,"turns":3.0},{"damage":3.0,"enemies":"Small Slimes","floor":4.0,"turns":3.0},{"damage":0.0,"enemies":"2 Louse","floor":5.0,"turns":2.0},{"damage":3.0,"enemies":"Blue Slaver","floor":7.0,"turns":3.0},{"damage":15.0,"enemies":"3 Sentries","floor":10.0,"turns":4.0},{"damage":19.0,"enemies":"Large Slime","floor":11.0,"turns":8.0},{"damage":0.0,"enemies":"Exordium Wildlife","floor":13.0,"turns":3.0},{"damage":0.0,"enemies":"Looter","floor":14.0,"turns":1.0},{"damage":17.0,"enemies":"Slime Boss","floor":16.0,"turns":6.0},{"damage":8,"enemies":"Shell Parasite","floor":18,"turns":4},{"damage":65,"enemies":"Spheric Guardian","floor":19,"turns":4}],"seed_played":"1085740548021328324","potions_obtained":[{"floor":7.0,"key":"Milkshake"},{"floor":10.0,"key":"ColorlessPotion"},{"floor":11.0,"key":"Swift Potion"},{"floor":16.0,"key":"PowerPotion"}],"is_trial":false,"path_per_floor":["M","$","?","M","M","R","M","R","T","E","M","$","M","M","R","B",null,"M","M"],"character_chosen":"Librarian","items_purchased":["Membership Card"],"campfire_rested":1,"item_purchase_floors":[12],"current_hp_per_floor":[54,54,54,51,51,51,48,48,48,33,22,22,22,22,44,37,65,57,0,0],"gold":204,"neow_bonus":"","is_daily":false,"chose_seed":false,"campfire_upgraded":2,"win_rate":0.0,"timestamp":1613359320,"path_taken":["M","?","?","M","M","R","M","R","T","E","M","$","M","M","R","BOSS","M","M"],"items_purchased_type":["Relic"],"build_version":"2020-12-22","purchased_purges":2,"victory":false,"max_hp_per_floor":[74,74,74,74,74,74,74,74,74,74,74,74,74,74,74,74,74,74,74,74],"relic_stats":{"Busted Crown":8,"counters":[13,43],"obtain_stats":[{"RabbitCall":0,"AT_ATBox":0,"testmod-TestBox":0,"Ancient Tea Set":9,"PageOfLibrarian":0,"CogitoBucket":0,"Busted Crown":17,"LetterFromLob":1,"Membership Card":12,"ChangeAnything":11,"testmod-EnergyCheck":0,"Toy Ornithopter":10,"REME_ComplimentaryCards":0},{"RabbitCall":0,"AT_ATBox":0,"testmod-TestBox":0,"Ancient Tea Set":4,"PageOfLibrarian":0,"CogitoBucket":0,"Busted Crown":10,"LetterFromLob":1,"Membership Card":7,"ChangeAnything":7,"testmod-EnergyCheck":0,"Toy Ornithopter":5,"REME_ComplimentaryCards":0},{"RabbitCall":0,"AT_ATBox":0,"testmod-TestBox":0,"Ancient Tea Set":11,"PageOfLibrarian":0,"CogitoBucket":0,"Busted Crown":34,"LetterFromLob":3,"Membership Card":24,"ChangeAnything":24,"testmod-EnergyCheck":0,"Toy Ornithopter":15,"REME_ComplimentaryCards":0}],"Toy Ornithopter":20},"card_choices":[{"not_picked":["CutIn","TimeForALittleTest","UpbeatPerformance","BackAttack","WillBeTasty","SmokingPipe","FlyingSword","FleetEdge"],"picked":"Reload","floor":1.0},{"not_picked":["FeelinGood","QuickSuppression","EnergyBeam","YoureTooSlow","GuardingStance","SharpSwipe","SteelKnuckles","DesperateStruggle","StructuralAnalysis"],"picked":"SKIP","floor":4.0},{"not_picked":["DefenseOrder","EnergyShield","HighKick","CutIn","QuickAttack","Multislash","Quickness","Thrust"],"picked":"Faith","floor":5.0},{"not_picked":["Rewind","YoureTooSlow","WillBeTasty","TheArtOfRapidSteps","BiteOff","NonstopAssault","ExtremeEdge","AutonomousRush"],"picked":"SuppressingShot","floor":7.0},{"not_picked":["YoureAHindrance","Parry","Unlock1","OpportunitySpotted","SunsetBlade","TieShanKao","GatherIntel","QuickSuppression"],"picked":"QuickAttack","floor":10.0},{"not_picked":["QuickAttack","AssaultOrder","WillOfThePrescript","Unlock1","BindingChains","Pound","FleetFootsteps","UncannyStrike"],"picked":"FrontalAssault","floor":11.0},{"not_picked":["UniverseFragment","WhitesApple"],"picked":"BigBadWolf","floor":13.0},{"not_picked":["ClassAndRespect","Eliminate","HiddenBlade","WillOfThePrescript","YouOnlyLiveOnce","RapidGashes","AsThePrescriptOrders","HandleRequest"],"picked":"Reload","floor":13.0},{"not_picked":["AutonomousRush","HandleRequest","BackAttack","Reload","DefenseOrder","SunsetBlade","MultiHit","QuickAttack"],"picked":"StartinOutLightly","floor":14.0},{"not_picked":["RulesOfTheBackstreets+1","Rewind+1","BiteOff+1","GatherIntel","WillOfThePrescript","BackAttack"],"picked":"Leap_lor","floor":18}],"player_experience":121685,"relics_obtained":[{"floor":1.0,"key":"LetterFromLob"},{"floor":9.0,"key":"Ancient Tea Set"},{"floor":10.0,"key":"Toy Ornithopter"}],"event_choices":[{"damage_healed":0.0,"max_hp_gain":0.0,"max_hp_loss":0.0,"gold_gain":0.0,"event_name":"The Cleric","player_choice":"Leave","floor":3.0,"gold_loss":0.0,"damage_taken":0.0}],"is_beta":false,"boss_relics":[{"not_picked":["Ectoplasm","Astrolabe"],"picked":"Busted Crown"}],"items_purged_floors":[2,12],"is_endless":false,"potions_floor_spawned":[7,10,11,14,16],"killed_by":"Spheric Guardian","ascension_level":11}}