{"host":"ee5exjejqz6r5zx9","time":1613418398,"event":{"mods":["ATMod(°¢èªMod)","Act Like it!","BaseMod","Card Forge","Colored Powertips","Custom Start","Gensokyo","HololiveMod","Minty Spire (QoL Compilation)","MostiFishMod","Quick Restart","Rare Cards Sparkle","Relic Filter Mod","Remove Card Discount Mod","Replay The Spire","RumiaBox-Â¶Ã×æ«µÄÉñÃØºÐ×Ó","Shop Mod","StSLib","TestMod","¡¾¹¦ÄÜMod¡¿»ìãçÖ®»·ÐÞ¸´²¹¶¡","¡¾ÒÅÎï¿¨ÅÆ¡¿REMEMod"],"gold_per_floor":[116,3333,2878,2738,2426,2409,2425,2452,2452,2372,2392,2392,2392,2492,2492,2438,2438,2456,2509,2509,2509,2529,2555,2567,2593,2618,2637,2706,40,72,86,86,159,159,171,45,45,55,66,66,80,114,114,114,149,160,191,206,206,206,206,206,206,78,108,88],"floor_reached":57,"language":"ZHS","playtime":2010,"items_purged":["MostiFishMod:Distribution+1"],"score":3785,"play_id":"8dfb9b4f-75e5-43b7-96c2-425bfef588a5","local_time":"20210216034638","is_ascension_mode":true,"campfire_choices":[{"data":"MostiFishMod:Overload","floor":12.0,"key":"SMITH"},{"data":"Coolheaded","floor":15.0,"key":"SMITH"},{"floor":32.0,"key":"RECALL"},{"floor":40.0,"key":"REST"},{"data":"Seek","floor":49,"key":"SMITH"},{"floor":53,"key":"REST"}],"circlet_count":0,"master_deck":["AscendersBane","Gensokyo:LifeSpringInfinity+1","Defragment+1","AT_StudyProgram+1","Coolheaded+1","MostiFishMod:InterfaceCompatibility+1","MostiFishMod:Overload+1","Double Energy+1","Beam Cell+1","ReplayTheSpireMod:Reroute Power+1","Skim+1","MostiFishMod:SeaWaves+1","Glacier+1","Seek+1"],"relics":["Cracked Core","Hammer of Thor","Seething Fire","Anvil of the Gods","testmod-TestBox","REME_ComplimentaryCards","DaveBox","AT_ATBox","testmod-IntensifyImprint","OrangePellets","AT_BellDemon","SynthV:TestCard","Medical Kit","REME_OnlineShoppingPlatform","testmod-Register","Prayer Wheel","Tiny Chest","REME_HourglassOfDeath","The Courier","War Paint","Gensokyo:PortableGap","GuanYuAspect","Orichalcum","testmod-AssaultLearning","Art of War","Anchor","GodSword1","SynthV:MejaisSoulstealer","Turnip","Bag of Marbles","Mango","Question Card","AT_DeathDance","PreservedInsect","Bronze Scales","Garlic","Replay:Grab Bag","Busted Crown","Cursed Key","AT_MortalBlade","Bag of Preparation","Replay:Baseball","Potion Belt","Civilization","White Beast Statue"],"acts_visited":["Gensokyo:Gensokyo","Gensokyo:Gensokyoer","Gensokyo:Gensokyoest","TheEnding"],"potions_floor_usage":[56],"damage_taken":[{"damage":0.0,"enemies":"Gensokyo:3_Fairies","floor":1.0,"turns":3.0},{"damage":7.0,"enemies":"Gensokyo:Gryphon","floor":2.0,"turns":3.0},{"damage":0.0,"enemies":"Gensokyo:Aya","floor":6.0,"turns":3.0},{"damage":0.0,"enemies":"Gensokyo:2_Kodama","floor":7.0,"turns":2.0},{"damage":0.0,"enemies":"Gensokyo:Mamizou","floor":8.0,"turns":5.0},{"damage":0.0,"enemies":"Gensokyo:Cirno","floor":10.0,"turns":4.0},{"damage":0.0,"enemies":"Gensokyo:Gryphon_and_Rabbit","floor":11.0,"turns":2.0},{"damage":0.0,"enemies":"Gensokyo:Yukari","floor":16.0,"turns":3.0},{"damage":0.0,"enemies":"Gensokyo:CosmicMonolith","floor":18.0,"turns":1.0},{"damage":0.0,"enemies":"Gensokyo:Chomper","floor":22.0,"turns":2.0},{"damage":0.0,"enemies":"Gensokyo:Reisen","floor":23.0,"turns":1.0},{"damage":0.0,"enemies":"Gensokyo:Swordslinger","floor":24.0,"turns":1.0},{"damage":0.0,"enemies":"Gensokyo:Koishi","floor":25.0,"turns":1.0},{"damage":0.0,"enemies":"Gensokyo:Chomper_and_Gloop","floor":27.0,"turns":1.0},{"damage":0.0,"enemies":"Gensokyo:Tenshi","floor":30.0,"turns":1.0},{"damage":0.0,"enemies":"Gensokyo:3_Gloops","floor":31.0,"turns":1.0},{"damage":0.0,"enemies":"Gensokyo:Eiki","floor":33.0,"turns":1.0},{"damage":0.0,"enemies":"Gensokyo:3_Boulders","floor":35.0,"turns":1.0},{"damage":0.0,"enemies":"Gensokyo:AncientGuardian","floor":38.0,"turns":1.0},{"damage":0.0,"enemies":"Gensokyo:Rafflesia","floor":39.0,"turns":1.0},{"damage":0.0,"enemies":"Gensokyo:SeedOfUnknown","floor":41.0,"turns":1.0},{"damage":0.0,"enemies":"Gensokyo:Doremy","floor":42.0,"turns":1.0},{"damage":0,"enemies":"Gensokyo:Marisa","floor":45,"turns":1},{"damage":0,"enemies":"Gensokyo:3_Boulders","floor":46,"turns":1},{"damage":0,"enemies":"Gensokyo:Kasen","floor":47,"turns":1},{"damage":0,"enemies":"Gensokyo:Dusk_and_Dawn","floor":48,"turns":1},{"damage":0,"enemies":"Gensokyo:Shinki","floor":50,"turns":3},{"damage":0,"enemies":"Gensokyo:Scarlet_Devils","floor":51,"turns":1},{"damage":0,"enemies":"Shield and Spear","floor":55,"turns":1},{"damage":0,"enemies":"The Heart","floor":56,"turns":5}],"seed_played":"-7039553379893461702","potions_obtained":[],"is_trial":false,"path_per_floor":["M","M","COS","?","$","E","M","E","T","E","M","R","?","?","R","B",null,"M","T","T","?","M","E","M","E","T","M","T","$","E","M","R","B",null,"M","$","T","M","M","R","M","E","T","?","E","M","E","M","R","B","B",null,"R","$","E","B",null],"character_chosen":"DEFECT","items_purchased":["AT_StudyProgram","Tiny Chest","FTL","SynthV:MejaisSoulstealer","Turnip","Bag of Marbles","Mango","Question Card","AT_DeathDance","PreservedInsect","Bronze Scales","Bag of Preparation","Civilization"],"campfire_rested":2,"item_purchase_floors":[5,5,5,29,29,29,29,29,29,29,29,36,54],"current_hp_per_floor":[64,57,57,57,57,57,57,57,57,57,57,57,57,57,57,57,31,31,31,31,31,31,31,31,31,31,31,31,38,39,42,42,44,45,45,45,45,45,45,45,45,45,45,45,45,45,45,45,45,45,45,45,45,45,46,49],"gold":88,"neow_bonus":"RANDOM_COMMON_RELIC","is_daily":false,"chose_seed":false,"campfire_upgraded":3,"win_rate":0.0,"timestamp":1613418398,"path_taken":["M","M","COS","?","$","E","M","E","T","E","?","R","?","?","R","BOSS","M","?","?","?","M","E","M","E","T","M","?","$","E","M","R","BOSS","M","$","?","M","M","R","M","E","T","?","E","M","E","M","R","BOSS","BOSS","R","$","E","BOSS"],"items_purchased_type":["Card","Relic","Card","Relic","Relic","Relic","Relic","Relic","Relic","Relic","Relic","Relic","Relic"],"build_version":"2020-12-22","purchased_purges":1,"victory":true,"max_hp_per_floor":[71,71,71,71,71,71,71,71,71,71,71,71,61,61,61,61,31,31,31,31,31,31,31,31,31,31,31,31,45,45,45,45,45,45,45,45,45,45,45,45,45,45,45,45,45,45,45,45,45,45,45,45,45,45,47,50],"card_choices":[{"not_picked":["AT_ThreeBodyProblem","Beam Cell"],"picked":"Cold Snap","floor":1.0},{"not_picked":["Cold Snap","Hologram","Leap","Stack"],"picked":"Defragment","floor":2.0},{"not_picked":["MostiFishMod:Nova","REME_SelfUpgrade","Gash","MostiFishMod:ReprogramOld"],"picked":"Turbo","floor":6.0},{"not_picked":["Sweeping Beam","Rip and Tear","Reprogram","Turbo"],"picked":"Coolheaded","floor":7.0},{"not_picked":["BootSequence","FTL","Steam","Stack","BasicCrystalCard"],"picked":"SKIP","floor":7.0},{"not_picked":["Fusion","Conserve Battery","Ball Lightning","Compile Driver"],"picked":"MostiFishMod:InterfaceCompatibility","floor":8.0},{"not_picked":["Amplify","Go for the Eyes","ReplayTheSpireMod:System Scan","Static Discharge","Glacier","Rebound"],"picked":"MostiFishMod:Overload","floor":10.0},{"not_picked":["Panic Button","MostiFishMod:PushDownKick","Conserve Battery","Steam","Sweeping Beam"],"picked":"Coolheaded","floor":11.0},{"not_picked":["Steam","FIFO Queue","Blizzard","Coolheaded","Rip and Tear"],"picked":"Double Energy","floor":11.0},{"not_picked":["Machine Learning","MostiFishMod:Distribution","REME_ForAll","MostiFishMod:Hijack"],"picked":"MostiFishMod:Overload","floor":16.0},{"not_picked":["White Noise","Panic Button","Compile Driver","Beam Cell","Barrage"],"picked":"SKIP","floor":18.0},{"not_picked":["MostiFishMod:Impulse+1","Ball Lightning","Go for the Eyes","Streamline","AT_RobotInSpace"],"picked":"SKIP","floor":18.0},{"not_picked":["MostiFishMod:Nova","Cold Snap","Redo","Go for the Eyes"],"picked":"Beam Cell","floor":22.0},{"not_picked":["ReplaySort","Sunder","Panic Button","FIFO Queue"],"picked":"ReplayTheSpireMod:Reroute Power","floor":22.0},{"not_picked":["BasicCrystalCard","Rebound","AT_HeatAcrobatics+1","Cold Snap","Turbo"],"picked":"SKIP","floor":23.0},{"not_picked":["Sweeping Beam","Fission","ReplayTheSpireMod:System Scan","Time Bomb","Coolheaded"],"picked":"SKIP","floor":24.0},{"not_picked":["Force Field","Leap","BasicCrystalCard","AT_ThunderBolt","Capacitor"],"picked":"SKIP","floor":24.0},{"not_picked":["Biased Cognition","Turbo","Beam Cell","ReplayGash","Stack"],"picked":"SKIP","floor":25.0},{"not_picked":["REME_SelfUpgrade","Gash","Turbo","Go for the Eyes","AT_HeatAcrobatics"],"picked":"SKIP","floor":27.0},{"not_picked":["Barrage+1","Consume","ReplayTheSpireMod:Reroute Power","Gash","MostiFishMod:PushDownKick+1"],"picked":"SKIP","floor":27.0},{"not_picked":["Streamline","Conserve Battery+1","Steam","AT_DarkMatter","Compile Driver","Redo"],"picked":"SKIP","floor":30.0},{"not_picked":["Beam Cell","MostiFishMod:StrandedSiren","Compile Driver","Turbo","Gash","Go for the Eyes"],"picked":"SKIP","floor":31.0},{"not_picked":["Scrape","Go for the Eyes","Redo","Steam","Panic Button","Gash"],"picked":"SKIP","floor":31.0},{"not_picked":["Thunder Strike","MostiFishMod:DeathFromBelow","MostiFishMod:StrandedSiren","Machine Learning","ReplayRNGCard"],"picked":"MostiFishMod:SeaWaves","floor":33.0},{"not_picked":["MostiFishMod:LinkProtocol","Panic Button","Go for the Eyes+1","Redo"],"picked":"SKIP","floor":35.0},{"not_picked":["Hello World+1","Go for the Eyes+1","Coolheaded","Heatsinks"],"picked":"SKIP","floor":35.0},{"not_picked":["AT_HeatAcrobatics+1","Force Field","Barrage+1","Melter"],"picked":"SKIP","floor":38.0},{"not_picked":["Coolheaded","Steam","Self Repair","Beam Cell+1"],"picked":"SKIP","floor":38.0},{"not_picked":["Steam","Coolheaded","BasicCrystalCard+1","Hologram"],"picked":"SKIP","floor":39.0},{"not_picked":["AT_RightCognition","Streamline+1","Genetic Algorithm+1","Rip and Tear+1"],"picked":"SKIP","floor":39.0},{"not_picked":["Darkness","AT_EMC2+1","Redo+1","Turbo+1"],"picked":"SKIP","floor":41.0},{"not_picked":["Fusion","Coolheaded","MostiFishMod:PushDownKick","Consume"],"picked":"SKIP","floor":41.0},{"not_picked":["MostiFishMod:Overload","Turbo+1","MostiFishMod:Prepare","Beam Cell"],"picked":"SKIP","floor":42.0},{"not_picked":["MostiFishMod:IceShield","Redo","Streamline"],"picked":"Glacier","floor":45},{"not_picked":["BasicCrystalCard","Hologram","AT_HeatAcrobatics","Steam+1"],"picked":"SKIP","floor":46},{"not_picked":["Streamline","MostiFishMod:PushDownKick","Leap","AT_DarkMatter"],"picked":"SKIP","floor":46},{"not_picked":["Seek","Leap","Compile Driver+1","MostiFishMod:PushDownKick"],"picked":"SKIP","floor":47},{"not_picked":["Leap","Compile Driver+1","MostiFishMod:PushDownKick"],"picked":"Seek","floor":47},{"not_picked":["Steam+1","Chill","Loop","Glacier"],"picked":"SKIP","floor":48},{"not_picked":["FTL+1","Rip and Tear","Beam Cell+1","ReplaySolidLightProjector"],"picked":"SKIP","floor":48},{"not_picked":["MostiFishMod:LinkProtocol","Consume+1","MostiFishMod:PushDownKick+1","AT_ThreeBodyProblem+1"],"picked":"SKIP","floor":55}],"player_experience":451513,"relics_obtained":[{"floor":1.0,"key":"SynthV:TestCard"},{"floor":6.0,"key":"REME_HourglassOfDeath"},{"floor":8.0,"key":"The Courier"},{"floor":10.0,"key":"War Paint"},{"floor":19.0,"key":"Orichalcum"},{"floor":20.0,"key":"testmod-AssaultLearning"},{"floor":23.0,"key":"Art of War"},{"floor":26.0,"key":"Anchor"},{"floor":28.0,"key":"GodSword1"},{"floor":30.0,"key":"Garlic"},{"floor":42.0,"key":"Replay:Baseball"},{"floor":55,"key":"White Beast Statue"}],"event_choices":[],"is_beta":false,"boss_relics":[{"not_picked":["Philosopher\u0027s Stone","Painkiller Herb"],"picked":"GuanYuAspect"},{"not_picked":["AddBug","Replay:Ancient Bell"],"picked":"Replay:Grab Bag"},{"not_picked":["Runic Dome","Fusion Hammer"],"picked":"Busted Crown"},{"not_picked":["Sozu","SlaversCollar"],"picked":"Cursed Key"},{"not_picked":["testmod-CardMagician","REME_LowDesire"],"picked":"AT_MortalBlade"}],"items_purged_floors":[29],"is_endless":false,"potions_floor_spawned":[7,8,22,25,33,35,41,45,48],"ascension_level":20}}