{"host":"fl6c84p0pqwjbhud","time":1613404597,"event":{"mods":["AchievementEnabler","BaseMod","Better Altar","Better Match","Better Note","Better Sensory Stone","Better Skull","Better Third Choice","Better Vampires","Better-Laid Plans","BetterRewards","Colored Map","Defuse TimeMaze Blight","Displayed Cursed Tome","Energized Spire","Highlight Path","Minty Spire (QoL Compilation)","Permanent Neow","Quick Restart","Relic Sorter","StSLib","Synergy Search","Transform Curses"],"gold_per_floor":[110,110,185,199,217,217,182,208,263,281,281,281,241,251,251,356,356,371,371,371,383,403,403,430,355,355,355,355,355],"floor_reached":28,"language":"ENG","playtime":871,"items_purged":[],"score":336,"play_id":"f541f59a-36aa-4267-9386-713ca7db06dc","local_time":"20210215165637","is_ascension_mode":false,"campfire_choices":[{"floor":6,"key":"REST"},{"floor":11,"key":"REST"},{"data":"Self Repair","floor":15,"key":"SMITH"},{"floor":23,"key":"REST"}],"circlet_count":0,"master_deck":["Zap+1","Dualcast","Static Discharge","Sweeping Beam","Lockon","Doom and Gloom","Self Repair+1","Machine Learning","Cold Snap","Compile Driver","Machine Learning","Lockon","Hologram","Skim","Aggregate","Zap+1","Go for the Eyes+1","BootSequence"],"relics":["Cracked Core","Gambling Chip","MealTicket","Anchor","Pandora\u0027s Box","PreservedInsect","Question Card"],"acts_visited":["Exordium","TheCity"],"potions_floor_usage":[10,16,16,16,28,28],"damage_taken":[{"damage":6,"enemies":"2 Louse","floor":1,"turns":3},{"damage":0,"enemies":"Small Slimes","floor":4,"turns":3},{"damage":1,"enemies":"Cultist","floor":5,"turns":3},{"damage":26,"enemies":"Lagavulin","floor":8,"turns":6},{"damage":0,"enemies":"2 Fungi Beasts","floor":10,"turns":3},{"damage":9,"enemies":"Gremlin Gang","floor":14,"turns":3},{"damage":58,"enemies":"The Guardian","floor":16,"turns":7},{"damage":30,"enemies":"3 Byrds","floor":18,"turns":3},{"damage":30,"enemies":"2 Thieves","floor":21,"turns":4},{"damage":22,"enemies":"Centurion and Healer","floor":22,"turns":5},{"damage":46,"enemies":"Book of Stabbing","floor":24,"turns":5},{"damage":11,"enemies":"Snake Plant","floor":28,"turns":2}],"seed_played":"6506796351691566335","potions_obtained":[{"floor":1,"key":"Regen Potion"},{"floor":13,"key":"Ancient Potion"},{"floor":22,"key":"ColorlessPotion"},{"floor":24,"key":"Swift Potion"}],"is_trial":false,"path_per_floor":["M","?","?","M","M","R","?","E","T","M","R","?","?","M","R","B",null,"M","?","?","M","M","R","E","?","T","?","M"],"character_chosen":"DEFECT","items_purchased":["PowerPotion","ColorlessPotion"],"campfire_rested":3,"item_purchase_floors":[0,0],"current_hp_per_floor":[53,53,42,42,41,63,75,49,49,58,75,75,75,66,66,18,75,65,65,65,45,33,54,8,8,8,8,0,0],"gold":355,"neow_bonus":"","is_daily":false,"chose_seed":false,"campfire_upgraded":1,"win_rate":0.0,"timestamp":1613404597,"path_taken":["M","?","?","M","M","R","?","E","T","M","R","?","?","?","R","BOSS","M","?","?","M","?","R","E","?","T","?","M"],"items_purchased_type":["Potion","Potion"],"build_version":"2020-12-22","purchased_purges":0,"victory":false,"max_hp_per_floor":[75,75,75,75,75,75,75,75,75,75,75,75,75,75,75,75,75,75,75,72,72,72,72,72,72,72,72,72,72],"card_choices":[{"not_picked":["Blizzard","Turbo"],"picked":"Static Discharge","floor":1},{"not_picked":["Streamline","Coolheaded","Rebound"],"picked":"SKIP","floor":4},{"not_picked":["Coolheaded","Hologram"],"picked":"Sweeping Beam","floor":5},{"not_picked":["Hologram","Barrage"],"picked":"Lockon","floor":8},{"not_picked":["Compile Driver","Darkness"],"picked":"Doom and Gloom","floor":10},{"not_picked":["Chill","Heatsinks"],"picked":"Self Repair","floor":14},{"not_picked":["Amplify","Fission"],"picked":"Machine Learning","floor":16},{"not_picked":["Melter","Coolheaded"],"picked":"Aggregate","floor":18},{"not_picked":["Doom and Gloom","BootSequence"],"picked":"Go for the Eyes+1","floor":21},{"not_picked":["Compile Driver","Seek","Reinforced Body"],"picked":"SKIP","floor":22},{"not_picked":["Coolheaded+1","Stack"],"picked":"BootSequence","floor":24}],"player_experience":507510,"relics_obtained":[{"floor":8,"key":"MealTicket"},{"floor":9,"key":"Anchor"},{"floor":24,"key":"PreservedInsect"},{"floor":26,"key":"Question Card"}],"event_choices":[{"damage_healed":0,"gold_gain":0,"player_choice":"Grow","damage_taken":0,"max_hp_gain":0,"max_hp_loss":0,"event_name":"Living Wall","floor":2,"gold_loss":0,"cards_upgraded":["Zap"]},{"damage_healed":0,"gold_gain":75,"player_choice":"Gold","damage_taken":11,"max_hp_gain":0,"max_hp_loss":0,"event_name":"betterThird:BetterGoop","floor":3,"gold_loss":0},{"damage_healed":18,"gold_gain":0,"player_choice":"Healed","damage_taken":0,"max_hp_gain":0,"max_hp_loss":0,"event_name":"The Cleric","floor":7,"gold_loss":35},{"damage_healed":18,"gold_gain":0,"player_choice":"Healed and dodged fight","damage_taken":0,"max_hp_gain":0,"max_hp_loss":0,"event_name":"Mushrooms","floor":12,"gold_loss":0,"cards_obtained":["Parasite"]},{"damage_healed":0,"gold_gain":0,"player_choice":"Bought 3 Potions","damage_taken":0,"max_hp_gain":0,"max_hp_loss":0,"event_name":"The Woman in Blue","floor":13,"gold_loss":0},{"cards_removed":["Zap"],"damage_healed":0,"gold_gain":0,"player_choice":"Take \u0026 Give","damage_taken":0,"max_hp_gain":0,"max_hp_loss":0,"event_name":"betterNote:BetterNote","floor":19,"gold_loss":0,"cards_obtained":["Zap"]},{"cards_removed":["Parasite"],"damage_healed":0,"gold_gain":0,"player_choice":"Card Removal","damage_taken":0,"max_hp_gain":0,"max_hp_loss":0,"event_name":"Wheel of Change","floor":20,"gold_loss":0},{"cards_removed":["Echo Form"],"damage_healed":0,"gold_gain":0,"player_choice":"Gave Gold","damage_taken":0,"max_hp_gain":0,"max_hp_loss":0,"event_name":"Beggar","floor":25,"gold_loss":75},{"damage_healed":0,"gold_gain":0,"player_choice":"Adaptability","damage_taken":0,"max_hp_gain":0,"max_hp_loss":0,"event_name":"betterThird:BetterWriting","floor":27,"gold_loss":0}],"is_beta":false,"boss_relics":[{"not_picked":["FrozenCore","energizedSpire:CursedPentagram"],"picked":"Pandora\u0027s Box"}],"items_purged_floors":[],"is_endless":false,"potions_floor_spawned":[1,5,8,22,24],"killed_by":"Snake Plant","ascension_level":0}}