{"host":"y6zg4wwu39otf01a","time":1613413525,"event":{"mods":["Act Like it!","Aspiration","BaseMod","Better Altar","Better Match","Better Note","Better Sensory Stone","Better Skull","Better Third Choice","Challenge The Spire","Colored Map","Colored Powertips","Conspire","GifTheSpireLib","Glutton Mod","Halation","Hermit","Highlight Path","Hubris","Infinite Spire","Mimic Mod","Minty Spire (QoL Compilation)","Quick Restart","Random Character Button","Rare Cards Sparkle","Replay The Spire","Retaliation","Spicy Shops","StSLib","Stuff the Spire","The Blue Laboratory","The Jungle"],"gold_per_floor":[114,114,114,189,44,44,64,64,64,71,246,280,292,292,292,395,395,408,32,32,32,44,44,74,74,74,74,92,92,70,70,70,70,70],"floor_reached":33,"language":"ENG","playtime":1604,"items_purged":["Pain"],"score":438,"play_id":"e4c53460-b430-4606-90be-39a9bc22537d","local_time":"20210215122525","is_ascension_mode":true,"campfire_choices":[{"floor":6.0,"key":"REST"},{"data":"Eruption","floor":8.0,"key":"SMITH"},{"data":"StuffTheSpire:Rapture","floor":15.0,"key":"SMITH"},{"data":"Scrawl","floor":23.0,"key":"SMITH"},{"data":"StuffTheSpire:Perfection","floor":25.0,"key":"SMITH"},{"data":"infinitespire:FutureSight","floor":32.0,"key":"SMITH"}],"circlet_count":0,"master_deck":["Strike_P","Strike_P","Strike_P+1","Strike_P+1","Defend_P","Defend_P+1","Defend_P+1","Defend_P","Eruption+1","Vigilance","Tantrum+1","infinitespire:FutureSight+1","EmptyFist","StuffTheSpire:GnomedCurse","Doubt","StuffTheSpire:Rapture+1","Sickly","Scrawl+1","Hallucinations","ReplayTheSpireMod:Whispers of Evil","StuffTheSpire:CelestialWarden","WheelKick+1","Secret Weapon+1","conspire:Banana+1","Collect","Fasting2","ReplayTheSpireMod:IOU","StuffTheSpire:Rapture"],"relics":["PureWater","aspiration:Nostalgia","m_IronSupplements","ReplayFunnel","WingedGreaves","ReplayTheSpireMod:CursedCoin","StuffTheSpire:Saxophone","The Courier","Ring of Hypnosis","Ring of Fury","Kintsugi","Akabeko","WarpedTongs","Replay:Mystery Machine","Guide Book","Replay:Wax Seal"],"acts_visited":["Exordium","TheCity"],"potions_floor_usage":[33,33,33],"damage_taken":[{"damage":5.0,"enemies":"Jaw Worm","floor":1.0,"turns":5.0},{"damage":6.0,"enemies":"2 Louse","floor":7.0,"turns":2.0},{"damage":35.0,"enemies":"3 Sentries","floor":12.0,"turns":6.0},{"damage":2.0,"enemies":"Small Slimes","floor":13.0,"turns":4.0},{"damage":0.0,"enemies":"Slime Boss","floor":16.0,"turns":4.0},{"damage":0.0,"enemies":"Spheric Guardian","floor":18.0,"turns":1.0},{"damage":5.0,"enemies":"2 Thieves","floor":22.0,"turns":3.0},{"damage":47.0,"enemies":"Gremlin Leader","floor":24.0,"turns":3.0},{"damage":10.0,"enemies":"3 Cultists","floor":28.0,"turns":3.0},{"damage":57,"enemies":"Automaton","floor":33,"turns":7}],"seed_played":"-7280227720867048752","potions_obtained":[{"floor":12.0,"key":"blueLaboratory:Moonshine"},{"floor":13.0,"key":"blueLaboratory:NullPotion"},{"floor":24.0,"key":"blueLaboratory:BottledHope"},{"floor":31.0,"key":"Weak Potion"},{"floor":31.0,"key":"SkillPotion"}],"is_trial":false,"path_per_floor":["M","?","?","?","$","R","M","R","T","$","?","E","M","?","R","B",null,"M","$","?","?","M","R","E","R","T","AVR","M","?","$","?","R","B"],"character_chosen":"WATCHER","items_purchased":["ReplayFunnel","ReplayTheSpireMod:CursedCoin","StuffTheSpire:Saxophone","Secret Weapon","Akabeko","blueLaboratory:FruitPunch","conspire:Banana","Replay:Wax Seal"],"campfire_rested":1,"item_purchase_floors":[5,10,10,19,19,19,19,30],"current_hp_per_floor":[72,53,35,24,24,45,45,45,45,45,45,16,20,20,20,26,72,72,72,72,72,75,75,35,35,35,35,31,34,34,34,34,0,0],"gold":70,"neow_bonus":"NOSTALGIA","is_daily":false,"chose_seed":false,"campfire_upgraded":5,"win_rate":0.0,"timestamp":1613413525,"path_taken":["M","?","?","?","$","R","M","R","T","$","?","E","?","?","R","BOSS","M","$","?","?","?","R","E","R","T","AVR","?","?","$","?","R","BOSS"],"items_purchased_type":["Relic","Relic","Relic","Card","Relic","Potion","Card","Relic"],"build_version":"2020-12-22","purchased_purges":1,"victory":false,"max_hp_per_floor":[72,72,72,72,72,72,72,72,72,72,72,72,72,72,72,72,72,72,72,72,72,75,75,76,76,76,76,76,79,79,79,79,81,81],"card_choices":[{"not_picked":["Crescendo","FollowUp"],"picked":"Tantrum","floor":1.0},{"not_picked":["ReplayTheSpireMod:Black Plague","infinitespire:SevenWalls"],"picked":"infinitespire:FutureSight","floor":2.0},{"not_picked":["ReachHeaven","EmptyMind"],"picked":"EmptyFist","floor":7.0},{"not_picked":["JustLucky","LikeWater","Indignation"],"picked":"SKIP","floor":12.0},{"not_picked":["JustLucky","LikeWater","Indignation"],"picked":"SKIP","floor":12.0},{"not_picked":["Prostrate","Perseverance"],"picked":"Adaptation","floor":13.0},{"not_picked":["Corruption","Hemogenesis"],"picked":"Scrawl","floor":16.0},{"not_picked":["FlurryOfBlows","Sanctity+1"],"picked":"WheelKick","floor":18.0},{"not_picked":["Crescendo","Replay:ManipulateFuture"],"picked":"Collect","floor":22.0},{"not_picked":["Indignation","Replay:ManipulateFuture","DeceiveReality"],"picked":"SKIP","floor":24.0},{"not_picked":["ReachHeaven","Worship"],"picked":"Fasting2","floor":28.0}],"player_experience":834758,"relics_obtained":[{"floor":9.0,"key":"WingedGreaves"},{"floor":12.0,"key":"The Courier"},{"floor":14.0,"key":"Ring of Hypnosis"},{"floor":14.0,"key":"Ring of Fury"},{"floor":24.0,"key":"Replay:Mystery Machine"}],"event_choices":[{"damage_healed":0.0,"max_hp_gain":0.0,"max_hp_loss":0.0,"gold_gain":0.0,"event_name":"betterThird:BetterScrap","player_choice":"LEAVE","floor":3.0,"gold_loss":0.0,"damage_taken":18.0,"cards_obtained":["Sever Soul"]},{"damage_healed":0.0,"max_hp_gain":0.0,"max_hp_loss":0.0,"gold_gain":75.0,"event_name":"betterThird:BetterGoop","player_choice":"Gold","floor":4.0,"gold_loss":0.0,"damage_taken":11.0},{"damage_healed":0.0,"max_hp_gain":0.0,"max_hp_loss":0.0,"gold_gain":175.0,"event_name":"betterThird:BetterSerpent","player_choice":"AGREE","floor":11.0,"gold_loss":0.0,"damage_taken":71.0},{"damage_healed":0.0,"max_hp_gain":0.0,"max_hp_loss":0.0,"gold_gain":0.0,"event_name":"Vampires","player_choice":"Ignored","floor":20.0,"gold_loss":0.0,"damage_taken":0.0},{"damage_healed":0.0,"max_hp_gain":0.0,"max_hp_loss":0.0,"gold_gain":0.0,"event_name":"Accursed Blacksmith","player_choice":"Rummage","floor":21.0,"gold_loss":0.0,"damage_taken":0.0,"relics_obtained":["WarpedTongs"],"cards_obtained":["Pain"]},{"damage_healed":0.0,"max_hp_gain":0.0,"max_hp_loss":0.0,"gold_gain":0.0,"event_name":"Lab","player_choice":"Got Potions","floor":31.0,"gold_loss":0.0,"damage_taken":0.0}],"is_beta":false,"boss_relics":[{"not_picked":["SlaversCollar","Replay:Wanted Poster"],"picked":"Kintsugi"}],"items_purged_floors":[30],"is_endless":false,"potions_floor_spawned":[12,13,24],"killed_by":"Automaton","ascension_level":2}}