{"host":"fogez99mhgto9ydu","time":1613431394,"event":{"mods":["AchievementEnabler","BaseMod","Colored Map","Colored Powertips","Minty Spire (QoL Compilation)","SuperFastMode"],"gold_per_floor":[364,381,306,321,334,360,387,424,461,484,63,63,63,63,63,63,63],"floor_reached":16,"language":"ENG","playtime":895,"items_purged":["Pain"],"score":112,"play_id":"37456aa2-d6a2-462e-b2a9-5060520c9d4f","local_time":"20210216002314","is_ascension_mode":false,"campfire_choices":[{"floor":13.0,"key":"REST"},{"floor":15.0,"key":"REST"}],"circlet_count":0,"master_deck":["Strike_P","Strike_P","Strike_P","Strike_P","Defend_P","Defend_P","Defend_P","Defend_P","Eruption","Vigilance","WheelKick","WheelKick","CarveReality","FollowUp","Ragnarok","DeusExMachina"],"relics":["PureWater","MawBank","MealTicket","Juzu Bracelet","Golden Idol"],"acts_visited":["Exordium"],"potions_floor_usage":[],"damage_taken":[{"damage":1.0,"enemies":"Cultist","floor":1.0,"turns":2.0},{"damage":3.0,"enemies":"Jaw Worm","floor":2.0,"turns":3.0},{"damage":0.0,"enemies":"2 Louse","floor":4.0,"turns":2.0},{"damage":7.0,"enemies":"Exordium Thugs","floor":5.0,"turns":3.0},{"damage":28.0,"enemies":"Lagavulin","floor":6.0,"turns":4.0},{"damage":3.0,"enemies":"Red Slaver","floor":7.0,"turns":5.0},{"damage":28.0,"enemies":"Gremlin Nob","floor":8.0,"turns":3.0},{"damage":0.0,"enemies":"Blue Slaver","floor":10.0,"turns":3.0},{"damage":65,"enemies":"The Guardian","floor":16,"turns":9}],"seed_played":"5064325731339809282","potions_obtained":[{"floor":2.0,"key":"Block Potion"},{"floor":4.0,"key":"SteroidPotion"},{"floor":6.0,"key":"LiquidMemories"}],"is_trial":false,"path_per_floor":["M","M","$","M","M","E","M","E","T","M","$","?","R","?","R","B"],"character_chosen":"WATCHER","items_purchased":["Ragnarok","DeusExMachina","Juzu Bracelet"],"campfire_rested":2,"item_purchase_floors":[11,11,11],"current_hp_per_floor":[71,68,68,68,61,33,30,2,2,2,17,17,38,38,59,0,0],"gold":63,"neow_bonus":"TWO_FIFTY_GOLD","is_daily":false,"chose_seed":false,"campfire_upgraded":0,"win_rate":0.0,"timestamp":1613431394,"path_taken":["M","M","?","M","M","E","M","E","T","M","$","?","R","?","R","BOSS"],"items_purchased_type":["Card","Card","Relic"],"build_version":"2020-12-22","purchased_purges":1,"victory":false,"max_hp_per_floor":[72,72,72,72,72,72,72,72,72,72,72,72,72,72,72,72,72],"card_choices":[{"not_picked":["Consecrate","WreathOfFlame"],"picked":"WheelKick","floor":1.0},{"not_picked":["EmptyMind","Halt"],"picked":"WheelKick","floor":2.0},{"not_picked":["WheelKick","CrushJoints"],"picked":"CarveReality","floor":4.0},{"not_picked":["ForeignInfluence","Meditate","EmptyFist"],"picked":"SKIP","floor":5.0},{"not_picked":["SignatureMove","Weave","Consecrate"],"picked":"SKIP","floor":6.0},{"not_picked":["WindmillStrike","Consecrate","SandsOfTime"],"picked":"SKIP","floor":7.0},{"not_picked":["Evaluate","Study"],"picked":"FollowUp","floor":8.0},{"not_picked":["ClearTheMind","FlurryOfBlows","Consecrate"],"picked":"SKIP","floor":10.0}],"player_experience":432504,"relics_obtained":[{"floor":6.0,"key":"MawBank"},{"floor":8.0,"key":"MealTicket"}],"event_choices":[{"damage_healed":0.0,"max_hp_gain":0.0,"max_hp_loss":0.0,"gold_gain":0.0,"event_name":"Golden Idol","player_choice":"Take Wound","floor":12.0,"gold_loss":0.0,"damage_taken":0.0,"relics_obtained":["Golden Idol"],"cards_obtained":["Injury"]},{"cards_removed":["Injury"],"damage_healed":0.0,"max_hp_gain":0.0,"max_hp_loss":0.0,"gold_gain":0.0,"event_name":"Fountain of Cleansing","player_choice":"Removed Curses","floor":14.0,"gold_loss":0.0,"damage_taken":0.0}],"is_beta":false,"boss_relics":[],"items_purged_floors":[3],"is_endless":false,"potions_floor_spawned":[2,4,6,8],"killed_by":"The Guardian","ascension_level":0}}