{"host":"350rh84kbmtekt58","time":1613421272,"event":{"mods":["AchievementEnabler","Act Like it!","BaseMod","Better Synergies","Block Reminder","CapriCore","Challenge The Spire","Colored Map","Colored Powertips","Communication Mod","Downfall","Energized Spire","Friendly Minions","GifTheSpireLib","Highlight Path","Minty Spire (QoL Compilation)","Quick Restart","Replay The Spire","Shop Mod","StSLib","The Animator","The Disciple","The Immortal","The Marked","The Runesmith","The Servant 0.9.4","The Wild Card","Transform Curses","yUi"],"gold_per_floor":[111,111,124,124,135,135,135,164,164,193,211,43,63,63,63,63,63],"floor_reached":16,"language":"ENG","playtime":1346,"items_purged":[],"score":116,"play_id":"91b0086c-89e8-46c4-b769-b82fd95c414d","local_time":"20210215143432","is_ascension_mode":true,"campfire_choices":[{"data":"Neutralize","floor":6,"key":"SMITH"},{"floor":15,"key":"DIG"}],"circlet_count":0,"master_deck":["Strike_G","Strike_G","Strike_G","Strike_G","Defend_G","Defend_G","Defend_G","Defend_G","Defend_G","Survivor","Neutralize+1","Prepared","Backflip","Pain","Terror","Neutralize","Leg Sweep","Deflect","Footwork","Toxin Wave","Outmaneuver","Crippling Poison","Draining Mist"],"relics":["energizedSpire:PogoStick","WarpedTongs","Darkstone Periapt","Mercury Hourglass","Bronze Scales","ReplayTheSpireMod:CursedCoin","Divine Protection","Iron Hammer"],"acts_visited":["Exordium"],"potions_floor_usage":[8,10,16],"damage_taken":[{"damage":0,"enemies":"2 Louse","floor":1,"turns":3},{"damage":4,"enemies":"Small Slimes","floor":3,"turns":6},{"damage":1,"enemies":"Cultist","floor":5,"turns":4},{"damage":28,"enemies":"3 Sentries","floor":8,"turns":15},{"damage":6,"enemies":"Lagavulin","floor":10,"turns":9},{"damage":0,"enemies":"Looter","floor":11,"turns":3},{"damage":2,"enemies":"Exordium Thugs","floor":13,"turns":4},{"damage":152,"enemies":"Hexaghost","floor":16,"turns":8}],"seed_played":"-7870080079197323719","potions_obtained":[{"floor":1,"key":"FearPotion"},{"floor":5,"key":"DuplicationPotion"},{"floor":13,"key":"Fire Potion"}],"is_trial":false,"path_per_floor":["M","?","M","?","M","R","?","E","T","E","M","$","M","$","R_BF","B"],"character_chosen":"THE_SILENT","items_purchased":["ReplayTheSpireMod:CursedCoin","Divine Protection","Crippling Poison"],"campfire_rested":0,"item_purchase_floors":[12,12,12],"current_hp_per_floor":[70,63,59,59,58,58,58,30,30,24,24,30,28,28,28,0,0],"gold":63,"neow_bonus":"BOSS_RELIC","is_daily":false,"chose_seed":false,"campfire_upgraded":1,"win_rate":0.0,"timestamp":1613421272,"path_taken":["M","?","M","?","?","R","?","E","T","E","M","?","M","$","R_BF","BOSS"],"items_purchased_type":["Relic","Relic","Card"],"build_version":"2020-12-22","purchased_purges":0,"victory":false,"max_hp_per_floor":[70,70,70,70,70,70,70,70,70,70,70,76,76,76,76,76,76],"card_choices":[{"not_picked":["Blur","Tactician"],"picked":"Prepared","floor":1},{"not_picked":["Underhanded Strike","Flying Knee"],"picked":"Backflip","floor":3},{"not_picked":["Heel Hook","Crippling Poison"],"picked":"Terror","floor":5},{"not_picked":["Concentrate","Deflect"],"picked":"Footwork","floor":8},{"not_picked":["Blade Dance","PiercingWail"],"picked":"Toxin Wave","floor":10},{"not_picked":["Skewer","Replay:Poison Smokescreen"],"picked":"Outmaneuver","floor":11},{"not_picked":["Flying Knee","Deadly Poison"],"picked":"Draining Mist","floor":13}],"player_experience":252150,"relics_obtained":[{"floor":8,"key":"Darkstone Periapt"},{"floor":9,"key":"Mercury Hourglass"},{"floor":10,"key":"Bronze Scales"},{"floor":15,"key":"Iron Hammer"}],"event_choices":[{"cards_removed":["Strike_G"],"damage_healed":0,"gold_gain":0,"player_choice":"Card Removal","damage_taken":7,"max_hp_gain":0,"max_hp_loss":0,"event_name":"Golden Wing","floor":2,"gold_loss":0},{"damage_healed":0,"gold_gain":0,"player_choice":"Rummage","damage_taken":0,"relics_obtained":["WarpedTongs"],"max_hp_gain":0,"max_hp_loss":0,"event_name":"Accursed Blacksmith","floor":4,"gold_loss":0,"cards_obtained":["Pain"]},{"damage_healed":0,"gold_gain":0,"player_choice":"3 cards matched","damage_taken":0,"max_hp_gain":0,"max_hp_loss":0,"event_name":"Match and Keep!","floor":7,"gold_loss":0,"cards_obtained":["Neutralize","Leg Sweep","Deflect"]}],"is_beta":false,"boss_relics":[],"items_purged_floors":[],"is_endless":false,"potions_floor_spawned":[1,5,13],"killed_by":"Hexaghost","ascension_level":1}}