{"host":"23qk1co0p3p8qz56","time":1613361929,"event":{"mods":["100% Spire Juice","AchievementEnabler","Act Like it!","Arknights","BaseMod","Better Note","Better Third Choice","BetterRewards","CapriCore","Chen","Colored Map","DNKmod","Downfall","Duelist Mod","Friendly Minions","Gensokyo","Gold Saver","Halation","KinomotoSakuraMod(木之本?)","Koishi","KomeijiMod","Lobotomy","LobotomyExtend","Mari Mod (Legacy)","Mari\u0027s V1 Patch","Marisa（霧雨　魔理沙）","Minty Spire (QoL Compilation)","MostiFishMod","Permanent Neow","Prisma Mod","Railgun Mod","Reimu（博??梦）","Remilia（蕾米莉?）","RumiaBox-露米?的神秘盒子","Shop Mod","StSLib","The Administrix","The Alterego","The Animator","The Gatherer","The Immortal","The Senshi","Waifu the Spire","WarShipGirlsR/??少女R mod","Yakumo Yukari mod","Yohane!","Yuyuko"],"gold_per_floor":[10000,10015,10030,10045,9503,9503,9503,9518,9533,9563,9825,9855,9755,9230,9245,9345,9395,9395,9395,9410,8960,8960,8960,8985,8985,9000,9030,8930,8960,8960,8975,8990,9090,9090,9090,9105,9120,9135,9111,9141,9216,9231,9231,9231,9261,9161,9161,9185,9209,9209,9209,9248,9248,9248,9248,9248],"floor_reached":57,"language":"ENG","playtime":6686,"items_purged":[],"score":1737,"play_id":"a44bb69c-b223-43d3-b213-4440ec51b626","local_time":"20210214210529","daily_mods":["Heirloom","Green Cards","Elite Swarm"],"is_ascension_mode":false,"campfire_choices":[{"floor":1,"key":"RECALL"},{"data":"Body Slam","floor":13,"key":"SMITH"},{"data":"True Grit","floor":18,"key":"SMITH"},{"data":"MostiFishMod:NewArrival","floor":23,"key":"SMITH"},{"data":"Armaments","floor":28,"key":"SMITH"},{"data":"Caltrops","floor":30,"key":"SMITH"},{"data":"MostiFishMod:RacingGame","floor":35,"key":"SMITH"},{"data":"Shrug It Off","floor":43,"key":"SMITH"},{"data":"Bloodletting","floor":46,"key":"SMITH"},{"data":"Shrug It Off","floor":54,"key":"SMITH"}],"circlet_count":0,"master_deck":["Strike_R","Strike_R+1","Strike_R","Strike_R","Strike_R","Defend_R+1","Defend_R","Defend_R","Defend_R+1","Bash","Caltrops+1","Spot Weakness","Footwork","True Grit+1","After Image","Body Slam+1","MostiFishMod:PerfectParry","MostiFishMod:NewArrival+1","Deflect","Ghostly Armor","Backflip","MostiFishMod:UltimateDefense","Armaments+1","Body Slam+1","Armaments+1","Impervious","Impervious","Metallicize","MostiFishMod:RacingGame+1","Rage+1","Body Slam+1","Shrug It Off+1","Bloodletting+1","Shrug It Off+1","Escape Plan+1","Venomology"],"relics":["Burning Blood","PureWhite:ReiMu","ArrowTower","Incense Burner","DaveBox","SentryEyes","MetatronsCube","LetterFromLob","Peace Pipe","Ancient Tea Set","Tiny Chest","sneckomod:BlankCard","Boot","downfall:HeartBlessingRed","hexamod:CandleOfCauterizing","hexamod:BolsterEngine","Tiny House","ClockworkSouvenir","CaptainsWheel","halation:EternalFortune","Du-Vu Doll","downfall:HeartBlessingBlue","MostiFishMod:Haymaker","SacredBark","Charon\u0027s Ashes","HornCleat","HollowDreamFlower","downfall:HeartBlessingGreen","CeramicFish","Bag of Preparation"],"acts_visited":["Exordium","TheCity","TheBeyond","TheEnding"],"potions_floor_usage":[10,20,45,50,50,50,55,56,56,56,56,56,56],"damage_taken":[{"damage":0,"enemies":"Small Slimes","floor":2,"turns":2},{"damage":0,"enemies":"Jaw Worm","floor":3,"turns":2},{"damage":0,"enemies":"ats:Genji","floor":4,"turns":2},{"damage":0,"enemies":"downfall:FleeingMerchant","floor":5,"turns":4},{"damage":0,"enemies":"Looter","floor":8,"turns":2},{"damage":0,"enemies":"Gremlin Gang","floor":9,"turns":2},{"damage":0,"enemies":"3 Sentries","floor":10,"turns":2},{"damage":0,"enemies":"downfall:FleeingMerchant","floor":11,"turns":4},{"damage":0,"enemies":"Lagavulin","floor":12,"turns":3},{"damage":0,"enemies":"3 Louse","floor":15,"turns":2},{"damage":0,"enemies":"WA_ARCHETYPE_RETAIN","floor":16,"turns":3},{"damage":0,"enemies":"3 Byrds","floor":20,"turns":1},{"damage":0,"enemies":"downfall:LooterAlt2","floor":26,"turns":2},{"damage":0,"enemies":"theDuelist:KaibaA2","floor":27,"turns":1},{"damage":0,"enemies":"Gremlin Leader","floor":29,"turns":3},{"damage":0,"enemies":"Cultist and Chosen","floor":31,"turns":3},{"damage":5,"enemies":"Shelled Parasite and Fungi","floor":32,"turns":3},{"damage":0,"enemies":"SI_MIRROR_ARCHETYPE","floor":33,"turns":4},{"damage":0,"enemies":"3 Shapes","floor":36,"turns":2},{"damage":0,"enemies":"Orb Walker","floor":37,"turns":3},{"damage":0,"enemies":"4 Shapes","floor":38,"turns":2},{"damage":0,"enemies":"Nemesis","floor":40,"turns":3},{"damage":0,"enemies":"Transient","floor":42,"turns":5},{"damage":0,"enemies":"Giant Head","floor":45,"turns":3},{"damage":3,"enemies":"Sphere and 2 Shapes","floor":48,"turns":2},{"damage":0,"enemies":"Maw","floor":49,"turns":4},{"damage":3,"enemies":"IC_BLOCK_ARCHETYPE","floor":50,"turns":4},{"damage":3,"enemies":"downfall:CharBossMerchant","floor":52,"turns":4},{"damage":7,"enemies":"downfall:NeowBoss","floor":55,"turns":10},{"damage":6,"enemies":"downfall:NeowBossFinal","floor":56,"turns":6}],"seed_played":"5535013652570512859","potions_obtained":[{"floor":2,"key":"Energy Potion"},{"floor":8,"key":"PanachePotion"},{"floor":10,"key":"Guardian:BlockOnCardUsePotion"},{"floor":15,"key":"ColorlessPotion"},{"floor":16,"key":"hexamod:SoulburnPotion"},{"floor":17,"key":"EntropicBrew"},{"floor":29,"key":"AttackPotion"},{"floor":49,"key":"FairyPotion"},{"floor":52,"key":"GrandPatriotsElixir:ReiMu"}],"is_trial":false,"path_per_floor":["R","M","M","M","$","?","T","M","M","E","$","E","R","$","M","B",null,"R","M","M","$","?","R","T","?","M","E","R","E","R","M","M","B",null,"R","M","M","M","$","E","T","M","R","$","E","R","T","M","M","B",null,"E","$","R","B","B",null],"character_chosen":"IRONCLAD","items_purchased":["Peace Pipe","Ancient Tea Set","Footwork","MostiFishMod:PerfectParry","Deflect","Ghostly Armor","hexamod:CandleOfCauterizing","hexamod:BolsterEngine","ClockworkSouvenir","CaptainsWheel","Shrug It Off"],"campfire_rested":0,"item_purchase_floors":[5,5,5,11,14,14,14,14,21,21,39],"current_hp_per_floor":[500,500,500,500,500,400,400,406,412,418,424,430,430,430,436,442,505,505,505,505,505,508,508,508,508,508,508,518,518,518,518,521,521,521,521,521,521,521,521,524,524,524,524,524,527,527,527,527,527,527,527,527,527,527,526,527],"gold":9248,"neow_bonus":"","is_daily":true,"chose_seed":false,"campfire_upgraded":9,"win_rate":0.0,"timestamp":1613361929,"path_taken":["R","M","M","M","$","?","T","M","M","E","$","E","R","?","M","BOSS","R","M","M","$","?","R","T","?","M","E","R","E","R","M","M","BOSS","R","M","M","M","$","E","T","M","R","$","E","R","?","?","M","BOSS","E","$","R","BOSS","BOSS"],"items_purchased_type":["Relic","Relic","Card","Card","Card","Card","Relic","Relic","Relic","Relic","Card"],"build_version":"2020-12-22","purchased_purges":0,"victory":true,"max_hp_per_floor":[500,500,500,500,500,500,500,500,500,500,500,500,500,500,500,500,505,505,505,505,505,508,508,508,508,508,508,518,518,518,518,521,521,521,521,521,521,521,521,524,524,524,524,524,527,527,527,527,527,527,527,527,527,527,527,527],"card_choices":[{"not_picked":["MostiFishMod:FrostNova","Flying Knee"],"picked":"Caltrops","floor":2},{"not_picked":["Searing Blow","MostiFishMod:PerfectParry"],"picked":"Spot Weakness","floor":3},{"not_picked":["Flying Knee","Havoc","Perfected Strike"],"picked":"SKIP","floor":4},{"not_picked":["Dagger Throw","Prepared","Accuracy"],"picked":"SKIP","floor":5},{"not_picked":["Caltrops","MostiFishMod:BrandingRite"],"picked":"True Grit","floor":8},{"not_picked":["Anger","Underhanded Strike","Caltrops"],"picked":"SKIP","floor":9},{"not_picked":["Double Tap","Berserk"],"picked":"After Image","floor":10},{"not_picked":["Blade Dance","MostiFishMod:BrandingRite"],"picked":"Body Slam","floor":11},{"not_picked":["MostiFishMod:SpreadingSpore","Grand Finale"],"picked":"MostiFishMod:NewArrival","floor":12},{"not_picked":["Caltrops","Pommel Strike"],"picked":"Backflip","floor":15},{"not_picked":["Brutality","Unload"],"picked":"MostiFishMod:UltimateDefense","floor":16},{"not_picked":["True Grit+1","MostiFishMod:Chiaki"],"picked":"Armaments+1","floor":20},{"not_picked":["MostiFishMod:InvigoratingSolution","Dodge and Roll"],"picked":"Armaments","floor":26},{"not_picked":["MostiFishMod:Neurotoxin","MostiFishMod:FireWorks"],"picked":"Impervious","floor":27},{"not_picked":["Exhume","MostiFishMod:TemporaryOutbreak"],"picked":"Impervious","floor":29},{"not_picked":["Outmaneuver+1","MostiFishMod:#F4004+1","Distraction"],"picked":"SKIP","floor":31},{"not_picked":["Anger+1","Sword Boomerang"],"picked":"Metallicize","floor":32},{"not_picked":["Envenom","MostiFishMod:HellRitual"],"picked":"MostiFishMod:RacingGame","floor":33},{"not_picked":["Havoc+1","Quick Slash+1"],"picked":"Rage+1","floor":36},{"not_picked":["Dagger Spray","Bane"],"picked":"Body Slam+1","floor":37},{"not_picked":["Dagger Spray","Infinite Blades+1","MostiFishMod:PreservedThorns+1"],"picked":"SKIP","floor":38},{"not_picked":["Phantasmal Killer","MostiFishMod:Listen","MostiFishMod:CullingBlade"],"picked":"SKIP","floor":40},{"not_picked":["Poisoned Stab","Disarm+1"],"picked":"Bloodletting","floor":42},{"not_picked":["Unload","Envenom","MostiFishMod:Listen"],"picked":"SKIP","floor":45},{"not_picked":["Outmaneuver","PiercingWail+1"],"picked":"Shrug It Off","floor":48},{"not_picked":["Crippling Poison","Flex+1"],"picked":"Escape Plan+1","floor":49},{"not_picked":["MostiFishMod:Wind","Glass Knife"],"picked":"Venomology","floor":52}],"player_experience":200045,"relics_obtained":[{"floor":2,"key":"LetterFromLob"},{"floor":7,"key":"Tiny Chest"},{"floor":10,"key":"sneckomod:BlankCard"},{"floor":12,"key":"Boot"},{"floor":27,"key":"Du-Vu Doll"},{"floor":29,"key":"MostiFishMod:Haymaker"},{"floor":32,"key":"halation:EternalFortune"},{"floor":40,"key":"halation:EternalFortune"},{"floor":40,"key":"Charon\u0027s Ashes"},{"floor":41,"key":"HornCleat"},{"floor":45,"key":"halation:EternalFortune"},{"floor":45,"key":"HollowDreamFlower"},{"floor":47,"key":"CeramicFish"},{"floor":52,"key":"Bag of Preparation"}],"event_choices":[{"damage_healed":500,"gold_gain":0,"player_choice":"Upgrade","damage_taken":100,"max_hp_gain":0,"max_hp_loss":500,"event_name":"betterThird:BetterShining","floor":6,"gold_loss":0,"cards_upgraded":["Strike_R","Defend_R"]}],"is_beta":false,"boss_relics":[{"not_picked":["Runic Dome","xbg"],"picked":"Tiny House"},{"not_picked":["TimeKeys","ChiXiaoBlade"],"picked":"SacredBark"}],"items_purged_floors":[],"is_endless":false,"potions_floor_spawned":[2,8,10,15,16,29,31,32,33,36,37,49,52],"ascension_level":0}}