{"host":"nk96hmshg916l1i9","time":1613428365,"event":{"mods":["Act Like it!","Aspiration","BaseMod","Bestiary","Better Third Choice","BetterRewards","Colored Map","Colored Powertips","Downfall","Gensokyo","Hallownest","Hermit","Hubris","Koishi","Lobotomy","Marisa（霧雨　魔理沙）","Minty Spire (QoL Compilation)","Prisma Mod","Remilia（蕾米莉?）","Shop Mod","StSLib","Td1madao Mod","The Administrix","The Animator","The Bug Knight","The Cursed","The Disciple","The Hierophant","The Jungle"],"gold_per_floor":[116,126,51,51,51,51,96,141,141,192,246,206,206],"floor_reached":12,"language":"ENG","playtime":861,"items_purged":["hierophant:Strike_Hierophant"],"score":80,"play_id":"9eaf0559-f8ba-4d98-b245-18c1940a84f8","local_time":"20210216063245","is_ascension_mode":false,"campfire_choices":[{"data":"hierophant:RustyCrate","floor":6,"key":"SMITH"}],"circlet_count":0,"master_deck":["hierophant:Strike_Hierophant","hierophant:Strike_Hierophant","hierophant:Strike_Hierophant","hierophant:Punish","hierophant:Defend_Hierophant","hierophant:Defend_Hierophant","hierophant:Defend_Hierophant","hierophant:Defend_Hierophant","hierophant:ChurchCoffers","Finesse","hierophant:HolyVerse","hierophant:RustyCrate+1","hierophant:Doubloon","hierophant:Doubloon","hierophant:FieryStrike","hierophant:OrnateBuckler","hierophant:HammerAndAnvil"],"relics":["hierophant:PropheticMaskRelic","hubris:Towel","Vajra","Oddly Smooth Stone"],"acts_visited":["Exordium"],"potions_floor_usage":[7,8,12],"damage_taken":[{"damage":1,"enemies":"Cultist","floor":1,"turns":3},{"damage":0,"enemies":"2 Louse","floor":2,"turns":2},{"damage":1,"enemies":"Jaw Worm","floor":7,"turns":4},{"damage":9,"enemies":"Exordium Thugs","floor":8,"turns":5},{"damage":26,"enemies":"3 Sentries","floor":10,"turns":8},{"damage":6,"enemies":"Blue Slaver","floor":11,"turns":5},{"damage":33,"enemies":"Lagavulin","floor":12,"turns":7}],"seed_played":"2101283492537252716","potions_obtained":[{"floor":1,"key":"AttackPotion"},{"floor":7,"key":"Swift Potion"},{"floor":11,"key":"SteroidPotion"}],"is_trial":false,"path_per_floor":["M","M","$","$","?","R","M","M","T","E","M","E"],"character_chosen":"HIEROPHANT","items_purchased":[],"campfire_rested":0,"item_purchase_floors":[],"current_hp_per_floor":[74,74,74,74,74,74,73,64,64,38,32,0,0],"gold":206,"neow_bonus":"RANDOM_COLORLESS","is_daily":false,"chose_seed":false,"campfire_upgraded":1,"win_rate":0.0,"timestamp":1613428365,"path_taken":["M","M","?","$","?","R","?","M","T","E","M","E"],"items_purchased_type":[],"build_version":"2020-12-22","purchased_purges":1,"victory":false,"max_hp_per_floor":[75,75,75,75,75,75,75,75,75,75,75,75,75],"card_choices":[{"not_picked":["Impatience","Deep Breath"],"picked":"Finesse","floor":0},{"not_picked":["hierophant:Purify","hierophant:Encroach"],"picked":"hierophant:HolyVerse","floor":1},{"not_picked":["hierophant:SealAway","hierophant:Endure"],"picked":"hierophant:RustyCrate","floor":2},{"not_picked":["hierophant:Sermon","hierophant:RustyCrate"],"picked":"hierophant:FieryStrike","floor":7},{"not_picked":["hierophant:FlamingChariot","hierophant:Alms"],"picked":"hierophant:OrnateBuckler","floor":8},{"not_picked":["hierophant:Sermon","hierophant:MirrorShield"],"picked":"hierophant:HammerAndAnvil","floor":10},{"not_picked":["hierophant:Doubloon","hierophant:RustyCrate","hierophant:Chorus"],"picked":"SKIP","floor":11}],"player_experience":827200,"relics_obtained":[{"floor":9,"key":"Vajra"},{"floor":10,"key":"Oddly Smooth Stone"}],"event_choices":[],"is_beta":false,"boss_relics":[],"items_purged_floors":[3],"is_endless":false,"potions_floor_spawned":[1,7,11],"killed_by":"Lagavulin","ascension_level":0}}