{"host":"17xjy7b7ubl548g2","time":1613368268,"event":{"mods":["2.2 Compatiblity","Act Like it!","Aspiration","Astrologer","Bard","BaseMod","Challenge The Spire","ChefMod","Colored Map","Colored Powertips","Conspire","Elementarium","Energized Spire","Gensokyo","GifTheSpireLib","Halation","Hallownest","Hermit","Hubris","Infinite Spire","Jedi Mod","Jorbs\u0027s Wanderer Trilogy","Marisa（霧雨　魔理沙）","Marked Mod","Menagerie","Minty Spire (QoL Compilation)","Permanent Neow","Reliquary","Replay The Spire","Robot Space Explorer","Spicy Shops","Spire Arcade","StSLib","Stuff the Spire","The Blue Laboratory","The Bug Knight","The Construct","The Disciple","The Hayseed","The Hierophant","The Marked","The Runesmith","The Sage","TheFirefly"],"gold_per_floor":[10,10,20,20,35,66,66,112,112,112,151,164,197,45,45,190,190,223,71,96,116,116,116,155,155,180,36,36,36,56,81,125,143,143,269,269,288,311,350,366,411,411,450,450,450,450,450,92,92,147,147,147,147,147,74,74,74],"floor_reached":56,"language":"ENG","playtime":5230,"items_purged":["stsjorbsmod:Strike_Wanderer","stsjorbsmod:Strike_Wanderer"],"score":1230,"play_id":"51d7629e-a7a3-4740-a622-9a9cdb8e814c","local_time":"20210215005108","is_ascension_mode":true,"campfire_choices":[{"data":"stsjorbsmod:ArcaneWeapon","floor":7.0,"key":"SMITH"},{"floor":10.0,"key":"REST"},{"data":"stsjorbsmod:Will","floor":15.0,"key":"SMITH"},{"data":"Tempo","floor":23.0,"key":"SMITH"},{"data":"HandOfGreed","floor":25.0,"key":"SMITH"},{"data":"stsjorbsmod:Fireball","floor":34.0,"key":"SMITH"},{"floor":42.0,"key":"REST"},{"data":"stsjorbsmod:ScorchingRay","floor":44.0,"key":"SMITH"},{"data":"hubris:EnhanceAbility","floor":49,"key":"SMITH"},{"floor":51,"key":"RECALL"},{"data":"stsjorbsmod:DisguiseSelf","floor":54,"key":"SMITH"}],"circlet_count":0,"master_deck":["AscendersBane","stsjorbsmod:ForbiddenGrimoire+1","stsjorbsmod:Strike_Wanderer","stsjorbsmod:Strike_Wanderer+1","stsjorbsmod:Defend_Wanderer","stsjorbsmod:Defend_Wanderer","stsjorbsmod:Defend_Wanderer","stsjorbsmod:Defend_Wanderer","stsjorbsmod:FreshAdventure+1","stsjorbsmod:EyeOfTheStorm","stsjorbsmod:Withdraw","stsjorbsmod:ArcaneWeapon+1","stsjorbsmod:ChainLightning","stsjorbsmod:Firebolt","stsjorbsmod:ColorSpray","stsjorbsmod:TollTheDead","stsjorbsmod:Will+1","stsjorbsmod:Pyromancy","stsjorbsmod:DisguiseSelf+1","stsjorbsmod:TollTheDead+1","stsjorbsmod:FlameWard","HandOfGreed+1","Adagio+1","stsjorbsmod:FlameWard","stsjorbsmod:Fireball+1","stsjorbsmod:TinyHut+1","stsjorbsmod:ScorchingRay+1","stsjorbsmod:CorrodingBarrier","stsjorbsmod:Counterspell","stsjorbsmod:Message+1","hubris:EnhanceAbility+1","stsjorbsmod:Hibernate+1"],"relics":["stsjorbsmod:GrimoireRelic","Golden Idol","hubris:64BitClover","Pet Ghost","ReplayTheSpireMod:Ninjato","reliquary:ExpiredCoupon","Mercury Hourglass","Oddly Smooth Stone","energizedSpire:DeadBattery","Bag of Preparation","infinitespire:FocusingShard","Omamori","reliquary:Sideboard","Runesmith:Locket","Elementarium:ElementariumTrophy","aspiration:MobileForge","reliquary:PorcupineQuills","jedi:bottledfury","halation:PinkSoulGem","infinitespire:EmpoweringShard"],"acts_visited":["Exordium","Menagerie:Menagerie","TheBeyond","TheEnding"],"potions_floor_usage":[52],"damage_taken":[{"damage":3.0,"enemies":"Menagerie:2_RABBITS","floor":1.0,"turns":5.0},{"damage":0.0,"enemies":"Menagerie:MonstrousExperiment","floor":3.0,"turns":4.0},{"damage":0.0,"enemies":"Menagerie:StygianBoar","floor":5.0,"turns":3.0},{"damage":12.0,"enemies":"Menagerie:MaskedSummoner","floor":6.0,"turns":7.0},{"damage":33.0,"enemies":"Menagerie:VoidReaper","floor":8.0,"turns":7.0},{"damage":0.0,"enemies":"Menagerie:MaskedSummoner","floor":11.0,"turns":5.0},{"damage":5.0,"enemies":"Menagerie:KEEPER_AND_YOUNG_SUNEATER","floor":12.0,"turns":4.0},{"damage":19.0,"enemies":"Menagerie:VoidReaper","floor":13.0,"turns":4.0},{"damage":12.0,"enemies":"Menagerie:AVATARS","floor":16.0,"turns":5.0},{"damage":0.0,"enemies":"Elementarium:VoidCorruption","floor":18.0,"turns":3.0},{"damage":0.0,"enemies":"Elementarium:2_ELEMENTALS","floor":20.0,"turns":1.0},{"damage":1.0,"enemies":"Elementarium:Hydrostalker","floor":21.0,"turns":5.0},{"damage":12.0,"enemies":"Elementarium:FIRE_NOBILITY","floor":24.0,"turns":5.0},{"damage":0.0,"enemies":"Elementarium:3_ELEMENTALS","floor":30.0,"turns":2.0},{"damage":0.0,"enemies":"Elementarium:VOID_CORRUPTION_AND_ORB_OF_FIRE","floor":31.0,"turns":3.0},{"damage":1.0,"enemies":"Elementarium:WarGolem","floor":32.0,"turns":5.0},{"damage":3.0,"enemies":"Elementarium:VoidBeast","floor":33.0,"turns":4.0},{"damage":16.0,"enemies":"Elementarium:GoldenDragon","floor":35.0,"turns":7.0},{"damage":0.0,"enemies":"3 Shapes","floor":37.0,"turns":3.0},{"damage":6.0,"enemies":"3 Darklings","floor":38.0,"turns":3.0},{"damage":7.0,"enemies":"Spire Growth","floor":39.0,"turns":5.0},{"damage":28.0,"enemies":"Writhing Mass","floor":40.0,"turns":6.0},{"damage":9.0,"enemies":"Sphere and 2 Shapes","floor":41.0,"turns":5.0},{"damage":0.0,"enemies":"Reptomancer","floor":43.0,"turns":3.0},{"damage":18,"enemies":"Jaw Worm Horde","floor":50,"turns":2},{"damage":0,"enemies":"infinitespire:MassOfShapes","floor":52,"turns":10},{"damage":59,"enemies":"Shield and Spear","floor":56,"turns":6}],"seed_played":"6537850616931233502","potions_obtained":[{"floor":5.0,"key":"blueLaboratory:AbyssPotion"},{"floor":8.0,"key":"stsjorbsmod:BurningPotion"},{"floor":11.0,"key":"jedi:StrikingPotion"},{"floor":13.0,"key":"BlessingOfTheForge"},{"floor":18.0,"key":"Energy Potion"},{"floor":21.0,"key":"Venom Potion"},{"floor":31.0,"key":"PowerPotion"},{"floor":32.0,"key":"Strength Potion"},{"floor":35.0,"key":"Venom Potion"},{"floor":39.0,"key":"SteroidPotion"},{"floor":50,"key":"blueLaboratory:FrostheartPotion"}],"is_trial":false,"path_per_floor":["M","?","M","?","M","E","R","E","T","R","E","M","E","$","R","B",null,"M","$","M","M","?","R","E","R","T","$","PTL","PTL","M","M","E","M","R","B",null,"M","M","M","M","M","R","E","R","T","?","?","$","R","M","R","B",null,"R","$","E"],"character_chosen":"WANDERER","items_purchased":["Oddly Smooth Stone","Bag of Preparation","stsjorbsmod:FlameWard","infinitespire:EmpoweringShard","EssenceOfSteel"],"campfire_rested":2,"item_purchase_floors":[14,19,27,48,55],"current_hp_per_floor":[61,56,58,58,59,47,47,17,17,36,38,35,17,17,17,7,51,52,52,52,53,53,53,42,42,42,42,42,42,42,42,43,42,42,26,55,56,52,47,21,13,32,33,33,33,33,33,33,33,17,17,17,53,53,53,0,0],"gold":74,"neow_bonus":"THREE_RARE_CARDS","is_daily":false,"chose_seed":false,"campfire_upgraded":8,"win_rate":0.0,"timestamp":1613368268,"path_taken":["M","?","?","?","M","E","R","E","T","R","E","?","E","$","R","BOSS","M","$","M","M","?","R","E","R","T","?","PTL","PTL","?","M","E","M","R","BOSS","M","M","M","M","M","R","E","R","T","?","?","$","R","M","R","BOSS","R","$","E"],"items_purchased_type":["Relic","Relic","Card","Relic","Potion"],"build_version":"2020-12-22","purchased_purges":2,"victory":false,"max_hp_per_floor":[70,70,70,65,65,65,65,65,65,65,65,65,65,65,65,65,65,65,65,65,65,65,65,65,65,65,65,65,65,65,65,65,65,65,65,65,65,65,65,65,65,65,65,65,65,65,65,65,65,65,65,65,65,65,65,65,65],"card_choices":[{"not_picked":["stsjorbsmod:DeathThroes","stsjorbsmod:Fear"],"picked":"stsjorbsmod:Withdraw","floor":0.0},{"not_picked":["stsjorbsmod:Message","stsjorbsmod:Hibernate","stsjorbsmod:Mending"],"picked":"SKIP","floor":1.0},{"not_picked":["stsjorbsmod:ParryingBlow","stsjorbsmod:LoseGrip"],"picked":"stsjorbsmod:ArcaneWeapon","floor":3.0},{"not_picked":["stsjorbsmod:TollTheDead","stsjorbsmod:Trauma"],"picked":"stsjorbsmod:ChainLightning","floor":5.0},{"not_picked":["stsjorbsmod:Stalwart","stsjorbsmod:RefuseToForget"],"picked":"stsjorbsmod:Firebolt","floor":6.0},{"not_picked":["stsjorbsmod:OldPocket","stsjorbsmod:AnimateObjects","stsjorbsmod:UnseenServant"],"picked":"SKIP","floor":8.0},{"not_picked":["stsjorbsmod:Banish","stsjorbsmod:AnimateObjects"],"picked":"stsjorbsmod:ColorSpray","floor":11.0},{"not_picked":["stsjorbsmod:Hurt","stsjorbsmod:Index"],"picked":"stsjorbsmod:TollTheDead","floor":12.0},{"not_picked":["stsjorbsmod:RayOfFrost","stsjorbsmod:Index"],"picked":"stsjorbsmod:Will","floor":13.0},{"not_picked":["stsjorbsmod:Fear","stsjorbsmod:PurgeMind"],"picked":"stsjorbsmod:Pyromancy","floor":16.0},{"not_picked":["stsjorbsmod:Inferno","stsjorbsmod:Prepare"],"picked":"stsjorbsmod:DisguiseSelf","floor":18.0},{"not_picked":["stsjorbsmod:Will","stsjorbsmod:Hibernate+1"],"picked":"stsjorbsmod:TollTheDead+1","floor":20.0},{"not_picked":["stsjorbsmod:BookOfTongues","stsjorbsmod:FaerieFire"],"picked":"stsjorbsmod:FlameWard","floor":21.0},{"not_picked":["theMarked:TakeCover","construct:Isolate"],"picked":"Tempo","floor":22.0},{"not_picked":["ReplayTheSpireMod:Trickstab","Replay:Bootleg Shield Generator"],"picked":"HandOfGreed","floor":22.0},{"not_picked":["stsjorbsmod:BlackTentacles","stsjorbsmod:ArcaneWeapon+1","stsjorbsmod:ParryingBlow"],"picked":"SKIP","floor":24.0},{"not_picked":["stsjorbsmod:Inferno","stsjorbsmod:ChatteringStrike"],"picked":"stsjorbsmod:Fireball","floor":30.0},{"not_picked":["stsjorbsmod:MagicMirror","stsjorbsmod:AnimateObjects"],"picked":"stsjorbsmod:MagicMissiles+1","floor":31.0},{"not_picked":["stsjorbsmod:Hibernate","stsjorbsmod:RayOfFrost+1"],"picked":"stsjorbsmod:TinyHut+1","floor":32.0},{"not_picked":["stsjorbsmod:Will+1","stsjorbsmod:AnimateObjects"],"picked":"stsjorbsmod:ScorchingRay","floor":33.0},{"not_picked":["stsjorbsmod:Entangle","stsjorbsmod:GatherPower"],"picked":"stsjorbsmod:CorrodingBarrier","floor":35.0},{"not_picked":["stsjorbsmod:Will+1","stsjorbsmod:MagicMirror"],"picked":"stsjorbsmod:Counterspell","floor":37.0},{"not_picked":["stsjorbsmod:Introspection+1","stsjorbsmod:Prestidigitation"],"picked":"stsjorbsmod:MagicMirror","floor":38.0},{"not_picked":["stsjorbsmod:Prestidigitation","stsjorbsmod:Prepare","stsjorbsmod:MagicMirror"],"picked":"SKIP","floor":39.0},{"not_picked":["stsjorbsmod:ArcaneWeapon+1","stsjorbsmod:Index"],"picked":"stsjorbsmod:Message+1","floor":40.0},{"not_picked":["stsjorbsmod:Prestidigitation","stsjorbsmod:Stalwart+1"],"picked":"stsjorbsmod:GatherPower","floor":41.0},{"not_picked":["stsjorbsmod:Hurt+1","stsjorbsmod:ChainLightning+1","stsjorbsmod:UnseenServant"],"picked":"SKIP","floor":43.0},{"not_picked":["Poisoned Strike","Metamorphosis"],"picked":"hubris:EnhanceAbility","floor":47.0},{"not_picked":["stsjorbsmod:TinyHut","stsjorbsmod:DisguiseSelf"],"picked":"stsjorbsmod:Hibernate+1","floor":50}],"player_experience":2184377,"relics_obtained":[{"floor":6.0,"key":"hubris:64BitClover"},{"floor":8.0,"key":"Pet Ghost"},{"floor":9.0,"key":"ReplayTheSpireMod:Ninjato"},{"floor":11.0,"key":"reliquary:ExpiredCoupon"},{"floor":13.0,"key":"Mercury Hourglass"},{"floor":24.0,"key":"infinitespire:FocusingShard"},{"floor":26.0,"key":"Omamori"},{"floor":31.0,"key":"reliquary:Sideboard"},{"floor":32.0,"key":"Runesmith:Locket"},{"floor":41.0,"key":"reliquary:PorcupineQuills"},{"floor":43.0,"key":"jedi:bottledfury"}],"event_choices":[{"damage_healed":0.0,"max_hp_gain":0.0,"max_hp_loss":5.0,"gold_gain":0.0,"event_name":"Menagerie:HarrowingRitual","player_choice":"Accept","floor":2.0,"gold_loss":0.0,"damage_taken":0.0,"cards_upgraded":["stsjorbsmod:FreshAdventure"]},{"damage_healed":0.0,"max_hp_gain":0.0,"max_hp_loss":5.0,"gold_gain":0.0,"event_name":"Golden Idol","player_choice":"Lose Max HP","floor":4.0,"gold_loss":0.0,"damage_taken":0.0,"relics_obtained":["Golden Idol"]},{"damage_healed":0.0,"max_hp_gain":0.0,"max_hp_loss":0.0,"gold_gain":0.0,"event_name":"Elementarium:IncubationChamber","player_choice":"Machinery","floor":22.0,"gold_loss":0.0,"damage_taken":0.0},{"damage_healed":0.0,"max_hp_gain":0.0,"max_hp_loss":0.0,"gold_gain":0.0,"event_name":"SensoryStone","player_choice":"Memory 1","floor":47.0,"gold_loss":0.0,"damage_taken":0.0}],"is_beta":false,"boss_relics":[{"not_picked":["sagemod:Falmels_Amulet","hubris:VirtuousBlindfold"],"picked":"energizedSpire:DeadBattery"},{"not_picked":["ReplayTheSpireMod:DimensionalGlitch","reliquary:WritOfMandamus"],"picked":"aspiration:MobileForge"}],"items_purged_floors":[27,48],"is_endless":false,"potions_floor_spawned":[5,8,11,13,18,21,31,32,35,39,40,50],"killed_by":"Shield and Spear","ascension_level":11}}