{"host":"3498uni0c31c9bdm","time":1613410126,"event":{"mods":["BaseMod","Better Match","Better Note","Better Sensory Stone","Better Skull","Better Third Choice","Colored Map","Minty Spire (QoL Compilation)","Quick Restart","RNG Fix","Random Character Button","Replay The Spire","Shop Mod","Smile Girya","StSLib","Unceasing Turn Reminder"],"gold_per_floor":[114,125,135,151,168,168,193,244,268,233,249,249,249,58,58,135,135,109,72,72,91,91,91,119,119,145,170,182,208,227,227,227,301,301,312,23,38,57,7,7,7,19,42,42,42],"floor_reached":44,"language":"ENG","playtime":2239,"items_purged":[],"score":837,"play_id":"dccca0cc-7d91-49a8-8370-826a8efa2e29","local_time":"20210216042846","is_ascension_mode":true,"campfire_choices":[{"floor":6,"key":"REST"},{"floor":12,"key":"REST"},{"floor":15,"key":"REST"},{"floor":23,"key":"RECALL"},{"data":"ReplayTheSpireMod:Brewmster","floor":25,"key":"SMITH"},{"floor":32,"key":"REST"},{"floor":40,"key":"REST"}],"circlet_count":0,"master_deck":["AscendersBane","Strike_P","Strike_P","Strike_P","Strike_P","Defend_P","Defend_P","Defend_P","Defend_P","Eruption","Vigilance","CutThroughFate","EmptyBody","Wireheading","FlurryOfBlows","CrushJoints","Alpha+1","BattleHymn","ReplayTheSpireMod:Brewmster+1","Judgement","ClearTheMind","WaveOfTheHand","Prostrate","FollowUp","MentalFortress","EmptyFist","BowlingBash","Writhe","SpiritShield","Protect","PathToVictory","PathToVictory"],"relics":["HolyWater","Orichalcum","Garlic","Replay:Rubber Ducky","Oddly Smooth Stone","Strawberry","Anchor","Pen Nib","GoldenEye","Gambling Chip","Busted Crown","Replay:Purple Gloves"],"acts_visited":["Exordium","TheCity","TheBeyond"],"potions_floor_usage":[7,16,16,16,16,16,16,18,20,21,24,24,24,24,30,33,33,33,33,33,37,38,38,38,42,42,44,44,44,44,44],"damage_taken":[{"damage":12,"enemies":"Small Slimes","floor":1,"turns":3},{"damage":0,"enemies":"2 Louse","floor":2,"turns":3},{"damage":4,"enemies":"Cultist","floor":3,"turns":4},{"damage":11,"enemies":"Looter","floor":4,"turns":4},{"damage":22,"enemies":"Lots of Slimes","floor":5,"turns":6},{"damage":26,"enemies":"Gremlin Nob","floor":7,"turns":4},{"damage":19,"enemies":"Exordium Wildlife","floor":11,"turns":3},{"damage":0,"enemies":"Fading Forest","floor":16,"turns":11},{"damage":7,"enemies":"2 Thieves","floor":18,"turns":5},{"damage":1,"enemies":"Spheric Guardian","floor":21,"turns":4},{"damage":15,"enemies":"Book of Stabbing","floor":24,"turns":5},{"damage":7,"enemies":"Snecko","floor":28,"turns":5},{"damage":8,"enemies":"Centurion and Healer","floor":30,"turns":5},{"damage":27,"enemies":"Champ","floor":33,"turns":9},{"damage":0,"enemies":"3 Darklings","floor":35,"turns":5},{"damage":12,"enemies":"3 Shapes","floor":37,"turns":4},{"damage":0,"enemies":"Maw","floor":38,"turns":7},{"damage":28,"enemies":"Spire Growth","floor":42,"turns":5},{"damage":88,"enemies":"Giant Head","floor":44,"turns":8}],"seed_played":"-8135969149989468511","potions_obtained":[{"floor":5,"key":"Toxic Potion"},{"floor":7,"key":"Strength Potion"},{"floor":11,"key":"BlessingOfTheForge"},{"floor":20,"key":"Fruit Juice"},{"floor":20,"key":"Cursed Concoction"},{"floor":42,"key":"ColorlessPotion"}],"is_trial":false,"path_per_floor":["M","M","M","M","M","R","E","T","T","?","M","R","?","$","R","B",null,"M","$","?","M","?","R","E","R","T","T","M","?","M","?","R","B",null,"M","$","M","M","$","R","$","M","T","E"],"character_chosen":"WATCHER","items_purchased":["ReplayTheSpireMod:Brewmster","WaveOfTheHand","Replay:Purple Gloves","PathToVictory"],"campfire_rested":5,"item_purchase_floors":[14,19,36,39],"current_hp_per_floor":[49,49,45,34,12,32,6,6,6,23,4,24,24,24,44,52,64,57,57,62,61,57,57,49,49,49,49,42,42,34,34,58,31,68,68,68,56,56,56,80,80,52,52,0,0],"gold":42,"neow_bonus":"RANDOM_COMMON_RELIC","is_daily":false,"chose_seed":false,"campfire_upgraded":1,"win_rate":0.0,"timestamp":1613410126,"path_taken":["M","M","?","M","M","R","E","?","T","?","M","R","?","$","R","BOSS","M","$","?","M","?","R","E","R","T","?","?","?","?","?","R","BOSS","M","$","M","M","?","R","?","?","T","E"],"items_purchased_type":["Card","Card","Relic","Card"],"build_version":"2020-12-22","purchased_purges":0,"victory":false,"max_hp_per_floor":[68,68,68,68,68,68,68,68,68,68,68,68,68,68,68,68,68,68,68,73,73,73,73,80,80,80,80,80,80,80,80,80,80,80,80,80,80,80,80,80,80,80,80,80,80],"card_choices":[{"not_picked":["Replay:ManipulateFuture","Adaptation"],"picked":"CutThroughFate","floor":1},{"not_picked":["Replay:BluntJabs","SashWhip"],"picked":"EmptyBody","floor":2},{"not_picked":["Consecrate","JustLucky"],"picked":"Wireheading","floor":3},{"not_picked":["Replay:BluntJabs","Wireheading"],"picked":"FlurryOfBlows","floor":4},{"not_picked":["Swivel","SandsOfTime"],"picked":"CrushJoints","floor":5},{"not_picked":["Consecrate","Adaptation"],"picked":"Alpha","floor":7},{"not_picked":["FlurryOfBlows","CrushJoints"],"picked":"BattleHymn","floor":11},{"not_picked":["Wish","Establishment"],"picked":"Judgement","floor":16},{"not_picked":["Replay:BluntJabs","CrushJoints"],"picked":"ClearTheMind","floor":18},{"not_picked":["Replay:Battleflow","CutThroughFate"],"picked":"Prostrate","floor":21},{"not_picked":["Vengeance","JustLucky"],"picked":"FollowUp","floor":24},{"not_picked":["Conclude","Nirvana+1"],"picked":"MentalFortress","floor":28},{"not_picked":["EmptyMind","FlyingSleeves"],"picked":"EmptyFist","floor":29},{"not_picked":["SashWhip","ThirdEye"],"picked":"BowlingBash","floor":30},{"not_picked":["Judgement","Scrawl"],"picked":"SpiritShield","floor":33},{"not_picked":["Adaptation"],"picked":"SKIP","floor":35},{"not_picked":[],"picked":"Protect","floor":37},{"not_picked":[],"picked":"PathToVictory","floor":38},{"not_picked":["Wireheading"],"picked":"SKIP","floor":42}],"player_experience":912701,"relics_obtained":[{"floor":7,"key":"Garlic"},{"floor":8,"key":"Replay:Rubber Ducky"},{"floor":9,"key":"Oddly Smooth Stone"},{"floor":24,"key":"Strawberry"},{"floor":26,"key":"Anchor"},{"floor":27,"key":"Pen Nib"},{"floor":29,"key":"GoldenEye"}],"event_choices":[{"damage_healed":17,"gold_gain":0,"player_choice":"Healed","damage_taken":0,"max_hp_gain":0,"max_hp_loss":0,"event_name":"The Cleric","floor":10,"gold_loss":35},{"damage_healed":0,"gold_gain":0,"player_choice":"Grow","damage_taken":0,"max_hp_gain":0,"max_hp_loss":0,"event_name":"Living Wall","floor":13,"gold_loss":0,"cards_upgraded":["Alpha"]},{"damage_healed":0,"gold_gain":0,"player_choice":"Got Potions","damage_taken":0,"max_hp_gain":0,"max_hp_loss":0,"event_name":"Lab","floor":20,"gold_loss":0},{"damage_healed":0,"gold_gain":0,"player_choice":"Bought 0 Potions","damage_taken":0,"max_hp_gain":0,"max_hp_loss":0,"event_name":"The Woman in Blue","floor":22,"gold_loss":0},{"damage_healed":0,"gold_gain":0,"player_choice":"Opened","damage_taken":0,"relics_obtained":["Gambling Chip"],"max_hp_gain":0,"max_hp_loss":0,"event_name":"The Mausoleum","floor":31,"gold_loss":0,"cards_obtained":["Writhe"]}],"is_beta":false,"boss_relics":[{"not_picked":["Abe\u0027s Treasure","Fusion Hammer"],"picked":"HolyWater"},{"not_picked":["Runic Pyramid","Pandora\u0027s Box"],"picked":"Busted Crown"}],"items_purged_floors":[],"is_endless":false,"potions_floor_spawned":[5,7,11,28,30,38,42],"killed_by":"Giant Head","ascension_level":15}}