{"host":"or8fr2mp0k3eluj8","time":1613417637,"event":{"mods":["AchievementEnabler","BaseMod","Colored Map","DeckTracker","Minty Spire (QoL Compilation)","StSLib","SuperFastMode","The Bug Knight"],"gold_per_floor":[119,129,148,73,148,173,173,194,194,174,193,206,206,238,238,333,333,350,350,449,449,449,449,477,477,526,555,555,567,320,333,333,428,428,442,453,85,100,150,150,184,184,256,288,288,316,316,367,367,367,367,367,70,105,105],"floor_reached":56,"language":"KOR","playtime":2851,"items_purged":["Strike_R","Strike_R","Strike_R","Strike_R"],"score":1430,"play_id":"0adc8948-5e11-452b-abfb-740f402f0396","local_time":"20210216043357","is_ascension_mode":true,"campfire_choices":[{"data":"Uppercut","floor":7,"key":"SMITH"},{"floor":13,"key":"REST"},{"data":"Dropkick","floor":15,"key":"SMITH"},{"data":"True Grit","floor":23,"key":"SMITH"},{"data":"Sentinel","floor":25,"key":"SMITH"},{"data":"Offering","floor":28,"key":"SMITH"},{"data":"Bash","floor":32,"key":"SMITH"},{"floor":40,"key":"RECALL"},{"floor":42,"key":"REST"},{"floor":49,"key":"REST"},{"floor":52,"key":"REST"}],"circlet_count":0,"master_deck":["Strike_R","Defend_R","Defend_R","Defend_R","Defend_R","Bash+1","Cleave","Uppercut+1","Carnage","Pommel Strike","Dropkick+1","Sentinel+1","Warcry","Offering+1","True Grit+1","Headbutt","Reaper","Shrug It Off","Fiend Fire","Shrug It Off+1","Bloodletting+1","Exhume","Infernal Blade+1"],"relics":["Burning Blood","NeowsBlessing","Incense Burner","Odd Mushroom","Ornamental Fan","Anchor","Sozu","Enchiridion","Red Skull","Lantern","Self Forming Clay","Sling","Fusion Hammer","Kunai","Lizard Tail","Orichalcum","Centennial Puzzle","Gremlin Horn","Charon\u0027s Ashes","Membership Card","Nunchaku","HollowMod:PaleOreRelic"],"acts_visited":["Exordium","TheCity","TheBeyond","TheEnding"],"potions_floor_usage":[11,11,11,16,24],"damage_taken":[{"damage":0,"enemies":"Cultist","floor":1,"turns":1},{"damage":0,"enemies":"Jaw Worm","floor":2,"turns":1},{"damage":0,"enemies":"2 Louse","floor":3,"turns":1},{"damage":26,"enemies":"Gremlin Nob","floor":6,"turns":5},{"damage":26,"enemies":"The Mushroom Lair","floor":8,"turns":4},{"damage":6,"enemies":"Exordium Thugs","floor":11,"turns":3},{"damage":4,"enemies":"Looter","floor":12,"turns":2},{"damage":9,"enemies":"Lagavulin","floor":14,"turns":5},{"damage":42,"enemies":"The Guardian","floor":16,"turns":16},{"damage":6,"enemies":"Shell Parasite","floor":18,"turns":3},{"damage":6,"enemies":"Slavers","floor":24,"turns":6},{"damage":6,"enemies":"Book of Stabbing","floor":27,"turns":5},{"damage":16,"enemies":"Spheric Guardian","floor":29,"turns":4},{"damage":6,"enemies":"Snake Plant","floor":31,"turns":4},{"damage":50,"enemies":"Collector","floor":33,"turns":8},{"damage":4,"enemies":"3 Shapes","floor":35,"turns":3},{"damage":6,"enemies":"Orb Walker","floor":36,"turns":1},{"damage":19,"enemies":"Spire Growth","floor":38,"turns":5},{"damage":10,"enemies":"Mind Bloom Boss Battle","floor":39,"turns":5},{"damage":38,"enemies":"Reptomancer","floor":41,"turns":6},{"damage":6,"enemies":"HollowMod:StalkingDevout","floor":44,"turns":2},{"damage":17,"enemies":"Giant Head","floor":46,"turns":8},{"damage":12,"enemies":"2 Orb Walkers","floor":48,"turns":4},{"damage":46,"enemies":"Donu and Deca","floor":50,"turns":12},{"damage":52,"enemies":"Shield and Spear","floor":54,"turns":9},{"damage":87,"enemies":"The Heart","floor":55,"turns":12}],"seed_played":"1961426586198824074","potions_obtained":[{"floor":2,"key":"GamblersBrew"},{"floor":8,"key":"DistilledChaos"},{"floor":10,"key":"Weak Potion"},{"floor":12,"key":"ColorlessPotion"},{"floor":16,"key":"Swift Potion"}],"is_trial":false,"path_per_floor":["M","M","M","$","?","E","R","?","T","?","M","M","R","E","R","B",null,"M","?","?","?","?","R","E","R","T","E","R","M","$","M","R","B",null,"M","M","$","M","?","R","E","R","T","E","?","E","?","?","R","B",null,"R","$","E","B",null],"character_chosen":"IRONCLAD","items_purchased":["Sling","Kunai","Membership Card","Nunchaku"],"campfire_rested":4,"item_purchase_floors":[30,37,53,53],"current_hp_per_floor":[80,80,80,80,69,49,49,29,29,29,29,31,55,52,52,16,80,80,64,64,64,64,64,64,64,64,64,64,54,54,54,54,10,80,80,80,80,67,63,63,47,71,71,80,80,70,70,73,76,36,76,76,76,36,12],"gold":105,"neow_bonus":"THREE_ENEMY_KILL","is_daily":false,"chose_seed":false,"campfire_upgraded":6,"win_rate":0.0,"timestamp":1613417637,"path_taken":["M","?","M","$","?","E","R","?","T","?","?","M","R","E","R","BOSS","M","?","?","?","?","R","E","R","T","E","R","M","$","M","R","BOSS","M","M","$","M","?","R","E","R","T","E","?","E","?","?","R","BOSS","R","$","E","BOSS"],"items_purchased_type":["Relic","Relic","Relic","Relic"],"build_version":"2020-12-22","purchased_purges":4,"victory":true,"max_hp_per_floor":[80,80,80,80,80,80,80,80,80,80,80,80,80,80,80,80,80,80,80,80,80,80,80,80,80,80,80,80,80,80,80,80,80,80,80,80,80,80,80,80,80,80,80,80,80,80,76,76,76,76,76,76,76,76,76],"card_choices":[{"not_picked":["Thunderclap","Armaments"],"picked":"Cleave","floor":1},{"not_picked":["Inflame","Clothesline"],"picked":"Uppercut","floor":2},{"not_picked":["Combust","Power Through"],"picked":"Carnage","floor":3},{"not_picked":["Anger","Pummel"],"picked":"Pommel Strike","floor":6},{"not_picked":["Bloodletting","Flex"],"picked":"Dropkick","floor":8},{"not_picked":["Sword Boomerang","Searing Blow"],"picked":"Sentinel","floor":11},{"not_picked":["Twin Strike","Perfected Strike","Combust"],"picked":"SKIP","floor":12},{"not_picked":["Juggernaut","Thunderclap"],"picked":"Warcry","floor":14},{"not_picked":["Corruption","Bludgeon"],"picked":"Offering","floor":16},{"not_picked":["Metallicize","Blood for Blood","Feel No Pain"],"picked":"SKIP","floor":18},{"not_picked":["Clothesline","Cleave+1","True Grit"],"picked":"SKIP","floor":24},{"not_picked":["Carnage","Cleave","Evolve"],"picked":"SKIP","floor":27},{"not_picked":["Anger","Fire Breathing+1"],"picked":"Headbutt","floor":29},{"not_picked":["Inflame+1","Reckless Charge","Wild Strike+1"],"picked":"SKIP","floor":31},{"not_picked":["Juggernaut","Impervious"],"picked":"Reaper","floor":33},{"not_picked":["Flame Barrier","Heavy Blade","Anger"],"picked":"SKIP","floor":35},{"not_picked":["Body Slam","Intimidate+1","Twin Strike"],"picked":"SKIP","floor":36},{"not_picked":["Headbutt","Iron Wave"],"picked":"Shrug It Off","floor":38},{"not_picked":["Perfected Strike+1","Intimidate+1"],"picked":"Fiend Fire","floor":41},{"not_picked":["Twin Strike","Fire Breathing"],"picked":"Shrug It Off+1","floor":44},{"not_picked":["Uppercut+1","Body Slam"],"picked":"Bloodletting+1","floor":46},{"not_picked":["Heavy Blade","Whirlwind"],"picked":"Exhume","floor":48},{"not_picked":["Pommel Strike","Perfected Strike+1"],"picked":"Infernal Blade+1","floor":54}],"player_experience":355387,"relics_obtained":[{"floor":6,"key":"Incense Burner"},{"floor":8,"key":"Odd Mushroom"},{"floor":9,"key":"Ornamental Fan"},{"floor":14,"key":"Anchor"},{"floor":19,"key":"Enchiridion"},{"floor":24,"key":"Red Skull"},{"floor":26,"key":"Lantern"},{"floor":27,"key":"Self Forming Clay"},{"floor":39,"key":"Lizard Tail"},{"floor":41,"key":"Orichalcum"},{"floor":44,"key":"Centennial Puzzle"},{"floor":46,"key":"Gremlin Horn"},{"floor":48,"key":"Charon\u0027s Ashes"},{"floor":54,"key":"HollowMod:PaleOreRelic"}],"event_choices":[{"damage_healed":0,"gold_gain":75,"player_choice":"Gather Gold","damage_taken":11,"max_hp_gain":0,"max_hp_loss":0,"event_name":"World of Goop","floor":5,"gold_loss":0},{"damage_healed":0,"gold_gain":0,"player_choice":"Fought Mushrooms","damage_taken":0,"max_hp_gain":0,"max_hp_loss":0,"event_name":"Mushrooms","floor":8,"gold_loss":0},{"damage_healed":0,"gold_gain":0,"player_choice":"Bought 1 Potion","damage_taken":0,"max_hp_gain":0,"max_hp_loss":0,"event_name":"The Woman in Blue","floor":10,"gold_loss":0},{"damage_healed":0,"gold_gain":0,"player_choice":"Obtained Book","damage_taken":16,"max_hp_gain":0,"max_hp_loss":0,"event_name":"Cursed Tome","floor":19,"gold_loss":0},{"damage_healed":0,"gold_gain":99,"player_choice":"Stole From Cult","damage_taken":0,"max_hp_gain":0,"max_hp_loss":0,"event_name":"Nest","floor":20,"gold_loss":0},{"damage_healed":0,"gold_gain":0,"player_choice":"Ignored","damage_taken":0,"max_hp_gain":0,"max_hp_loss":0,"event_name":"Ghosts","floor":21,"gold_loss":0},{"damage_healed":0,"gold_gain":0,"player_choice":"Read","damage_taken":0,"max_hp_gain":0,"max_hp_loss":0,"event_name":"The Library","floor":22,"gold_loss":0,"cards_obtained":["True Grit"]},{"damage_healed":0,"gold_gain":0,"player_choice":"Fight","damage_taken":0,"max_hp_gain":0,"max_hp_loss":0,"event_name":"MindBloom","floor":39,"gold_loss":0},{"damage_healed":0,"gold_gain":0,"player_choice":"Ignored","damage_taken":0,"max_hp_gain":0,"max_hp_loss":0,"event_name":"Tomb of Lord Red Mask","floor":45,"gold_loss":0},{"damage_healed":0,"gold_gain":0,"player_choice":"Max HP","damage_taken":0,"max_hp_gain":0,"max_hp_loss":4,"event_name":"Winding Halls","floor":47,"gold_loss":0},{"damage_healed":0,"gold_gain":0,"player_choice":"Fight","damage_taken":0,"max_hp_gain":0,"max_hp_loss":0,"event_name":"Mysterious Sphere","floor":48,"gold_loss":0}],"is_beta":false,"boss_relics":[{"not_picked":["Runic Cube","Coffee Dripper"],"picked":"Sozu"},{"not_picked":["Empty Cage","Velvet Choker"],"picked":"Fusion Hammer"}],"items_purged_floors":[4,30,37,53],"is_endless":false,"potions_floor_spawned":[2,8,12,16,18,31,38,39,44,48,54],"ascension_level":2}}