{"host":"xsuxkwaivmtd234a","time":1613401497,"event":{"mods":["BaseMod","Bestiary","Colored Map","Filter the Spire","Minty Spire (QoL Compilation)","Relic Stats","StSLib"],"gold_per_floor":[111,121,121,131,142,175,175,200,200,200,217,167,193,209,209,310,310,322,322,341,191,191,224,224,240,240,273,273,301,301,301,301],"floor_reached":31,"language":"ENG","playtime":1155,"items_purged":["Pain"],"score":423,"play_id":"dbbe6a7c-b7c2-47a8-8ffa-6c0e8af2543e","local_time":"20210215100457","is_ascension_mode":true,"campfire_choices":[{"floor":10.0,"key":"REST"},{"data":"Whirlwind","floor":15.0,"key":"SMITH"},{"data":"1","floor":28.0,"key":"LIFT"},{"data":"Entrench","floor":30,"key":"SMITH"}],"circlet_count":0,"master_deck":["Strike_R+1","Strike_R+1","Strike_R+1","Strike_R+1","Strike_R+1","Defend_R+1","Defend_R+1","Defend_R+1","Defend_R+1","Bash","Sever Soul+1","Inflame+1","Shrug It Off","Spot Weakness","Bludgeon","Whirlwind+1","Reaper","Metallicize","Limit Break+1","Flex+1","Juggernaut","Immolate","Spot Weakness","Reaper","Barricade","Entrench+1"],"relics":["Burning Blood","Boot","Ice Cream","WarpedTongs","Whetstone","Sundial","Coffee Dripper","Nloth\u0027s Gift","Orrery","Vajra","Girya","Red Skull","HornCleat"],"acts_visited":["Exordium","TheCity"],"potions_floor_usage":[29],"damage_taken":[{"damage":7.0,"enemies":"2 Louse","floor":1.0,"turns":3.0},{"damage":6.0,"enemies":"Jaw Worm","floor":2.0,"turns":4.0},{"damage":1.0,"enemies":"Cultist","floor":4.0,"turns":3.0},{"damage":5.0,"enemies":"Red Slaver","floor":5.0,"turns":3.0},{"damage":45.0,"enemies":"Gremlin Nob","floor":6.0,"turns":5.0},{"damage":36.0,"enemies":"3 Sentries","floor":8.0,"turns":6.0},{"damage":5.0,"enemies":"Blue Slaver","floor":11.0,"turns":3.0},{"damage":0.0,"enemies":"Lagavulin","floor":13.0,"turns":5.0},{"damage":1.0,"enemies":"Exordium Wildlife","floor":14.0,"turns":3.0},{"damage":12.0,"enemies":"Slime Boss","floor":16.0,"turns":8.0},{"damage":23.0,"enemies":"2 Thieves","floor":18.0,"turns":4.0},{"damage":7.0,"enemies":"Spheric Guardian","floor":20.0,"turns":3.0},{"damage":27.0,"enemies":"Book of Stabbing","floor":23.0,"turns":4.0},{"damage":19.0,"enemies":"Snecko","floor":25.0,"turns":4.0},{"damage":37.0,"enemies":"Slavers","floor":27.0,"turns":4.0},{"damage":27,"enemies":"Book of Stabbing","floor":29,"turns":3},{"damage":26,"enemies":"Slavers","floor":31,"turns":1}],"seed_played":"6731555892586366842","potions_obtained":[{"floor":1.0,"key":"ElixirPotion"},{"floor":2.0,"key":"LiquidBronze"},{"floor":5.0,"key":"SkillPotion"},{"floor":13.0,"key":"Strength Potion"},{"floor":18.0,"key":"GamblersBrew"},{"floor":25.0,"key":"PowerPotion"}],"is_trial":false,"path_per_floor":["M","M","?","M","M","E","?","E","T","R","M","$","E","M","R","B",null,"M","?","M","$","?","E","?","M","T","E","R","E","R","E"],"character_chosen":"IRONCLAD","items_purchased":["Orrery"],"campfire_rested":1,"item_purchase_floors":[21],"current_hp_per_floor":[79,79,79,80,80,41,41,11,11,35,36,36,42,47,47,41,70,64,64,63,63,63,42,42,38,38,43,43,22,22,0,0],"gold":301,"neow_bonus":"RANDOM_COMMON_RELIC","is_daily":false,"chose_seed":false,"campfire_upgraded":2,"win_rate":0.0,"timestamp":1613401497,"path_taken":["M","M","?","M","M","E","?","E","T","R","?","?","E","M","R","BOSS","M","?","?","$","?","E","?","?","T","E","R","E","R","E"],"items_purchased_type":["Relic"],"build_version":"2020-12-22","purchased_purges":1,"victory":false,"max_hp_per_floor":[80,80,80,80,80,80,80,80,80,80,80,80,80,80,80,80,80,80,80,80,80,80,80,80,80,80,80,80,80,80,80,80],"relic_stats":{"counters":[17,66],"Sundial":[2],"Nloth\u0027s Gift":3,"Whetstone":["Sever Soul","Strike_R"],"Boot":[1],"obtain_stats":[{"Ice Cream":6,"Girya":26,"Vajra":23,"Whetstone":9,"Boot":0,"Smiling Mask":8,"Burning Blood":0,"WarpedTongs":7,"HornCleat":29,"Sundial":13,"Orrery":21,"Coffee Dripper":17,"Nloth\u0027s Gift":19,"Red Skull":27},{"Ice Cream":5,"Girya":14,"Vajra":13,"Whetstone":6,"Boot":0,"Smiling Mask":6,"Burning Blood":0,"WarpedTongs":5,"HornCleat":16,"Sundial":8,"Orrery":12,"Coffee Dripper":10,"Nloth\u0027s Gift":11,"Red Skull":15},{"Ice Cream":18,"Girya":58,"Vajra":54,"Whetstone":24,"Boot":0,"Smiling Mask":24,"Burning Blood":0,"WarpedTongs":18,"HornCleat":65,"Sundial":32,"Orrery":50,"Coffee Dripper":43,"Nloth\u0027s Gift":47,"Red Skull":62}],"Burning Blood":91,"WarpedTongs":[48]},"card_choices":[{"not_picked":["Sword Boomerang","Infernal Blade"],"picked":"Sever Soul","floor":1.0},{"not_picked":["Clothesline","Clash"],"picked":"Inflame","floor":2.0},{"not_picked":["Clash","True Grit"],"picked":"Shrug It Off","floor":4.0},{"not_picked":["Pommel Strike","Headbutt"],"picked":"Spot Weakness","floor":5.0},{"not_picked":["Thunderclap","Seeing Red"],"picked":"Bludgeon","floor":6.0},{"not_picked":["Reckless Charge","Thunderclap","Sentinel"],"picked":"SKIP","floor":8.0},{"not_picked":["Headbutt","Combust","Blood for Blood"],"picked":"SKIP","floor":11.0},{"not_picked":["Second Wind","Sword Boomerang","Dropkick"],"picked":"SKIP","floor":13.0},{"not_picked":["Heavy Blade","Inflame"],"picked":"Whirlwind","floor":14.0},{"not_picked":["Immolate","Barricade"],"picked":"Reaper","floor":16.0},{"not_picked":["Warcry+1","Wild Strike+1"],"picked":"Metallicize","floor":18.0},{"not_picked":["Flex","Iron Wave","Warcry"],"picked":"SKIP","floor":20.0},{"not_picked":["Thunderclap","Sword Boomerang"],"picked":"Limit Break","floor":21.0},{"not_picked":["Iron Wave","Dark Embrace"],"picked":"Flex+1","floor":21.0},{"not_picked":["Carnage+1","Wild Strike+1"],"picked":"Juggernaut","floor":21.0},{"not_picked":["True Grit","Flex"],"picked":"Immolate","floor":21.0},{"not_picked":["Body Slam","Searing Blow"],"picked":"Spot Weakness","floor":21.0},{"not_picked":["Clothesline","Dual Wield"],"picked":"Reaper","floor":23.0},{"not_picked":["Dropkick","Warcry","Armaments+1"],"picked":"SKIP","floor":25.0},{"not_picked":["Corruption","Limit Break"],"picked":"Barricade","floor":27.0},{"not_picked":["Iron Wave+1","Battle Trance"],"picked":"Entrench","floor":29}],"player_experience":1257257,"relics_obtained":[{"floor":6.0,"key":"Ice Cream"},{"floor":8.0,"key":"Smiling Mask"},{"floor":9.0,"key":"Whetstone"},{"floor":13.0,"key":"Sundial"},{"floor":23.0,"key":"Vajra"},{"floor":26.0,"key":"Girya"},{"floor":27.0,"key":"Red Skull"},{"floor":29,"key":"HornCleat"}],"event_choices":[{"damage_healed":0.0,"max_hp_gain":0.0,"max_hp_loss":0.0,"gold_gain":0.0,"event_name":"Living Wall","player_choice":"Grow","floor":3.0,"gold_loss":0.0,"damage_taken":0.0,"cards_upgraded":["Inflame"]},{"damage_healed":0.0,"max_hp_gain":0.0,"max_hp_loss":0.0,"gold_gain":0.0,"event_name":"Accursed Blacksmith","player_choice":"Rummage","floor":7.0,"gold_loss":0.0,"damage_taken":0.0,"relics_obtained":["WarpedTongs"],"cards_obtained":["Pain"]},{"damage_healed":0.0,"max_hp_gain":0.0,"max_hp_loss":0.0,"gold_gain":0.0,"event_name":"N\u0027loth","player_choice":"Traded Relic","floor":19.0,"relics_lost":["Smiling Mask"],"gold_loss":0.0,"damage_taken":0.0,"relics_obtained":["Nloth\u0027s Gift"]},{"damage_healed":0.0,"max_hp_gain":0.0,"max_hp_loss":0.0,"gold_gain":0.0,"event_name":"Back to Basics","player_choice":"Simplicity","floor":22.0,"gold_loss":0.0,"damage_taken":0.0,"cards_upgraded":["Strike_R","Strike_R","Strike_R","Strike_R","Defend_R","Defend_R","Defend_R","Defend_R"]},{"damage_healed":0.0,"max_hp_gain":0.0,"max_hp_loss":0.0,"gold_gain":0.0,"event_name":"Upgrade Shrine","player_choice":"Upgraded","floor":24.0,"gold_loss":0.0,"damage_taken":0.0,"cards_upgraded":["Limit Break"]}],"is_beta":false,"boss_relics":[{"not_picked":["Tiny House","Black Blood"],"picked":"Coffee Dripper"}],"items_purged_floors":[12],"is_endless":false,"potions_floor_spawned":[1,2,5,13,18,25],"killed_by":"Slavers","ascension_level":5}}