{"host":"tod","time":1613380221,"event":{"mods":["Act Like it!","BaseMod","CapriCore","Highlight Path","Lobotomy","Luminous","Marisa£®ÏF”Í°°ƒß¿Ì…≥£©","Minty Spire (QoL Compilation)","Quick Restart","Reimu£®≤©¿ˆ¡È√Œ£©","Relic Stats","Remilia£®¿Ÿ√◊¿Ú—«£©","Shop Mod","StSLib","The Cursed","The Immortal","Yakumo Yukari mod","Youmu£®ªÍ∆«—˝√Œ£©"],"gold_per_floor":[109,184,194,212,232,261,71,71,71,81,100,100,120,149,149,249,249,259,278,269,269,289,319,220,237,312,328,354,372,372,387,387,483,483,498,517,517,517],"floor_reached":37,"language":"ZHS","playtime":1946,"items_purged":["Defend_RM","Strike_RM"],"score":454,"play_id":"b333444c-f6f9-4ba9-898d-8ea6f5b3ba65","local_time":"20210215171021","is_ascension_mode":false,"campfire_choices":[{"data":"CeilingFear","floor":8,"key":"SMITH"},{"data":"QueenOfMidnight","floor":12,"key":"SMITH"},{"floor":15,"key":"REST"},{"data":"BlasphemousPunishment","floor":32,"key":"SMITH"}],"circlet_count":0,"master_deck":["Strike_RM","Strike_RM","Defend_RM","Defend_RM","Defend_RM","RedMoon","ScarletShoot","RedNightlessCastle","BloodHunter","ScarletImprint","VampireKiss","DiffusionOfMisfortune","CeilingFear+1","QueenOfMidnight+1","NightDance","DiffusionOfMisfortune","VampireSweep","SuperhumanBloodyKnife+1","BadLadyScramble+1","BombardNight","BlasphemousPunishment+1","ReincarnationDial+1","Wrath_TH","EndlessPower","ForecastOfChange"],"relics":["ScarletHat","The Courier","AntiCross","White Beast Statue","Philosopher\u0027s Stone","Bronze Scales","Singing Bowl","RuthlessExorcism:ReiMu","Busted Crown"],"acts_visited":["Exordium","TheCity","TheBeyond"],"potions_floor_usage":[6,37,37],"damage_taken":[{"damage":0.0,"enemies":"Small Slimes","floor":1.0,"turns":3.0},{"damage":0,"enemies":"Cultist","floor":3,"turns":4},{"damage":0,"enemies":"2 Louse","floor":4,"turns":2},{"damage":12,"enemies":"2 Fungi Beasts","floor":5,"turns":5},{"damage":24,"enemies":"Lagavulin","floor":6,"turns":8},{"damage":6,"enemies":"Large Slime","floor":10,"turns":2},{"damage":6,"enemies":"Exordium Thugs","floor":11,"turns":3},{"damage":10,"enemies":"Exordium Wildlife","floor":13,"turns":3},{"damage":0,"enemies":"3 Sentries","floor":14,"turns":3},{"damage":43,"enemies":"The Guardian","floor":16,"turns":6},{"damage":4,"enemies":"Chosen","floor":18,"turns":3},{"damage":18,"enemies":"2 Thieves","floor":19,"turns":3},{"damage":23,"enemies":"Centurion and Healer","floor":20,"turns":3},{"damage":11,"enemies":"Sentry and Sphere","floor":22,"turns":3},{"damage":14,"enemies":"Gremlin Leader","floor":23,"turns":2},{"damage":0,"enemies":"3 Cultists","floor":25,"turns":2},{"damage":10,"enemies":"Cultist and Chosen","floor":27,"turns":4},{"damage":22,"enemies":"Slavers","floor":28,"turns":2},{"damage":10,"enemies":"Centurion and Healer","floor":29,"turns":2},{"damage":2,"enemies":"Snecko","floor":31,"turns":2},{"damage":27,"enemies":"Automaton","floor":33,"turns":5},{"damage":37,"enemies":"3 Shapes","floor":35,"turns":2},{"damage":0,"enemies":"3 Darklings","floor":36,"turns":3},{"damage":71,"enemies":"3 Darklings","floor":37,"turns":9}],"seed_played":"1107036658392289580","potions_obtained":[{"floor":1.0,"key":"Energy Potion"},{"floor":4,"key":"LiquidMemories"},{"floor":11,"key":"SkillPotion"},{"floor":14,"key":"Regen Potion"},{"floor":16,"key":"PowerPotion"},{"floor":19,"key":"GrandPatriotsElixir:ReiMu"}],"is_trial":false,"path_per_floor":["M","?","M","M","M","E","$","R","T","M","M","R","M","E","R","B",null,"M","M","M","?","M","E","$","M","T","M","E","M","?","M","R","B",null,"M","M","?"],"character_chosen":"REMILIA","items_purchased":["CeilingFear","BombardNight"],"campfire_rested":1,"item_purchase_floors":[7,24],"current_hp_per_floor":[75,68,69,69,57,35,35,35,35,35,32,32,27,28,50,30,75,74,64,47,47,41,38,38,42,42,44,37,40,40,49,49,46,81,46,53,0,0],"gold":517,"neow_bonus":"","is_daily":false,"chose_seed":false,"campfire_upgraded":3,"win_rate":0.0,"timestamp":1613380221,"path_taken":["M","?","M","M","M","E","$","R","T","M","M","R","M","E","R","BOSS","M","M","M","?","M","E","$","M","T","M","E","M","?","M","R","BOSS","M","M","?"],"items_purchased_type":["Card","Card"],"build_version":"2020-12-18","purchased_purges":2,"victory":false,"max_hp_per_floor":[75,75,75,75,75,75,75,75,75,75,75,75,75,75,75,75,75,75,75,75,75,75,75,75,75,75,77,79,79,79,81,81,81,81,83,85,85,85],"relic_stats":{"Busted Crown":4,"Singing Bowl":10,"counters":[24,84],"Bronze Scales":[75],"obtain_stats":[{"CogitoBucket":0,"Busted Crown":34,"Singing Bowl":26,"Bronze Scales":23,"AntiCross":9,"Philosopher\u0027s Stone":17,"The Courier":6,"ScarletHat":0,"White Beast Statue":14,"RuthlessExorcism:ReiMu":28},{"CogitoBucket":0,"Busted Crown":21,"Singing Bowl":16,"Bronze Scales":15,"AntiCross":5,"Philosopher\u0027s Stone":10,"The Courier":5,"ScarletHat":0,"White Beast Statue":9,"RuthlessExorcism:ReiMu":18},{"CogitoBucket":0,"Busted Crown":70,"Singing Bowl":55,"Bronze Scales":53,"AntiCross":22,"Philosopher\u0027s Stone":39,"The Courier":22,"ScarletHat":0,"White Beast Statue":33,"RuthlessExorcism:ReiMu":61}]},"card_choices":[{"not_picked":["EmergencyRegeneration","VampireFantasy"],"picked":"RedNightlessCastle","floor":1.0},{"not_picked":["ScarletDevil","UltimateOffering"],"picked":"BloodHunter","floor":3},{"not_picked":["VampireKiss","Maim"],"picked":"ScarletImprint","floor":4},{"not_picked":["StarOfDavid","DevilSight"],"picked":"VampireKiss","floor":5},{"not_picked":["Stigmanizer","RedNightlessCastle"],"picked":"DiffusionOfMisfortune","floor":6},{"not_picked":["Stigmanizer","BadLadyScramble","ReincarnationDial"],"picked":"SKIP","floor":10},{"not_picked":["ReincarnationDial","UnderTheZenith"],"picked":"QueenOfMidnight","floor":11},{"not_picked":["TwelveNightmare","BlasphemousPunishment"],"picked":"NightDance","floor":13},{"not_picked":["VampireKiss","VampireClaw","EternalNight"],"picked":"SKIP","floor":14},{"not_picked":["ScarletDevil","UnstableMagic"],"picked":"DiffusionOfMisfortune","floor":18},{"not_picked":["EndlessAdversity","FavorOfDestiny"],"picked":"VampireSweep","floor":19},{"not_picked":["VampireFantasy","FitfulNightmare"],"picked":"SuperhumanBloodyKnife+1","floor":20},{"not_picked":["ScarletSymphony","Stigmanizer+1","MastersStateliness"],"picked":"SKIP","floor":22},{"not_picked":["BloodyTrap","ScarletSymphony"],"picked":"BadLadyScramble+1","floor":23},{"not_picked":["EndlessAdversity","DiffusionOfMisfortune"],"picked":"BlasphemousPunishment","floor":25},{"not_picked":["StarOfDavid","ScarletDevilSign+1","BombardNight"],"picked":"Singing Bowl","floor":27},{"not_picked":["UltimateOffering","MillenniumVampire","ScarletImprint"],"picked":"Singing Bowl","floor":28},{"not_picked":["VampireKiss","LeisurelyOfLord"],"picked":"ReincarnationDial+1","floor":29},{"not_picked":["HunterOfTheNight+1","NightDance","EndlessAdversity"],"picked":"Singing Bowl","floor":31},{"not_picked":["QueenOfMidnight","BloodyCatastrophe"],"picked":"ForecastOfChange","floor":33},{"not_picked":["ScarletSymphony"],"picked":"Singing Bowl","floor":35},{"not_picked":["ScarletSymphony"],"picked":"Singing Bowl","floor":36}],"player_experience":378574,"relics_obtained":[{"floor":6,"key":"The Courier"},{"floor":9,"key":"AntiCross"},{"floor":14,"key":"White Beast Statue"},{"floor":23,"key":"Bronze Scales"},{"floor":26,"key":"Singing Bowl"},{"floor":28,"key":"RuthlessExorcism:ReiMu"}],"event_choices":[{"damage_healed":0,"gold_gain":75,"player_choice":"Touch","damage_taken":7,"max_hp_gain":0,"max_hp_loss":0,"event_name":"FaceTrader","floor":2,"gold_loss":0},{"cards_removed":["Strike_RM"],"damage_healed":0,"gold_gain":0,"player_choice":"Elegance","damage_taken":0,"max_hp_gain":0,"max_hp_loss":0,"event_name":"Back to Basics","floor":21,"gold_loss":0}],"is_beta":true,"boss_relics":[{"not_picked":["APieceOfRedMist","Fusion Hammer"],"picked":"Philosopher\u0027s Stone"},{"not_picked":["Snecko Eye","Runic Pyramid"],"picked":"Busted Crown"}],"items_purged_floors":[7,24],"is_endless":false,"potions_floor_spawned":[1,4,11,14,16,18,19,20,22,23,25,27,28,29,31,33,35,36],"killed_by":"3 Darklings","ascension_level":0}}