{"host":"o88u0awh8mkwl1l8","time":1613355580,"event":{"mods":["BaseMod","Colored Map","Highlight Path","Minty Spire (QoL Compilation)"],"gold_per_floor":[114,114,152,193,236,271,271,271,271],"floor_reached":8,"language":"JPN","playtime":534,"items_purged":[],"score":116,"play_id":"09c42cc1-7070-42a1-afc0-e7793e6bd712","local_time":"20210215111940","is_ascension_mode":true,"campfire_choices":[{"floor":7,"key":"REST"}],"circlet_count":0,"master_deck":["AscendersBane","Strike_P","Strike_P","Strike_P","Strike_P","Defend_P","Defend_P","Defend_P","Defend_P","Eruption","Vigilance","Wish","TalkToTheHand","MentalFortress","TalkToTheHand","Vengeance","CarveReality"],"relics":["PureWater","Akabeko"],"acts_visited":["Exordium"],"potions_floor_usage":[6,6],"damage_taken":[{"damage":7.0,"enemies":"Small Slimes","floor":1.0,"turns":6.0},{"damage":2.0,"enemies":"Jaw Worm","floor":3.0,"turns":7.0},{"damage":4.0,"enemies":"2 Louse","floor":4.0,"turns":5.0},{"damage":0.0,"enemies":"2 Fungi Beasts","floor":5.0,"turns":6.0},{"damage":35,"enemies":"3 Sentries","floor":6,"turns":10},{"damage":50,"enemies":"Gremlin Nob","floor":8,"turns":3}],"seed_played":"-6249179651732276852","potions_obtained":[{"floor":3.0,"key":"Weak Potion"},{"floor":4.0,"key":"Swift Potion"},{"floor":5.0,"key":"DistilledChaos"}],"is_trial":false,"path_per_floor":["M","?","M","M","M","E","R","E"],"character_chosen":"WATCHER","items_purchased":[],"campfire_rested":1,"item_purchase_floors":[],"current_hp_per_floor":[54,54,52,48,48,13,33,0,0],"gold":271,"neow_bonus":"ONE_RANDOM_RARE_CARD","is_daily":false,"chose_seed":false,"campfire_upgraded":0,"win_rate":0.0,"timestamp":1613355580,"path_taken":["M","?","M","M","M","E","R","E"],"items_purchased_type":[],"build_version":"2020-12-22","purchased_purges":0,"victory":false,"max_hp_per_floor":[68,68,68,68,68,68,68,68,68],"card_choices":[{"not_picked":["Protect","Wallop"],"picked":"TalkToTheHand","floor":1.0},{"not_picked":["EmptyFist","EmptyBody"],"picked":"MentalFortress","floor":3.0},{"not_picked":["Crescendo","WheelKick"],"picked":"TalkToTheHand","floor":4.0},{"not_picked":["WaveOfTheHand","SignatureMove"],"picked":"Vengeance","floor":5.0},{"not_picked":["Perseverance","Pray"],"picked":"CarveReality","floor":6}],"player_experience":1236994,"relics_obtained":[{"floor":6,"key":"Akabeko"}],"event_choices":[{"damage_healed":0.0,"max_hp_gain":0.0,"max_hp_loss":0.0,"gold_gain":0.0,"event_name":"Scrap Ooze","player_choice":"Fled","floor":2.0,"gold_loss":0.0,"damage_taken":0.0}],"is_beta":false,"boss_relics":[],"items_purged_floors":[],"is_endless":false,"potions_floor_spawned":[3,4,5],"killed_by":"Gremlin Nob","ascension_level":20}}