{"host":"a6ztjasp7lxlo10n","time":1613403794,"event":{"mods":["Act Like it!","BaseMod","Colored Map","Marisa£®ÏF”Í°°ƒß¿Ì…≥£©","Minty Spire (QoL Compilation)","Quick Restart","StSLib","SuperFastMode"],"gold_per_floor":[15,28,48,48,65,65,65,95,147,134,146,163,163,190,190,287,287,301,226,236,254,266,266,21,21,46,81,81,101,101,130,130,235,285,298,348,359,234,234,234,250,19,45,73,89,109,109,125,125,125],"floor_reached":51,"language":"ZHS","playtime":2494,"items_purged":["Strike_R","Strike_R","Strike_R+1","Strike_R+1"],"score":1163,"play_id":"7331beb0-7aea-4679-883d-035b48ecb142","local_time":"20210215234314","is_ascension_mode":true,"campfire_choices":[{"data":"Body Slam","floor":6.0,"key":"SMITH"},{"data":"Barricade","floor":13.0,"key":"SMITH"},{"data":"Rampage","floor":15.0,"key":"SMITH"},{"data":"Entrench","floor":23.0,"key":"SMITH"},{"floor":25.0,"key":"REST"},{"floor":30.0,"key":"REST"},{"floor":32.0,"key":"REST"},{"floor":40.0,"key":"REST"},{"floor":49.0,"key":"REST"}],"circlet_count":0,"master_deck":["Defend_R","Defend_R","Defend_R","Defend_R","Shrug It Off","Body Slam+1","Barricade+1","Second Wind","Rampage+1","True Grit+1","Entrench+1","Sentinel+1","Dark Embrace+1","Entrench+1","Impatience","Warcry"],"relics":["Burning Blood","Self Forming Clay","Omamori","Red Skull","Mark of Pain","Art of War","Whetstone","Ancient Tea Set","Akabeko","Tiny House","Magic Flower","Membership Card","Nunchaku","CeramicFish"],"acts_visited":["Exordium","TheCity","TheBeyond"],"potions_floor_usage":[50,50,50],"damage_taken":[{"damage":6.0,"enemies":"Cultist","floor":1.0,"turns":4.0},{"damage":0.0,"enemies":"2 Louse","floor":2.0,"turns":3.0},{"damage":6.0,"enemies":"Jaw Worm","floor":3.0,"turns":6.0},{"damage":7.0,"enemies":"Looter","floor":5.0,"turns":5.0},{"damage":18.0,"enemies":"3 Sentries","floor":8.0,"turns":11.0},{"damage":1.0,"enemies":"Exordium Thugs","floor":10.0,"turns":4.0},{"damage":3.0,"enemies":"3 Louse","floor":11.0,"turns":4.0},{"damage":0.0,"enemies":"Large Slime","floor":12.0,"turns":6.0},{"damage":0.0,"enemies":"Lagavulin","floor":14.0,"turns":7.0},{"damage":33.0,"enemies":"Hexaghost","floor":16.0,"turns":9.0},{"damage":17.0,"enemies":"3 Byrds","floor":18.0,"turns":6.0},{"damage":9.0,"enemies":"Spheric Guardian","floor":20.0,"turns":6.0},{"damage":24.0,"enemies":"Snake Plant","floor":21.0,"turns":6.0},{"damage":27.0,"enemies":"3 Cultists","floor":22.0,"turns":7.0},{"damage":51.0,"enemies":"Slavers","floor":27.0,"turns":10.0},{"damage":5.0,"enemies":"Centurion and Healer","floor":29.0,"turns":8.0},{"damage":19.0,"enemies":"Gremlin Leader","floor":31.0,"turns":7.0},{"damage":0.0,"enemies":"Champ","floor":33.0,"turns":8.0},{"damage":27.0,"enemies":"3 Darklings","floor":35.0,"turns":10.0},{"damage":28.0,"enemies":"Mind Bloom Boss Battle","floor":36.0,"turns":6.0},{"damage":1.0,"enemies":"3 Shapes","floor":37.0,"turns":7.0},{"damage":12.0,"enemies":"Maw","floor":41.0,"turns":8.0},{"damage":0.0,"enemies":"Giant Head","floor":44.0,"turns":6.0},{"damage":27.0,"enemies":"Spire Growth","floor":45.0,"turns":5.0},{"damage":43.0,"enemies":"Sphere and 2 Shapes","floor":46.0,"turns":8.0},{"damage":0.0,"enemies":"Writhing Mass","floor":48.0,"turns":6.0},{"damage":17,"enemies":"Awakened One","floor":50,"turns":7}],"seed_played":"-5303074407457011241","potions_obtained":[{"floor":2.0,"key":"LiquidMemories"},{"floor":3.0,"key":"Fire Potion"},{"floor":10.0,"key":"CultistPotion"},{"floor":11.0,"key":"Fruit Juice"},{"floor":16.0,"key":"DuplicationPotion"},{"floor":22.0,"key":"BloodPotion"},{"floor":27.0,"key":"SpeedPotion"},{"floor":31.0,"key":"SpeedPotion"},{"floor":34.0,"key":"Fruit Juice"},{"floor":36.0,"key":"LiquidBronze"},{"floor":44.0,"key":"Strength Potion"},{"floor":45.0,"key":"Energy Potion"}],"is_trial":false,"path_per_floor":["M","M","M","$","M","R","$","E","T","M","M","M","R","E","R","B",null,"M","$","M","M","M","R","$","R","T","E","$","M","R","E","R","B",null,"M","?","M","$","?","R","M","$","T","E","M","M","?","M","R","B",null],"character_chosen":"IRONCLAD","items_purchased":["Art of War","Membership Card"],"campfire_rested":5,"item_purchase_floors":[24,42],"current_hp_per_floor":[72,78,78,78,77,77,77,65,65,70,73,84,84,85,85,58,78,67,67,64,46,25,25,25,50,50,22,22,23,48,35,60,66,90,69,47,55,55,55,83,80,80,80,89,71,37,37,46,74,66],"gold":125,"neow_bonus":"REMOVE_TWO","is_daily":false,"chose_seed":false,"campfire_upgraded":4,"win_rate":0.0,"timestamp":1613403794,"path_taken":["M","M","M","?","M","R","$","E","T","?","M","M","R","E","R","BOSS","M","$","M","M","M","R","$","R","T","E","$","M","R","E","R","BOSS","M","?","M","$","?","R","M","$","T","E","M","M","?","?","R","BOSS"],"items_purchased_type":["Relic","Relic"],"build_version":"2020-12-22","purchased_purges":4,"victory":true,"max_hp_per_floor":[80,80,80,80,80,80,80,80,80,80,80,85,85,85,85,85,85,85,85,85,85,85,85,85,85,85,85,85,85,85,85,85,85,95,95,95,95,95,95,95,95,95,95,95,95,95,95,95,95,95],"card_choices":[{"not_picked":["Twin Strike","Clash"],"picked":"Shrug It Off","floor":1.0},{"not_picked":["Inflame","Flex"],"picked":"Body Slam","floor":2.0},{"not_picked":["Heavy Blade","Pummel","Havoc"],"picked":"SKIP","floor":3.0},{"not_picked":["Twin Strike","Headbutt","Bloodletting"],"picked":"SKIP","floor":5.0},{"not_picked":["Twin Strike","Headbutt","Bloodletting"],"picked":"SKIP","floor":5.0},{"not_picked":["Perfected Strike","Rage"],"picked":"Barricade","floor":8.0},{"not_picked":["Flex","Dual Wield"],"picked":"Second Wind","floor":10.0},{"not_picked":["Iron Wave","Dropkick"],"picked":"Rampage","floor":11.0},{"not_picked":["Iron Wave","Second Wind","Cleave"],"picked":"SKIP","floor":12.0},{"not_picked":["Disarm","Clothesline","Iron Wave"],"picked":"SKIP","floor":14.0},{"not_picked":["Hemokinesis","Inflame"],"picked":"Metallicize","floor":18.0},{"not_picked":["Combust","Clothesline","Pommel Strike"],"picked":"SKIP","floor":20.0},{"not_picked":["Combust","Clothesline","Pommel Strike"],"picked":"SKIP","floor":20.0},{"not_picked":["Heavy Blade","Blood for Blood+1"],"picked":"True Grit+1","floor":21.0},{"not_picked":["Disarm","Thunderclap"],"picked":"Entrench","floor":22.0},{"not_picked":["Entrench","Anger"],"picked":"Sentinel","floor":27.0},{"not_picked":["Body Slam","Sword Boomerang","Fire Breathing"],"picked":"SKIP","floor":29.0},{"not_picked":["Combust","Armaments+1","Iron Wave"],"picked":"SKIP","floor":31.0},{"not_picked":["Pommel Strike+1","Sword Boomerang"],"picked":"Dark Embrace+1","floor":34.0},{"not_picked":["Carnage","Twin Strike+1"],"picked":"Entrench+1","floor":35.0},{"not_picked":["Sword Boomerang","Havoc+1","Disarm"],"picked":"SKIP","floor":37.0},{"not_picked":["The Bomb","Forethought"],"picked":"Impatience","floor":39.0},{"not_picked":["Metallicize","Uppercut+1"],"picked":"Warcry","floor":41.0},{"not_picked":["Rage+1","Cleave+1","Reckless Charge+1"],"picked":"SKIP","floor":44.0},{"not_picked":["Sentinel+1","Perfected Strike+1","Uppercut+1"],"picked":"SKIP","floor":45.0},{"not_picked":["Flex","Wild Strike","Cleave+1"],"picked":"SKIP","floor":46.0},{"not_picked":["Cleave","Berserk","Havoc"],"picked":"SKIP","floor":48.0}],"player_experience":325415,"relics_obtained":[{"floor":8.0,"key":"Self Forming Clay"},{"floor":9.0,"key":"Omamori"},{"floor":14.0,"key":"Red Skull"},{"floor":26.0,"key":"Whetstone"},{"floor":27.0,"key":"Ancient Tea Set"},{"floor":31.0,"key":"Akabeko"},{"floor":36.0,"key":"Magic Flower"},{"floor":43.0,"key":"Nunchaku"},{"floor":44.0,"key":"CeramicFish"}],"event_choices":[{"damage_healed":0.0,"max_hp_gain":0.0,"max_hp_loss":0.0,"gold_gain":0.0,"event_name":"MindBloom","player_choice":"Fight","floor":36.0,"gold_loss":0.0,"damage_taken":0.0},{"damage_healed":0.0,"max_hp_gain":0.0,"max_hp_loss":0.0,"gold_gain":0.0,"event_name":"SensoryStone","player_choice":"Memory 1","floor":39.0,"gold_loss":0.0,"damage_taken":0.0},{"cards_removed":["Metallicize"],"damage_healed":0.0,"max_hp_gain":0.0,"max_hp_loss":0.0,"gold_gain":0.0,"event_name":"Falling","player_choice":"Removed Power","floor":47.0,"gold_loss":0.0,"damage_taken":0.0}],"is_beta":false,"boss_relics":[{"not_picked":["Calling Bell","Runic Dome"],"picked":"Mark of Pain"},{"not_picked":["Pandora\u0027s Box","Astrolabe"],"picked":"Tiny House"}],"items_purged_floors":[19,24,38,42],"is_endless":false,"potions_floor_spawned":[2,3,10,11,16,22,27,31,36,44,45,46,48],"ascension_level":7}}