{"host":"rsal8t78l1a5jz1a","time":1613379279,"event":{"mods":["Act Like it!","BaseMod","Downfall","Marked Mod","Minty Spire (QoL Compilation)","StSLib"],"gold_per_floor":[99,111,58,75,85,85,85,111,111,130,130,140,159,179,192,295,295,195,207,225,238,238,254,254,154,166,166,181,210,210,210,221,221,221,221],"floor_reached":33,"language":"ZHS","playtime":3397,"items_purged":[],"score":300,"play_id":"e5062c7b-4c21-4b9b-b6b8-575396cb5fe4","local_time":"20210215165439","is_ascension_mode":false,"campfire_choices":[{"floor":1,"key":"RECALL"},{"floor":9,"key":"REST"},{"data":"Slimebound:Split","floor":18,"key":"SMITH"},{"floor":25,"key":"REST"},{"floor":27,"key":"REST"},{"floor":30,"key":"REST"}],"circlet_count":0,"master_deck":["Slimebound:Strike_Slimebound","Slimebound:Strike_Slimebound","Slimebound:Strike_Slimebound","Slimebound:Tackle","Slimebound:Defend_Slimebound","Slimebound:Defend_Slimebound","Slimebound:Defend_Slimebound","Slimebound:Defend_Slimebound","Slimebound:Split+1","Slimebound:CorrosiveSpit","Slimebound:ItLooksTasty","Slimebound:GrowthPunch","Slimebound:Gluttony","Slimebound:TongueLash","Slimebound:SamplingLick","Slimebound:FormOfPuddle+1","Slimebound:Prepare+1","Pain","Slimebound:OozeBath+1","Slimebound:RainOfGoop+1","Slimebound:LeechEnergy","Slimebound:Nibble","Slimebound:MassRepurpose+1","Slimebound:SplitBruiser+1","Slimebound:LevelUp","Slimebound:LivingWall+1","Slimebound:HauntingLick+1","Slimebound:SplitLeeching+1","Slimebound:Dissolve+1","Slimebound:AcidTongue","Slimebound:Repurpose+1"],"relics":["Slimebound:AbsorbEndCombat","Bag of Preparation","Toxic Egg 2","Shuriken","WarpedTongs","Black Star","downfall:HeartBlessingRed","Akabeko","downfall:HeartBlessingBlue","Slimebound:AggressiveSlimeRelic","Blood Vial"],"acts_visited":["Exordium","TheCity"],"potions_floor_usage":[15,16,23,23,23,26,32],"damage_taken":[{"damage":16,"enemies":"Cultist","floor":2,"turns":5},{"damage":5,"enemies":"downfall:FleeingMerchant","floor":3,"turns":4},{"damage":5,"enemies":"Small Slimes","floor":4,"turns":4},{"damage":7,"enemies":"Jaw Worm","floor":5,"turns":3},{"damage":44,"enemies":"Lagavulin","floor":8,"turns":7},{"damage":12,"enemies":"Lots of Slimes","floor":10,"turns":4},{"damage":5,"enemies":"Large Slime","floor":12,"turns":5},{"damage":3,"enemies":"2 Fungi Beasts","floor":13,"turns":3},{"damage":5,"enemies":"Exordium Wildlife","floor":14,"turns":3},{"damage":14,"enemies":"Lots of Slimes","floor":15,"turns":5},{"damage":21,"enemies":"DF_ARCHETYPE_STREAMLINE","floor":16,"turns":5},{"damage":32,"enemies":"Shell Parasite","floor":19,"turns":6},{"damage":31,"enemies":"3 Byrds","floor":20,"turns":5},{"damage":22,"enemies":"Centurion and Healer","floor":21,"turns":5},{"damage":4,"enemies":"Snecko","floor":23,"turns":3},{"damage":14,"enemies":"Shelled Parasite and Fungi","floor":26,"turns":4},{"damage":5,"enemies":"3 Cultists","floor":28,"turns":4},{"damage":46,"enemies":"Gremlin Leader","floor":29,"turns":6},{"damage":12,"enemies":"Cultist and Chosen","floor":32,"turns":4},{"damage":55,"enemies":"IC_MUSHROOM_ARCHETYPE","floor":33,"turns":6}],"seed_played":"5712092424566953563","potions_obtained":[{"floor":5,"key":"bronze:BurnAndBuffPotion"},{"floor":12,"key":"Fire Potion"},{"floor":13,"key":"ColorlessPotion"},{"floor":14,"key":"champ:CounterPotion"},{"floor":16,"key":"Ancient Potion"},{"floor":19,"key":"EssenceOfSteel"},{"floor":23,"key":"CultistPotion"},{"floor":29,"key":"SkillPotion"}],"is_trial":false,"path_per_floor":["R","M","$","M","M","?","T","E","R","M","?","M","M","M","M","B",null,"R","M","M","M","?","M","T","R","M","R","M","E","R","?","M","B"],"character_chosen":"SLIMEBOUND","items_purchased":["Slimebound:Gluttony"],"campfire_rested":4,"item_purchase_floors":[3],"current_hp_per_floor":[71,57,56,59,58,51,51,15,36,32,32,35,38,41,33,20,71,71,44,21,7,7,9,9,43,35,59,62,24,48,48,42,0,0,0],"gold":221,"neow_bonus":"TEN_PERCENT_HP_BONUS","is_daily":false,"chose_seed":false,"campfire_upgraded":1,"win_rate":0.0,"timestamp":1613379279,"path_taken":["R","M","$","?","M","?","T","E","R","M","?","M","M","M","M","BOSS","R","?","M","M","?","M","T","R","M","R","M","E","R","?","M","BOSS"],"items_purchased_type":["Card"],"build_version":"2020-12-22","purchased_purges":0,"victory":false,"max_hp_per_floor":[71,71,71,71,71,71,71,71,71,71,71,71,71,71,71,71,71,71,71,71,71,71,71,71,81,81,81,81,81,81,81,81,81,81,81],"card_choices":[{"not_picked":["Slimebound:SlimeSpikes","Slimebound:GoopSpray"],"picked":"Slimebound:ItLooksTasty","floor":2},{"not_picked":["Slimebound:SlimeSpikes","Slimebound:FlameTackle"],"picked":"Slimebound:GrowthPunch","floor":3},{"not_picked":["Slimebound:SplitMire","Slimebound:PressTheAttack"],"picked":"Slimebound:TongueLash","floor":4},{"not_picked":["Slimebound:ItLooksTasty","Slimebound:Teamwork"],"picked":"Slimebound:SamplingLick","floor":5},{"not_picked":["Slimebound:LeechEnergy","Slimebound:ItLooksTasty"],"picked":"Slimebound:FormOfPuddle+1","floor":8},{"not_picked":["Slimebound:Replication+1","Slimebound:ForwardTackle"],"picked":"Slimebound:Prepare+1","floor":10},{"not_picked":["Slimebound:Prepare+1","Slimebound:LivingWall+1"],"picked":"Slimebound:OozeBath+1","floor":12},{"not_picked":["Slimebound:LeechEnergy","Slimebound:SplitMire+1"],"picked":"Slimebound:RainOfGoop+1","floor":13},{"not_picked":["Slimebound:PressTheAttack","Slimebound:GoopTackle"],"picked":"Slimebound:LeechEnergy","floor":14},{"not_picked":["Slimebound:PressTheAttack","Slimebound:ComboTackle"],"picked":"Slimebound:Nibble","floor":15},{"not_picked":["Slimebound:Teamwork+1","Slimebound:MassFeed"],"picked":"Slimebound:MassRepurpose+1","floor":16},{"not_picked":["Slimebound:Equalize","Slimebound:FormOfPuddle+1"],"picked":"Slimebound:SplitBruiser+1","floor":19},{"not_picked":["Slimebound:LeechingTouch","Slimebound:Prepare+1"],"picked":"Slimebound:LevelUp","floor":20},{"not_picked":["Slimebound:Prepare+1","Slimebound:FormOfPuddle+1"],"picked":"Slimebound:LivingWall+1","floor":21},{"not_picked":["Slimebound:ItLooksTasty","Slimebound:ComboTackle+1"],"picked":"Slimebound:HauntingLick+1","floor":23},{"not_picked":["Slimebound:Replication+1","Slimebound:SamplingLick+1"],"picked":"Slimebound:SplitLeeching+1","floor":26},{"not_picked":["Slimebound:LeechEnergy","Slimebound:Nibble"],"picked":"Slimebound:Dissolve+1","floor":28},{"not_picked":["Slimebound:Chomp","Slimebound:FlameTackle"],"picked":"Slimebound:AcidTongue","floor":29},{"not_picked":["Slimebound:SplitBruiser+1","Slimebound:HauntingLick+1"],"picked":"Slimebound:Repurpose+1","floor":32}],"player_experience":79075,"relics_obtained":[{"floor":7,"key":"Toxic Egg 2"},{"floor":8,"key":"Shuriken"},{"floor":29,"key":"Slimebound:AggressiveSlimeRelic"},{"floor":29,"key":"Blood Vial"}],"event_choices":[{"damage_healed":0,"gold_gain":0,"player_choice":"Success","damage_taken":7,"relics_obtained":["Bag of Preparation"],"max_hp_gain":0,"max_hp_loss":0,"event_name":"Scrap Ooze","floor":6,"gold_loss":0},{"damage_healed":0,"gold_gain":0,"player_choice":"Rummage","damage_taken":0,"relics_obtained":["WarpedTongs"],"max_hp_gain":0,"max_hp_loss":0,"event_name":"Accursed Blacksmith","floor":11,"gold_loss":0,"cards_obtained":["Pain"]},{"damage_healed":0,"gold_gain":0,"player_choice":"Ignored","damage_taken":0,"max_hp_gain":0,"max_hp_loss":0,"event_name":"Ghosts","floor":31,"gold_loss":0}],"is_beta":false,"boss_relics":[{"not_picked":["Cursed Key","Astrolabe"],"picked":"Black Star"}],"items_purged_floors":[],"is_endless":false,"potions_floor_spawned":[5,12,13,14,16,19,21,23,29],"killed_by":"IC_MUSHROOM_ARCHETYPE","ascension_level":0}}