{"host":"4par9lyhj7bf4dsa","time":1613363082,"event":{"mods":["AchievementEnabler","BaseMod","Colored Map","Minty Spire (QoL Compilation)","Relic Stats","StSLib"],"gold_per_floor":[114,114,138,163,163,207,225,225,225,264,287,321,321,342,342,472,472,485,485,4,19,19,62,62,102,148,148,179,203,234,253,253,253,253],"floor_reached":33,"language":"ENG","playtime":1739,"items_purged":["Defend_R"],"score":543,"play_id":"7889d7df-fea4-4c94-94a0-c2ef75e3857d","local_time":"20210215152442","is_ascension_mode":true,"campfire_choices":[{"floor":8,"key":"REST"},{"floor":15,"key":"REST"},{"data":"Offering","floor":24,"key":"SMITH"},{"data":"Bash","floor":27,"key":"SMITH"},{"data":"True Grit","floor":32,"key":"SMITH"}],"circlet_count":0,"master_deck":["AscendersBane","Defend_R","Defend_R","Defend_R","Bash+1","Twin Strike","Inflame","Iron Wave","Pommel Strike","Power Through","Impervious","Disarm","Clothesline","Offering+1","Flex+1","Bite","Bite","Bite","Bite","Bite","Fire Breathing+1","Spot Weakness+1","Cleave","Sword Boomerang","True Grit+1","Pommel Strike+1","Feel No Pain"],"relics":["SacredBark","Golden Idol","Letter Opener","Meat on the Bone","Happy Flower","Paper Frog","Red Skull","Coffee Dripper","Potion Belt","OrangePellets","Bag of Preparation","PreservedInsect","Blood Vial","The Courier","Prayer Wheel"],"acts_visited":["Exordium","TheCity"],"potions_floor_usage":[7,10,23,28,30,33,33],"damage_taken":[{"damage":13,"enemies":"Jaw Worm","floor":1,"turns":4},{"damage":0,"enemies":"Small Slimes","floor":3,"turns":2},{"damage":11,"enemies":"Cultist","floor":4,"turns":4},{"damage":20,"enemies":"Lagavulin","floor":6,"turns":5},{"damage":19,"enemies":"Lots of Slimes","floor":7,"turns":3},{"damage":3,"enemies":"Gremlin Nob","floor":10,"turns":4},{"damage":20,"enemies":"Gremlin Gang","floor":11,"turns":7},{"damage":33,"enemies":"Lagavulin","floor":12,"turns":7},{"damage":2,"enemies":"Exordium Thugs","floor":14,"turns":4},{"damage":29,"enemies":"The Guardian","floor":16,"turns":13},{"damage":6,"enemies":"Shell Parasite","floor":18,"turns":3},{"damage":9,"enemies":"3 Byrds","floor":21,"turns":5},{"damage":34,"enemies":"Slavers","floor":23,"turns":5},{"damage":33,"enemies":"Book of Stabbing","floor":25,"turns":5},{"damage":11,"enemies":"Slavers","floor":28,"turns":4},{"damage":27,"enemies":"Snecko","floor":29,"turns":6},{"damage":12,"enemies":"Book of Stabbing","floor":30,"turns":4},{"damage":6,"enemies":"Centurion and Healer","floor":31,"turns":3},{"damage":91,"enemies":"Automaton","floor":33,"turns":6}],"seed_played":"-6971046817149323551","potions_obtained":[{"floor":4,"key":"LiquidBronze"},{"floor":7,"key":"Fire Potion"},{"floor":12,"key":"DuplicationPotion"},{"floor":14,"key":"SmokeBomb"},{"floor":18,"key":"Energy Potion"},{"floor":21,"key":"CultistPotion"},{"floor":28,"key":"EssenceOfSteel"},{"floor":31,"key":"Regen Potion"}],"is_trial":false,"path_per_floor":["M","?","M","M","?","E","M","R","T","E","M","E","?","M","R","B",null,"M","?","$","M","$","E","R","E","T","R","E","M","E","M","R","B"],"character_chosen":"IRONCLAD","items_purchased":["Potion Belt","Strength Potion","OrangePellets","Explosive Potion"],"campfire_rested":2,"item_purchase_floors":[20,20,20,20],"current_hp_per_floor":[59,59,59,48,53,33,14,37,37,46,38,17,10,20,43,26,66,60,55,55,55,55,29,29,20,20,20,35,30,30,32,32,0,0],"gold":253,"neow_bonus":"BOSS_RELIC","is_daily":false,"chose_seed":false,"campfire_upgraded":3,"win_rate":0.0,"timestamp":1613363082,"path_taken":["M","?","M","M","?","E","M","R","T","E","M","E","?","M","R","BOSS","M","?","$","M","$","E","R","E","T","R","E","M","E","M","R","BOSS"],"items_purchased_type":["Relic","Potion","Relic","Potion"],"build_version":"2020-12-22","purchased_purges":1,"victory":false,"max_hp_per_floor":[80,74,74,74,79,79,79,79,79,79,79,79,79,79,79,79,79,79,55,55,55,55,55,55,55,55,55,55,55,55,55,55,55,55],"relic_stats":{"Blood Vial":10,"OrangePellets":[3],"Happy Flower":[24],"counters":[19,94],"Golden Idol":117,"Prayer Wheel":1,"PreservedInsect":83,"Bag of Preparation":[12],"Letter Opener":[110],"obtain_stats":[{"Potion Belt":20,"Happy Flower":10,"Golden Idol":2,"SacredBark":0,"PreservedInsect":25,"The Courier":28,"Bag of Preparation":23,"Letter Opener":6,"Burning Blood":0,"Blood Vial":26,"OrangePellets":20,"Prayer Wheel":30,"Coffee Dripper":17,"Red Skull":13,"Meat on the Bone":9,"Paper Frog":12},{"Potion Belt":11,"Happy Flower":6,"Golden Idol":1,"SacredBark":0,"PreservedInsect":14,"The Courier":15,"Bag of Preparation":13,"Letter Opener":4,"Burning Blood":0,"Blood Vial":14,"OrangePellets":11,"Prayer Wheel":17,"Coffee Dripper":10,"Red Skull":8,"Meat on the Bone":5,"Paper Frog":8},{"Potion Belt":56,"Happy Flower":22,"Golden Idol":4,"SacredBark":0,"PreservedInsect":71,"The Courier":75,"Bag of Preparation":66,"Letter Opener":15,"Burning Blood":0,"Blood Vial":71,"OrangePellets":56,"Prayer Wheel":85,"Coffee Dripper":53,"Red Skull":36,"Meat on the Bone":18,"Paper Frog":36}],"Meat on the Bone":96},"card_choices":[{"not_picked":["True Grit","Clash"],"picked":"Twin Strike","floor":1},{"not_picked":["Armaments","Shrug It Off"],"picked":"Inflame","floor":3},{"not_picked":["Clash","Disarm"],"picked":"Iron Wave","floor":4},{"not_picked":["Sword Boomerang","Perfected Strike"],"picked":"Pommel Strike","floor":6},{"not_picked":["Iron Wave","Havoc"],"picked":"Power Through","floor":7},{"not_picked":["Second Wind","Clash","Infernal Blade"],"picked":"SKIP","floor":10},{"not_picked":["Reckless Charge","Heavy Blade"],"picked":"Impervious","floor":11},{"not_picked":["Perfected Strike","Bloodletting"],"picked":"Disarm","floor":12},{"not_picked":["Pommel Strike","Rupture"],"picked":"Clothesline","floor":14},{"not_picked":["Corruption","Double Tap"],"picked":"Offering","floor":16},{"not_picked":["Warcry","Seeing Red"],"picked":"Flex+1","floor":18},{"not_picked":["Whirlwind","Power Through+1"],"picked":"Fire Breathing+1","floor":21},{"not_picked":["Brutality","Power Through","Clothesline"],"picked":"SKIP","floor":23},{"not_picked":["Disarm","Heavy Blade"],"picked":"Spot Weakness+1","floor":25},{"not_picked":["Berserk","Uppercut"],"picked":"Cleave","floor":28},{"not_picked":["Heavy Blade","Cleave"],"picked":"Sword Boomerang","floor":29},{"not_picked":["Headbutt","Warcry"],"picked":"True Grit","floor":30},{"not_picked":["Clash","Flex"],"picked":"Pommel Strike+1","floor":31},{"not_picked":["Thunderclap","Anger+1"],"picked":"Feel No Pain","floor":31}],"player_experience":1053711,"relics_obtained":[{"floor":6,"key":"Letter Opener"},{"floor":9,"key":"Meat on the Bone"},{"floor":10,"key":"Happy Flower"},{"floor":12,"key":"Paper Frog"},{"floor":23,"key":"Bag of Preparation"},{"floor":25,"key":"PreservedInsect"},{"floor":26,"key":"Blood Vial"},{"floor":28,"key":"The Courier"},{"floor":30,"key":"Prayer Wheel"}],"event_choices":[{"damage_healed":0,"gold_gain":0,"player_choice":"Lose Max HP","damage_taken":0,"relics_obtained":["Golden Idol"],"max_hp_gain":0,"max_hp_loss":6,"event_name":"Golden Idol","floor":2,"gold_loss":0},{"damage_healed":0,"gold_gain":0,"player_choice":"Donut","damage_taken":0,"max_hp_gain":5,"max_hp_loss":0,"event_name":"Big Fish","floor":5,"gold_loss":0},{"damage_healed":0,"gold_gain":0,"player_choice":"Success","damage_taken":7,"relics_obtained":["Red Skull"],"max_hp_gain":0,"max_hp_loss":0,"event_name":"Scrap Ooze","floor":13,"gold_loss":0},{"damage_healed":0,"gold_gain":0,"player_choice":"Became a vampire","damage_taken":0,"max_hp_gain":0,"max_hp_loss":24,"event_name":"Vampires","floor":19,"gold_loss":0,"cards_obtained":["Bite","Bite","Bite","Bite","Bite"]}],"is_beta":false,"boss_relics":[{"not_picked":["Sozu","Mark of Pain"],"picked":"Coffee Dripper"}],"items_purged_floors":[20],"is_endless":false,"potions_floor_spawned":[4,7,12,14,18,21,28,31],"killed_by":"Automaton","ascension_level":10}}