{"host":"6pcojuaa041y50xg","time":1613384665,"event":{"mods":["2.2 Compatiblity","Act Like it!","Arknights","BaseMod","Better Match","Better Third Choice","BetterRewards","ChefMod","Colored Powertips","Conspire","Ekko","GifTheSpireLib","Halation","Hallownest","Hermit","Hubris","Infinite Spire","Mad Scientist","Minty Spire (QoL Compilation)","Pale of the Ancients","Rare Cards Sparkle","Reliquary","StSLib","Stuff the Spire","SuperFastMode","The Animator","The Blackbeard","The Bladedancer","The Bug Knight","The Gatherer","The Hierophant","The IronCluck","The Judge","The Jungle","The Marked","The Necromancer","The Runesmith","The Servant 0.9.4","The Valiant","The Witch","TheSwordswoman","Trackpad","Wandering Minibosses","everything is the same but u backflip on backflip"],"gold_per_floor":[111,111,131,131,56,56,71,71,71,85,85,78,109,109,109,203,203,209,209,217,170,170,170,170,170],"floor_reached":24,"language":"ENG","playtime":1523,"items_purged":["Runesmith:Firestorm"],"score":223,"play_id":"994d2dcc-d472-4633-b59c-1f364b8159f8","local_time":"20210215022425","is_ascension_mode":false,"campfire_choices":[{"data":"Runesmith:UnstableHammer","floor":6,"key":"SMITH"},{"data":"Runesmith:HammerThrow","floor":8,"key":"SMITH"},{"data":"Runesmith:CreatorForm","floor":15,"key":"SMITH"},{"data":"Runesmith:MetallurgicalResearch","floor":23,"key":"SMITH"}],"circlet_count":0,"master_deck":["Runesmith:Strike_RS","Runesmith:Strike_RS","Runesmith:Strike_RS","Runesmith:Strike_RS","Runesmith:Defend_RS","Runesmith:Defend_RS","Runesmith:Defend_RS","Runesmith:Defend_RS","Runesmith:CraftFirestone+1","Runesmith:Fortify","Runesmith:PoweredAnvil+1","Runesmith:HammerTime+1","Runesmith:UnstableHammer+1","Runesmith:HammerThrow+1","Runesmith:Grindstone","Runesmith:CreatorForm+1","Decay","Runesmith:MetallurgicalResearch+1","Runesmith:HammerThrow","Runesmith:ChargedHammer+1","Runesmith:HammerTime"],"relics":["Runesmith:BrokenRuby","Sundial","hubris:FunFungus","reliquary:Buckler","hubris:Backtick","Bottled Tornado"],"acts_visited":["Exordium","theJungle:Jungle"],"potions_floor_usage":[7,12,20,22],"damage_taken":[{"damage":1,"enemies":"2 Louse","floor":1,"turns":4},{"damage":8,"enemies":"Small Slimes","floor":3,"turns":4},{"damage":0,"enemies":"Cultist","floor":7,"turns":2},{"damage":16,"enemies":"Gremlin Gang","floor":10,"turns":5},{"damage":10,"enemies":"Large Slime","floor":12,"turns":6},{"damage":0,"enemies":"Lagavulin","floor":13,"turns":5},{"damage":11,"enemies":"Hexaghost","floor":16,"turns":7},{"damage":16,"enemies":"theJungle:GiantWrat","floor":18,"turns":5},{"damage":19,"enemies":"theJungle:Flameango_and_Byrd","floor":20,"turns":5},{"damage":14,"enemies":"theJungle:Snecko_Cultist_And_Trap","floor":21,"turns":7},{"damage":3,"enemies":"theJungle:JungleHuntersEncounter","floor":22,"turns":2},{"damage":42,"enemies":"theJungle:2_Phrogs","floor":24,"turns":3}],"seed_played":"2047263150663440558","potions_obtained":[{"floor":3,"key":"Fire Potion"},{"floor":10,"key":"DistilledChaos"},{"floor":19,"key":"GamblersBrew"},{"floor":19,"key":"SpeedPotion"},{"floor":19,"key":"Energy Potion"},{"floor":21,"key":"SmokeBomb"}],"is_trial":false,"path_per_floor":["M","?","M","?","$","R","M","R","T","M","$","M","E","?","R","B",null,"M","?","M","M","M","R","E"],"character_chosen":"RUNESMITH_CLASS","items_purchased":["Runesmith:PoweredAnvil","Runesmith:Firestorm"],"campfire_rested":0,"item_purchase_floors":[0,0],"current_hp_per_floor":[69,69,61,54,54,54,54,54,54,39,39,30,31,31,31,21,70,56,56,38,26,23,23,0,0],"gold":170,"neow_bonus":"","is_daily":false,"chose_seed":false,"campfire_upgraded":4,"win_rate":0.0,"timestamp":1613384665,"path_taken":["M","?","M","?","$","R","M","R","T","M","$","M","E","?","R","BOSS","M","?","M","?","?","R","E"],"items_purchased_type":["Card","Card"],"build_version":"2020-12-22","purchased_purges":1,"victory":false,"max_hp_per_floor":[70,70,70,70,70,70,70,70,70,70,70,70,70,70,70,70,70,70,70,70,70,70,70,70,70],"card_choices":[{"not_picked":["Runesmith:Repurpose","Runesmith:HammerThrow"],"picked":"Runesmith:HammerTime","floor":1},{"not_picked":["Runesmith:StaticCage","Runesmith:RunicBlueprint"],"picked":"Runesmith:UnstableHammer","floor":3},{"not_picked":["Runesmith:HeatedChisel","Runesmith:StaticCage"],"picked":"Runesmith:HammerThrow","floor":7},{"not_picked":["Runesmith:EnergizedChisel","Runesmith:GoWithTheFlow","Runesmith:CraftObretio"],"picked":"SKIP","floor":10},{"not_picked":["Runesmith:Attraction","Runesmith:ChaoticBlast"],"picked":"Runesmith:Grindstone","floor":12},{"not_picked":["Runesmith:Augment","Runesmith:Discharge"],"picked":"Runesmith:CreatorForm","floor":13},{"not_picked":["Runesmith:CraftIndustria","Runesmith:ArcReactor"],"picked":"Runesmith:MetallurgicalResearch","floor":16},{"not_picked":["Runesmith:GoWithTheFlow","Runesmith:Prism"],"picked":"Runesmith:HammerThrow","floor":18},{"not_picked":["Runesmith:Electrocute","Runesmith:HammerThrow+1"],"picked":"Runesmith:ChargedHammer+1","floor":20},{"not_picked":["Runesmith:DoubleUp","Runesmith:ChiselStab"],"picked":"Runesmith:HammerTime","floor":21}],"player_experience":522913,"relics_obtained":[{"floor":9,"key":"hubris:FunFungus"},{"floor":13,"key":"reliquary:Buckler"}],"event_choices":[{"damage_healed":0,"gold_gain":0,"player_choice":"Relic ","damage_taken":7,"max_hp_gain":0,"max_hp_loss":0,"event_name":"betterThird:BetterScrap","floor":4,"gold_loss":0,"cards_obtained":["Immolate"]},{"damage_healed":0,"gold_gain":0,"player_choice":"Cursed","damage_taken":0,"max_hp_gain":0,"max_hp_loss":0,"event_name":"Wheel of Change","floor":14,"gold_loss":0,"cards_obtained":["Decay"]},{"damage_healed":0,"gold_gain":0,"player_choice":"Got Potions","damage_taken":0,"max_hp_gain":0,"max_hp_loss":0,"event_name":"Lab","floor":19,"gold_loss":0}],"is_beta":false,"boss_relics":[{"not_picked":["conspire:SeveredTorchhead","halation:Risk"],"picked":"hubris:Backtick"}],"items_purged_floors":[5],"is_endless":false,"potions_floor_spawned":[3,10,21],"killed_by":"theJungle:2_Phrogs","ascension_level":0}}