{"host":"c0rqchpxu0yjpthq","time":1613409391,"event":{"mods":["100% Spire Juice","BaseMod","Challenge The Spire","Conspire","Downfall","HololiveMod","Minty Spire (QoL Compilation)","Reimu£®≤©¿ˆ¡È√Œ£©","Relic Stats","Reliquary","Spicy Shops","StSLib","Wide Potions","[GremlinLeader]The Maniac"],"gold_per_floor":[767688,767707,766724,766747,766774,766828,766828,766859,766859,766859,765479,765495,765495,765525,765525,765626,765626,765637,765637,764324,764339,764299,764326,764326,764351,764402,764402,764414,764414,762669,762697,762697,762795,762795,762814,762814,761780,761801,761820,761820,760645,760645,760690,760720,760720,760736,760736,760768,760768,760768,760768,760768,759972,760011,760031],"floor_reached":56,"language":"ZHS","playtime":1522,"items_purged":["Regret","maniac:Scruple","downfall:Haunted","downfall:Haunted","downfall:Haunted","Hololive_HighAtkLowDef+1"],"score":2080,"play_id":"e4969bf9-d8f7-46b1-873e-c4c6f753b898","local_time":"20210216011631","is_ascension_mode":true,"campfire_choices":[{"data":"Hololive_WolfAndLamb","floor":7,"key":"SMITH"},{"data":"Apotheosis","floor":15,"key":"SMITH"},{"data":"ZunPunch:ReiMu","floor":24,"key":"SMITH"},{"floor":29,"key":"RECALL"},{"data":"Hololive_Trident","floor":32,"key":"SMITH"},{"data":"Hololive_IdolExercise","floor":40,"key":"SMITH"},{"data":"Hololive_CallFriendA","floor":42,"key":"SMITH"},{"data":"Hololive_CallUruhaRushia","floor":49,"key":"SMITH"},{"data":"Hololive_CallNatsuiroMatsuri","floor":52,"key":"SMITH"}],"circlet_count":0,"master_deck":["Hololive_CallUruhaRushia+1","Apotheosis+1","Hololive_Spy+1","Hololive_CallFriendA+1","Hololive_DiamondStrike+1","Hololive_DiamondStrike+1","ZunPunch:ReiMu+1","Hololive_IdolExercise+1","Hololive_Trident+1","Hololive_CallUruhaRushia","Flash of Steel"],"relics":["Hololive_TheOnlyOne","conspire:SpecialSausage","Pen Nib","Strawberry","Mastiff:ReiMu","reliquary:WeakTea","ClockworkSouvenir","Strange Spoon","reliquary:RosewoodLute","Mango","reliquary:FeatherDuster","Gambling Chip","Hololive_LightStick","reliquary:OuijaBoard","Orrery","CaptainsWheel","TheAbacus","Du-Vu Doll","Potion Belt","Black Star","War Paint","Bronze Scales","Ornamental Fan","OrangePellets","Ginger","DollysMirror","conspire:Dentures","Centennial Puzzle","Bottled Flame","Whetstone","reliquary:TatteredRug","MutagenicStrength","conspire:DecoderRing","TungstenRod","Medical Kit","TentaclePot:ReiMu","reliquary:BallBearing","Ancient Tea Set","Regal Pillow","Omamori","conspire:SeveredTorchhead","Thread and Needle","MealTicket","reliquary:SilkGlove","Regal Pillow","reliquary:Bookmark","HandDrill","reliquary:TatteredRug","Sundial","Lee\u0027s Waffle","reliquary:Knoch","Ice Cream","PrismaticShard","reliquary:Aerogel","reliquary:RoseTintedGlasses","reliquary:PurpleTingedLeaf","reliquary:BoilingFlask","reliquary:Buckler","Torii","Toolbox","Membership Card","StoneCalendar","reliquary:PorcupineQuills","conspire:TopHat","CrazyTorch:ReiMu","Lantern"],"acts_visited":["Exordium","TheCity","TheBeyond","TheEnding"],"potions_floor_usage":[30,30,41],"damage_taken":[{"damage":0,"enemies":"Small Slimes","floor":1,"turns":3},{"damage":0,"enemies":"2 Louse","floor":2,"turns":2},{"damage":0,"enemies":"Jaw Worm","floor":4,"turns":3},{"damage":0,"enemies":"Exordium Thugs","floor":5,"turns":3},{"damage":0,"enemies":"Lagavulin","floor":6,"turns":5},{"damage":0,"enemies":"3 Sentries","floor":8,"turns":11},{"damage":0,"enemies":"Looter","floor":12,"turns":3},{"damage":0,"enemies":"Lagavulin","floor":14,"turns":5},{"damage":0,"enemies":"Slime Boss","floor":16,"turns":3},{"damage":0,"enemies":"Shell Parasite","floor":18,"turns":2},{"damage":12,"enemies":"2 Thieves","floor":21,"turns":2},{"damage":0,"enemies":"Gremlin Leader","floor":23,"turns":1},{"damage":0,"enemies":"Book of Stabbing","floor":25,"turns":2},{"damage":0,"enemies":"Shelled Parasite and Fungi","floor":28,"turns":1},{"damage":10,"enemies":"Slavers","floor":31,"turns":2},{"damage":0,"enemies":"Champ","floor":33,"turns":1},{"damage":0,"enemies":"Orb Walker","floor":35,"turns":1},{"damage":0,"enemies":"3 Darklings","floor":38,"turns":2},{"damage":0,"enemies":"Jaw Worm Horde","floor":39,"turns":2},{"damage":0,"enemies":"Reptomancer","floor":44,"turns":1},{"damage":0,"enemies":"Writhing Mass","floor":46,"turns":1},{"damage":0,"enemies":"Giant Head","floor":48,"turns":1},{"damage":0,"enemies":"Awakened One","floor":50,"turns":2},{"damage":0,"enemies":"Shield and Spear","floor":54,"turns":3},{"damage":0,"enemies":"The Heart","floor":55,"turns":3}],"seed_played":"4854707998508867722","potions_obtained":[{"floor":1,"key":"Slimebound:ThreeZeroPotion"},{"floor":4,"key":"DuplicationPotion"},{"floor":16,"key":"MagicPotion:ReiMu"},{"floor":21,"key":"EssenceOfSteel"},{"floor":25,"key":"Energy Potion"},{"floor":31,"key":"BlessingOfTheForge"},{"floor":35,"key":"Fire Potion"}],"is_trial":false,"path_per_floor":["M","M","$","M","M","E","R","E","T","?","$","M","?","E","R","B",null,"M","?","$","M","?","E","R","E","T","?","M","R","$","E","R","B",null,"M","?","$","M","M","R","$","R","T","E","?","M","?","E","R","B",null,"R","$","E","B",null],"character_chosen":"Hololive_HololiveCharacter","items_purchased":["Pen Nib","Strawberry","Mastiff:ReiMu","reliquary:WeakTea","ClockworkSouvenir","Strange Spoon","Hololive_CallUruhaRushia","Gambling Chip","Hololive_LightStick","reliquary:OuijaBoard","Orrery","CaptainsWheel","TheAbacus","Apotheosis","Hololive_CallNatsuiroMatsuri","Hololive_Spy","Hololive_CallShirakamiFubuki","War Paint","Bronze Scales","Ornamental Fan","OrangePellets","Ginger","DollysMirror","conspire:DecoderRing","TungstenRod","Medical Kit","TentaclePot:ReiMu","reliquary:BallBearing","Ancient Tea Set","Fruit Juice","Hololive_Trident","Thread and Needle","MealTicket","reliquary:SilkGlove","Regal Pillow","reliquary:Bookmark","HandDrill","reliquary:TatteredRug","Sundial","Lee\u0027s Waffle","reliquary:Knoch","Ice Cream","PrismaticShard","Fruit Juice","Torii","Toolbox","Membership Card","StoneCalendar","reliquary:PorcupineQuills","conspire:TopHat","Hololive_CallUruhaRushia","Flash of Steel"],"campfire_rested":0,"item_purchase_floors":[3,3,3,3,3,3,3,11,11,11,11,11,11,11,11,11,20,20,20,20,20,20,20,30,30,30,30,30,30,30,30,37,37,37,37,37,37,41,41,41,41,41,41,41,53,53,53,53,53,53,53,53],"current_hp_per_floor":[35,35,42,42,42,42,42,56,56,56,56,56,61,61,61,61,61,61,61,61,49,49,49,49,49,49,49,49,49,59,49,49,49,71,71,65,65,65,65,65,83,83,83,83,83,83,83,83,83,83,83,83,83,83,83],"gold":760031,"neow_bonus":"BOSS_RELIC","is_daily":false,"chose_seed":false,"campfire_upgraded":8,"win_rate":0.0,"timestamp":1613409391,"path_taken":["M","M","$","M","M","E","R","E","T","?","$","M","?","E","R","BOSS","M","?","$","M","?","E","R","E","T","?","?","R","?","E","R","BOSS","M","?","$","M","?","R","$","R","T","E","?","M","?","E","R","BOSS","R","$","E","BOSS"],"items_purchased_type":["Relic","Relic","Relic","Relic","Relic","Relic","Card","Relic","Relic","Relic","Relic","Relic","Relic","Card","Card","Card","Card","Relic","Relic","Relic","Relic","Relic","Relic","Relic","Relic","Relic","Relic","Relic","Relic","Potion","Card","Relic","Relic","Relic","Relic","Relic","Relic","Relic","Relic","Relic","Relic","Relic","Relic","Potion","Relic","Relic","Relic","Relic","Relic","Relic","Card","Card"],"build_version":"2020-12-22","purchased_purges":6,"victory":true,"max_hp_per_floor":[35,35,42,42,42,42,42,56,56,56,56,56,61,61,61,61,61,61,61,61,61,61,61,61,61,61,61,61,61,71,71,71,71,71,71,71,71,71,71,71,83,83,83,83,83,83,83,83,83,83,83,83,83,83,83],"relic_stats":{"Regal Pillow":0,"Lee\u0027s Waffle":7,"Torii":0,"counters":[25,65],"StoneCalendar":[0],"Pen Nib":[4],"Ginger":[2],"Whetstone":["Hololive_DiamondStrike","Hololive_DiamondStrike"],"War Paint":["Hololive_HighAtkLowDef","Hololive_Spy"],"Medical Kit":[2],"Strange Spoon":[39],"OrangePellets":[14],"Centennial Puzzle":[3],"TheAbacus":[54],"Ornamental Fan":[24],"Sundial":[0],"Gambling Chip":[13],"Bronze Scales":[44],"MealTicket":6,"Black Star":6,"HandDrill":[10],"obtain_stats":[{"reliquary:OuijaBoard":11,"Ice Cream":41,"reliquary:FeatherDuster":10,"ZunR:ReiMu":22,"Ginger":20,"Whetstone":25,"Hololive_TheOnlyOne":0,"conspire:SeveredTorchhead":34,"Centennial Puzzle":23,"Mastiff:ReiMu":3,"DollysMirror":20,"Sundial":41,"Strawberry":3,"conspire:DecoderRing":30,"MealTicket":37,"HandDrill":37,"conspire:Dentures":23,"TentaclePot:ReiMu":30,"Pen Nib":3,"reliquary:TatteredRug":26,"reliquary:WeakTea":3,"War Paint":20,"Du-Vu Doll":13,"reliquary:Bookmark":37,"OrangePellets":20,"Bottled Flame":25,"reliquary:PorcupineQuills":53,"Bronze Scales":20,"MutagenicStrength":27,"Hololive_TheStar":0,"reliquary:BallBearing":30,"Black Star":17,"reliquary:Knoch":41,"Regal Pillow":31,"Lantern":54,"reliquary:SilkGlove":37,"Torii":53,"reliquary:Aerogel":43,"reliquary:BoilingFlask":48,"conspire:SpecialSausage":0,"Mango":8,"StoneCalendar":53,"Ancient Tea Set":30,"PrismaticShard":41,"conspire:TopHat":53,"ClockworkSouvenir":3,"TheAbacus":11,"Gambling Chip":11,"Toolbox":53,"reliquary:Buckler":48,"reliquary:RoseTintedGlasses":44,"Potion Belt":14,"Lee\u0027s Waffle":41,"Thread and Needle":37,"Omamori":31,"reliquary:RosewoodLute":6,"Medical Kit":30,"Strange Spoon":3,"Hololive_LightStick":11,"CaptainsWheel":11,"Ornamental Fan":20,"Orrery":11,"CrazyTorch:ReiMu":54,"Membership Card":53,"TungstenRod":30,"reliquary:PurpleTingedLeaf":44},{"reliquary:OuijaBoard":6,"Ice Cream":19,"reliquary:FeatherDuster":6,"ZunR:ReiMu":11,"Ginger":10,"Whetstone":13,"Hololive_TheOnlyOne":0,"conspire:SeveredTorchhead":16,"Centennial Puzzle":12,"Mastiff:ReiMu":2,"DollysMirror":10,"Sundial":19,"Strawberry":2,"conspire:DecoderRing":14,"MealTicket":17,"HandDrill":17,"conspire:Dentures":12,"TentaclePot:ReiMu":14,"Pen Nib":2,"reliquary:TatteredRug":13,"reliquary:WeakTea":2,"War Paint":10,"Du-Vu Doll":7,"reliquary:Bookmark":17,"OrangePellets":10,"Bottled Flame":13,"reliquary:PorcupineQuills":23,"Bronze Scales":10,"MutagenicStrength":13,"Hololive_TheStar":0,"reliquary:BallBearing":14,"Black Star":9,"reliquary:Knoch":19,"Regal Pillow":15,"Lantern":24,"reliquary:SilkGlove":17,"Torii":23,"reliquary:Aerogel":19,"reliquary:BoilingFlask":22,"conspire:SpecialSausage":0,"Mango":6,"StoneCalendar":23,"Ancient Tea Set":14,"PrismaticShard":19,"conspire:TopHat":23,"ClockworkSouvenir":2,"TheAbacus":6,"Gambling Chip":6,"Toolbox":23,"reliquary:Buckler":22,"reliquary:RoseTintedGlasses":20,"Potion Belt":8,"Lee\u0027s Waffle":19,"Thread and Needle":17,"Omamori":15,"reliquary:RosewoodLute":5,"Medical Kit":14,"Strange Spoon":2,"Hololive_LightStick":6,"CaptainsWheel":6,"Ornamental Fan":10,"Orrery":6,"CrazyTorch:ReiMu":24,"Membership Card":23,"TungstenRod":14,"reliquary:PurpleTingedLeaf":20},{"reliquary:OuijaBoard":27,"Ice Cream":54,"reliquary:FeatherDuster":27,"ZunR:ReiMu":42,"Ginger":40,"Whetstone":45,"Hololive_TheOnlyOne":0,"conspire:SeveredTorchhead":49,"Centennial Puzzle":43,"Mastiff:ReiMu":5,"DollysMirror":40,"Sundial":54,"Strawberry":5,"conspire:DecoderRing":46,"MealTicket":50,"HandDrill":50,"conspire:Dentures":43,"TentaclePot:ReiMu":46,"Pen Nib":5,"reliquary:TatteredRug":45,"reliquary:WeakTea":5,"War Paint":40,"Du-Vu Doll":30,"reliquary:Bookmark":50,"OrangePellets":40,"Bottled Flame":45,"reliquary:PorcupineQuills":59,"Bronze Scales":40,"MutagenicStrength":45,"Hololive_TheStar":0,"reliquary:BallBearing":46,"Black Star":38,"reliquary:Knoch":54,"Regal Pillow":48,"Lantern":62,"reliquary:SilkGlove":50,"Torii":59,"reliquary:Aerogel":54,"reliquary:BoilingFlask":57,"conspire:SpecialSausage":0,"Mango":27,"StoneCalendar":59,"Ancient Tea Set":46,"PrismaticShard":54,"conspire:TopHat":59,"ClockworkSouvenir":5,"TheAbacus":27,"Gambling Chip":27,"Toolbox":59,"reliquary:Buckler":57,"reliquary:RoseTintedGlasses":55,"Potion Belt":35,"Lee\u0027s Waffle":54,"Thread and Needle":50,"Omamori":48,"reliquary:RosewoodLute":16,"Medical Kit":46,"Strange Spoon":5,"Hololive_LightStick":27,"CaptainsWheel":27,"Ornamental Fan":40,"Orrery":27,"CrazyTorch:ReiMu":62,"Membership Card":59,"TungstenRod":46,"reliquary:PurpleTingedLeaf":55}],"TungstenRod":3},"card_choices":[{"not_picked":["Hololive_FlyingPonyTail","Hololive_RevenueBasedLive","Hololive_Psychosis"],"picked":"SKIP","floor":1},{"not_picked":["Hololive_Drill","Hololive_LuckPotion"],"picked":"Hololive_CallHoushouMarine","floor":2},{"not_picked":["Hololive_CallNekomataOkayu","Hololive_HuntDinosaur","Hololive_CocoNews"],"picked":"SKIP","floor":4},{"not_picked":["Hololive_Drill","Hololive_CallShiroganeNoel","Hololive_Breathe"],"picked":"SKIP","floor":5},{"not_picked":["Hololive_HuntDinosaur","Hololive_OvertimeWork"],"picked":"Hololive_WolfAndLamb","floor":6},{"not_picked":["Hololive_Rebound","Hololive_Psychosis","Hololive_FlareMind"],"picked":"SKIP","floor":8},{"not_picked":["Hololive_HuntDinosaur","Hololive_CallNakiriAyame"],"picked":"Hololive_CallDoris","floor":12},{"not_picked":["Hololive_CocoNews","Hololive_Yoholoon"],"picked":"Hololive_CallFriendA","floor":14},{"not_picked":["Hololive_IdolExercise","Hololive_Nanodesu"],"picked":"Hololive_DiamondStrike","floor":16},{"not_picked":["Hololive_CallShirakamiFubuki","Hololive_Psychosis+1","Hololive_OvertimeWork"],"picked":"SKIP","floor":18},{"not_picked":["Hololive_ManjiGathering+1","Hololive_HuntDinosaur+1","Hololive_LuckPotion"],"picked":"SKIP","floor":21},{"not_picked":["Hololive_HuntDinosaur","Hololive_CallYukihanaLamy","Hololive_Sequa"],"picked":"SKIP","floor":23},{"not_picked":["Hololive_HuntDinosaur","Hololive_Breathe"],"picked":"Hololive_IdolExercise","floor":25},{"not_picked":["Hololive_CallTokoyamiTowa+1","Hololive_CallMinatoAqua","Hololive_Trident"],"picked":"SKIP","floor":28},{"not_picked":["Hololive_BringToTrial","Hololive_CallNakiriAyame","Hololive_FlyingPonyTail"],"picked":"SKIP","floor":31},{"not_picked":["Hololive_SoulCatcher+1","Hololive_Rebound","Hololive_CallTokinoSora+1"],"picked":"SKIP","floor":35},{"not_picked":["Hololive_Drill","Hololive_Breathe+1","Hololive_FlyingPonyTail"],"picked":"SKIP","floor":38},{"not_picked":["Hololive_RevenueBasedLive+1","Hololive_CallYozoraMel","Hololive_HuntDinosaur"],"picked":"SKIP","floor":39},{"not_picked":["sneckomod:SoulRoll","Moonworks:AngelHand+1","champ:Duel+1"],"picked":"SKIP","floor":44},{"not_picked":["Slimebound:FinishingTackle+1","Noxious Fumes","Anger+1"],"picked":"SKIP","floor":46},{"not_picked":["bronze:WildBeam+1","Slimebound:LivingWall","Hololive_Trident+1"],"picked":"SKIP","floor":48},{"not_picked":["Guardian:GemFire","Moonworks:BackdoorTrade+1","Hololive_CocoNews+1"],"picked":"SKIP","floor":54}],"player_experience":71666,"relics_obtained":[{"floor":6,"key":"reliquary:RosewoodLute"},{"floor":8,"key":"Mango"},{"floor":14,"key":"Potion Belt"},{"floor":23,"key":"conspire:Dentures"},{"floor":23,"key":"Centennial Puzzle"},{"floor":25,"key":"Bottled Flame"},{"floor":25,"key":"Whetstone"},{"floor":26,"key":"reliquary:TatteredRug"},{"floor":31,"key":"Regal Pillow"},{"floor":31,"key":"Omamori"},{"floor":43,"key":"reliquary:Aerogel"},{"floor":44,"key":"reliquary:RoseTintedGlasses"},{"floor":44,"key":"reliquary:PurpleTingedLeaf"},{"floor":48,"key":"reliquary:BoilingFlask"},{"floor":48,"key":"reliquary:Buckler"},{"floor":54,"key":"CrazyTorch:ReiMu"},{"floor":54,"key":"Lantern"}],"event_choices":[{"damage_healed":0,"gold_gain":0,"player_choice":"Box","damage_taken":0,"relics_obtained":["reliquary:FeatherDuster"],"max_hp_gain":0,"max_hp_loss":0,"event_name":"Big Fish","floor":10,"gold_loss":0,"cards_obtained":["Regret"]},{"damage_healed":0,"gold_gain":0,"player_choice":"Read","damage_taken":0,"max_hp_gain":0,"max_hp_loss":0,"event_name":"The Library","floor":19,"gold_loss":0,"cards_obtained":["Hololive_CallMurasakiShion"]},{"damage_healed":0,"gold_gain":0,"player_choice":"Ωª≥ˆ…Òæ∆","damage_taken":0,"max_hp_gain":0,"max_hp_loss":0,"event_name":"ZunEvent","floor":22,"relics_lost":["ZunR:ReiMu"],"gold_loss":0,"cards_obtained":["ZunPunch:ReiMu"]},{"damage_healed":0,"gold_gain":0,"player_choice":"Inject Mutagens","damage_taken":0,"relics_obtained":["MutagenicStrength"],"max_hp_gain":0,"max_hp_loss":0,"event_name":"Drug Dealer","floor":27,"gold_loss":0},{"damage_healed":0,"gold_gain":0,"player_choice":"Damaged","damage_taken":7,"max_hp_gain":0,"max_hp_loss":0,"event_name":"Wheel of Change","floor":36,"gold_loss":0},{"cards_removed":["Hololive_WolfAndLamb"],"damage_healed":0,"gold_gain":0,"player_choice":"Removed Skill","damage_taken":0,"max_hp_gain":0,"max_hp_loss":0,"event_name":"Falling","floor":45,"gold_loss":0},{"damage_healed":0,"gold_gain":0,"player_choice":"Ignored","damage_taken":0,"max_hp_gain":0,"max_hp_loss":0,"event_name":"Tomb of Lord Red Mask","floor":47,"gold_loss":0}],"is_beta":false,"boss_relics":[{"not_picked":["RedLine:ReiMu","conspire:RunicOctahedron"],"picked":"Black Star"},{"not_picked":["Hololive_TopUpMoneyS","Velvet Choker"],"picked":"conspire:SeveredTorchhead"}],"items_purged_floors":[11,20,30,30,37,41],"is_endless":false,"potions_floor_spawned":[1,4,6,16,21,25,31,35,38,46],"ascension_level":4}}