{"host":"w7pthw6r6331n954","time":1613414740,"event":{"mods":["AchievementEnabler","Act Like it!","BaseMod","BetterRewards","Colored Map","Colored Powertips","Custom Start","Downfall","Hallownest","Hermit","Jorbs\u0027s Wanderer Trilogy","Minty Spire (QoL Compilation)","Replay The Spire","Shop Mod","StSLib","SuperFastMode"],"gold_per_floor":[113,113,113,126,145,145,177,234,258,269,287,287,297,311,311,407,407,424,424,435,446,446,446,446,458,458,557,585,585,608,36,36,145,145,181,181,191,191],"floor_reached":37,"language":"ENG","playtime":2348,"items_purged":["Decay"],"score":749,"play_id":"4a044092-eaea-4f43-a4ca-1a125cccee2b","local_time":"20210215134540","is_ascension_mode":true,"campfire_choices":[{"floor":6,"key":"REST"},{"floor":15,"key":"REST"},{"floor":24,"key":"REST"},{"floor":29,"key":"REST"},{"floor":32,"key":"REST"}],"circlet_count":0,"master_deck":["Strike_B","Strike_B","Strike_B","Defend_B+1","Defend_B","Defend_B+1","Defend_B","Zap","Dualcast","Magnetism","Sunder","Cold Snap","Tempest+1","Tempest","Gash","Gash","Stack","ReplayTheSpireMod:Splinters","Streamline","Seek","Beam Cell","Defragment","Ball Lightning","Rip and Tear","ReplayTheSpireMod:Omega Cannon","Go for the Eyes+1","Conserve Battery","ReplayGash","Trip","Capacitor","Reboot","Barrage","Thinking Ahead","Ball Lightning","The Bomb","Mind Blast","ReplayTheSpireMod:Brewmster","Go for the Eyes","Electrodynamics","Reinforced Body+1","Madness","Madness"],"relics":["Cracked Core","MerchantsRug","Dream Catcher","ReplayTheSpireMod:Lightbulb","Replay:Mystery Machine","PreservedInsect","SacredBark","Blue Doll","StrikeDummy","BranchBurnRelic","Replay:Bandana","Lantern","ReplayTheSpireMod:ShopPack","Omamori","Black Star"],"acts_visited":["Exordium","TheCity","TheBeyond"],"potions_floor_usage":[11,13,18,21,23,25,33,33,33,33,35],"damage_taken":[{"damage":0,"enemies":"2 Louse","floor":1,"turns":1},{"damage":0,"enemies":"Small Slimes","floor":4,"turns":2},{"damage":0,"enemies":"Jaw Worm","floor":5,"turns":3},{"damage":12,"enemies":"Gremlin Nob","floor":7,"turns":3},{"damage":23,"enemies":"Lots of Slimes","floor":10,"turns":4},{"damage":20,"enemies":"Exordium Wildlife","floor":11,"turns":3},{"damage":6,"enemies":"Gremlin Gang","floor":13,"turns":3},{"damage":6,"enemies":"Blue Slaver","floor":14,"turns":2},{"damage":31,"enemies":"The Guardian","floor":16,"turns":10},{"damage":22,"enemies":"Shell Parasite","floor":18,"turns":5},{"damage":0,"enemies":"Chosen","floor":20,"turns":4},{"damage":13,"enemies":"Centurion and Healer","floor":21,"turns":6},{"damage":0,"enemies":"Gremlin Leader","floor":23,"turns":1},{"damage":14,"enemies":"Sentry and Sphere","floor":25,"turns":4},{"damage":6,"enemies":"Slavers","floor":28,"turns":2},{"damage":42,"enemies":"Champ","floor":33,"turns":10},{"damage":6,"enemies":"3 Darklings","floor":35,"turns":4},{"damage":78,"enemies":"2 Orb Walkers","floor":37,"turns":4}],"seed_played":"3627925151854450650","potions_obtained":[{"floor":1,"key":"SmokeBomb"},{"floor":4,"key":"Regen Potion"},{"floor":8,"key":"FocusPotion"},{"floor":13,"key":"LiquidBronze"},{"floor":16,"key":"PowerPotion"},{"floor":18,"key":"ColorlessPotion"}],"is_trial":false,"path_per_floor":["M","?","?","M","M","R","E","?","T","M","M","T","M","M","R","B",null,"M","?","M","M","?","E","R","M","T","?","E","R","T","$","R","B",null,"M","?","?"],"character_chosen":"DEFECT","items_purchased":["MerchantsRug","Magnetism","Sunder","Lantern","ReplayTheSpireMod:ShopPack","Omamori","Thinking Ahead","Ball Lightning"],"campfire_rested":5,"item_purchase_floors":[0,0,0,31,31,31,31,31],"current_hp_per_floor":[60,60,48,48,48,70,58,58,58,35,24,24,18,12,34,3,57,35,35,35,22,22,22,44,30,30,30,24,46,46,46,68,66,73,67,58,0,0],"gold":191,"neow_bonus":"","is_daily":false,"chose_seed":false,"campfire_upgraded":0,"win_rate":0.0,"timestamp":1613414740,"path_taken":["M","?","?","M","M","R","E","?","T","?","?","?","?","?","R","BOSS","M","?","M","M","?","E","R","?","T","?","E","R","?","$","R","BOSS","M","?","?"],"items_purchased_type":["Relic","Card","Card","Relic","Relic","Relic","Card","Card"],"build_version":"2020-12-22","purchased_purges":1,"victory":false,"max_hp_per_floor":[75,75,75,75,75,75,75,75,75,75,75,75,75,75,75,75,75,75,75,75,75,75,75,75,75,75,75,75,75,75,75,75,75,75,75,75,75,75],"card_choices":[{"not_picked":["Barrage","FIFO Queue"],"picked":"Cold Snap","floor":1},{"not_picked":["Chaos","Static Discharge"],"picked":"Tempest","floor":4},{"not_picked":["Leap","Darkness"],"picked":"Gash","floor":5},{"not_picked":["Cold Snap","Coolheaded"],"picked":"Gash","floor":6},{"not_picked":["Coolheaded","Compile Driver"],"picked":"Stack","floor":7},{"not_picked":["Cold Snap","Crystallizer"],"picked":"Streamline","floor":8},{"not_picked":["BasicCrystalCard","Conserve Battery"],"picked":"Seek","floor":10},{"not_picked":["Crystallizer","Panic Button"],"picked":"Beam Cell","floor":11},{"not_picked":["Gash","Compile Driver"],"picked":"Defragment","floor":13},{"not_picked":["Sweeping Beam","BasicCrystalCard"],"picked":"Ball Lightning","floor":14},{"not_picked":["Leap","ReplayTheSpireMod:System Scan"],"picked":"Rip and Tear","floor":15},{"not_picked":["Amplify","Hyperbeam"],"picked":"ReplayTheSpireMod:Omega Cannon","floor":16},{"not_picked":["Rebound+1","Hologram"],"picked":"Go for the Eyes+1","floor":18},{"not_picked":["Turbo","Compile Driver+1"],"picked":"Conserve Battery","floor":20},{"not_picked":["Hello World","BasicCrystalCard"],"picked":"ReplayGash","floor":21},{"not_picked":["Compile Driver","Streamline"],"picked":"Capacitor","floor":25},{"not_picked":["Go for the Eyes","Ball Lightning"],"picked":"Reboot","floor":28},{"not_picked":["Compile Driver","BasicCrystalCard"],"picked":"Barrage","floor":29},{"not_picked":["Violence","ReplayTheSpireMod:Necrogeddon"],"picked":"The Bomb","floor":31},{"not_picked":["Impatience","Metamorphosis"],"picked":"Mind Blast","floor":31},{"not_picked":["Swift Strike","Violence"],"picked":"ReplayTheSpireMod:Brewmster","floor":31},{"not_picked":["Ball Lightning+1","Loop"],"picked":"Go for the Eyes","floor":32},{"not_picked":["ReplayRNGCard","Thunder Strike"],"picked":"Electrodynamics","floor":33},{"not_picked":["Streamline","Steam+1"],"picked":"Reinforced Body+1","floor":35}],"player_experience":1270422,"relics_obtained":[{"floor":7,"key":"Simple Rune"},{"floor":8,"key":"Matryoshka"},{"floor":9,"key":"ReplayTheSpireMod:Lightbulb"},{"floor":12,"key":"Replay:Mystery Machine"},{"floor":12,"key":"PreservedInsect"},{"floor":26,"key":"StrikeDummy"},{"floor":28,"key":"Dead Branch"},{"floor":30,"key":"Replay:Bandana"}],"event_choices":[{"damage_healed":0,"gold_gain":0,"player_choice":"Success","damage_taken":12,"relics_obtained":["Dream Catcher"],"max_hp_gain":0,"max_hp_loss":0,"event_name":"Scrap Ooze","floor":3,"gold_loss":0},{"damage_healed":0,"gold_gain":0,"player_choice":"1 cards matched","damage_taken":0,"max_hp_gain":0,"max_hp_loss":0,"event_name":"Match and Keep!","floor":22,"gold_loss":0,"cards_obtained":["Trip"]},{"damage_healed":0,"gold_gain":99,"player_choice":"Stole From Cult","damage_taken":0,"max_hp_gain":0,"max_hp_loss":0,"event_name":"Nest","floor":27,"gold_loss":0},{"damage_healed":0,"gold_gain":0,"player_choice":"Embrace Madness","damage_taken":9,"max_hp_gain":0,"max_hp_loss":0,"event_name":"Winding Halls","floor":36,"gold_loss":0,"cards_obtained":["Madness","Madness"]},{"damage_healed":0,"gold_gain":0,"player_choice":"Fight","damage_taken":0,"max_hp_gain":0,"max_hp_loss":0,"event_name":"Mysterious Sphere","floor":37,"gold_loss":0}],"is_beta":false,"boss_relics":[{"not_picked":["Replay:Wanted Poster","Coffee Dripper"],"picked":"SacredBark"},{"not_picked":["Runic Dome","Fusion Hammer"],"picked":"Black Star"}],"items_purged_floors":[31],"is_endless":false,"potions_floor_spawned":[1,4,10,13,16,18,23],"killed_by":"2 Orb Walkers","ascension_level":5}}