{"host":"gtoa8h4im74f14p0","time":1613415768,"event":{"mods":["AchievementEnabler","BaseMod","Better Silent Start","Block Reminder","Colored Powertips","Custom Start","Downfall","Hermit","Minty Spire (QoL Compilation)","Reliquary","Shop Mod","StSLib","Swap Starting Deck Mod","The Cursed","The Marked"],"gold_per_floor":[110,110,210,12,23,50,50,27,27,27,47,122,132,146,146,243,243,259,259,18,18,35,68,28,28,28,28,44,44,75,87,87,188,188,198,249,26,0,0,0,28,28,53,67,67,77,91,111,111,111],"floor_reached":51,"language":"ENG","playtime":3060,"items_purged":[],"score":838,"play_id":"17d35ec8-62d0-4050-9933-ec1d79084826","local_time":"20210215140248","is_ascension_mode":false,"campfire_choices":[{"data":"Fire Breathing","floor":7,"key":"SMITH"},{"data":"Fire Breathing","floor":15,"key":"SMITH"},{"floor":29,"key":"REST"},{"floor":32,"key":"REST"},{"floor":40,"key":"REST"},{"data":"Flame Barrier","floor":42,"key":"SMITH"},{"floor":49,"key":"REST"}],"circlet_count":0,"master_deck":["Reckless Charge+1","Reckless Charge","Reckless Charge","Reckless Charge+1","Wild Strike","Power Through","Power Through","Power Through","Power Through","Fire Breathing+1","Armaments","Armaments","Fire Breathing+1","Reckless Charge","Clothesline","Feel No Pain","Metallicize","Warcry","Feed","Pommel Strike+1","Battle Trance+1","Inflame","Flame Barrier+1","RitualDagger","Flex","Uppercut","Metallicize+1","Feed","Armaments","Dark Embrace+1","Inflame+1","Pummel","Anger","Entrench+1","Anger+1"],"relics":["Burning Blood","swapstartingdeckmod:DeadBlossom","ClockworkSouvenir","Bird Faced Urn","reliquary:RedPaperclip","reliquary:MedicineBall","PreservedInsect","reliquary:WeakTea","Frozen Egg 2","bronze:MakeshiftBattery","Champion Belt","Frozen Eye","Red Mask","Bag of Marbles","Omamori"],"acts_visited":["Exordium","TheCity","TheBeyond"],"potions_floor_usage":[23,23,33,48,50,50],"damage_taken":[{"damage":0,"enemies":"Small Slimes","floor":1,"turns":2},{"damage":0,"enemies":"Cultist","floor":5,"turns":4},{"damage":0,"enemies":"Lagavulin","floor":6,"turns":5},{"damage":0,"enemies":"2 Louse","floor":11,"turns":2},{"damage":5,"enemies":"Gremlin Gang","floor":13,"turns":4},{"damage":0,"enemies":"2 Fungi Beasts","floor":14,"turns":3},{"damage":4,"enemies":"The Guardian","floor":16,"turns":6},{"damage":17,"enemies":"Spheric Guardian","floor":18,"turns":4},{"damage":0,"enemies":"3 Byrds","floor":22,"turns":4},{"damage":8,"enemies":"Book of Stabbing","floor":23,"turns":5},{"damage":21,"enemies":"Snake Plant","floor":28,"turns":4},{"damage":20,"enemies":"Slavers","floor":30,"turns":5},{"damage":15,"enemies":"Centurion and Healer","floor":31,"turns":5},{"damage":15,"enemies":"Collector","floor":33,"turns":7},{"damage":0,"enemies":"3 Shapes","floor":35,"turns":3},{"damage":23,"enemies":"2 Orb Walkers","floor":36,"turns":4},{"damage":0,"enemies":"Nemesis","floor":41,"turns":5},{"damage":8,"enemies":"3 Darklings","floor":44,"turns":5},{"damage":0,"enemies":"Spire Growth","floor":46,"turns":5},{"damage":36,"enemies":"Writhing Mass","floor":47,"turns":6},{"damage":0,"enemies":"Transient","floor":48,"turns":5},{"damage":70,"enemies":"Time Eater","floor":50,"turns":9}],"seed_played":"-188682507167847343","potions_obtained":[{"floor":5,"key":"Weak Potion"},{"floor":6,"key":"sneckomod:MuddlingPotion"},{"floor":11,"key":"sneckomod:MuddlingPotion"},{"floor":13,"key":"FearPotion"},{"floor":18,"key":"Energy Potion"},{"floor":30,"key":"hexamod:SoulburnPotion"},{"floor":44,"key":"BlessingOfTheForge"},{"floor":47,"key":"FearPotion"},{"floor":48,"key":"SneckoOil"}],"is_trial":false,"path_per_floor":["M","?","?","$","M","E","R","$","T","?","M","?","M","M","R","B",null,"M","?","$","?","M","E","$","?","T","?","M","R","E","M","R","B",null,"M","?","$","?","$","R","E","R","T","M","?","M","M","M","R","B",null],"character_chosen":"IRONCLAD","items_purchased":["ClockworkSouvenir","Armaments","Clothesline","reliquary:MedicineBall","Flame Barrier","Frozen Eye","Inflame+1"],"campfire_rested":4,"item_purchase_floors":[4,4,8,20,24,37,37],"current_hp_per_floor":[80,64,64,64,67,70,70,70,70,70,74,63,63,69,69,72,80,66,66,66,66,72,71,71,71,71,65,51,63,53,48,61,55,86,86,68,68,68,68,81,86,86,86,84,84,86,60,69,82,23],"gold":111,"neow_bonus":"","is_daily":false,"chose_seed":false,"campfire_upgraded":3,"win_rate":0.0,"timestamp":1613415768,"path_taken":["M","?","?","$","?","E","R","$","T","?","?","?","M","M","R","BOSS","M","?","$","?","M","E","?","?","T","?","M","R","E","M","R","BOSS","M","?","$","?","?","R","E","R","T","?","?","M","M","M","R","BOSS"],"items_purchased_type":["Relic","Card","Card","Relic","Card","Relic","Card"],"build_version":"2020-12-22","purchased_purges":0,"victory":true,"max_hp_per_floor":[80,80,80,80,80,80,80,80,80,80,80,80,80,80,80,80,80,80,80,80,80,80,80,80,80,80,80,80,80,83,86,86,86,86,86,86,86,86,86,86,86,86,86,86,86,86,89,89,89,89],"card_choices":[{"not_picked":["Carnage","Heavy Blade"],"picked":"Armaments","floor":1},{"not_picked":["Twin Strike","Juggernaut"],"picked":"Fire Breathing","floor":5},{"not_picked":["Twin Strike","Clash"],"picked":"Reckless Charge","floor":6},{"not_picked":["Shrug It Off","Hemokinesis"],"picked":"Feel No Pain","floor":11},{"not_picked":["Headbutt","Heavy Blade"],"picked":"Metallicize","floor":13},{"not_picked":["Shrug It Off","Perfected Strike"],"picked":"Warcry","floor":14},{"not_picked":["Demon Form","Impervious"],"picked":"Feed","floor":16},{"not_picked":["Twin Strike","Heavy Blade"],"picked":"Pommel Strike+1","floor":18},{"not_picked":["Warcry","Hemokinesis"],"picked":"Battle Trance+1","floor":22},{"not_picked":["Warcry","Offering"],"picked":"Inflame","floor":23},{"not_picked":["Combust","Whirlwind"],"picked":"Flex","floor":28},{"not_picked":["Hemokinesis","Heavy Blade"],"picked":"Uppercut","floor":30},{"not_picked":["Perfected Strike+1","Flex"],"picked":"Metallicize+1","floor":31},{"not_picked":["Offering","Bludgeon"],"picked":"Feed","floor":33},{"not_picked":["Sever Soul+1","True Grit+1"],"picked":"Armaments","floor":35},{"not_picked":["Headbutt","Twin Strike"],"picked":"Dark Embrace+1","floor":36},{"not_picked":["Body Slam+1","Second Wind"],"picked":"Pummel","floor":41},{"not_picked":["Disarm+1","Armaments+1"],"picked":"Intimidate","floor":44},{"not_picked":["Shrug It Off","Twin Strike+1"],"picked":"Anger","floor":46},{"not_picked":["Twin Strike","Blood for Blood"],"picked":"Entrench+1","floor":47},{"not_picked":["Heavy Blade","Sever Soul+1"],"picked":"Anger+1","floor":48}],"player_experience":61436,"relics_obtained":[{"floor":6,"key":"reliquary:NewFriend"},{"floor":9,"key":"Ancient Tea Set"},{"floor":23,"key":"PreservedInsect"},{"floor":26,"key":"reliquary:WeakTea"},{"floor":30,"key":"Frozen Egg 2"},{"floor":36,"key":"Champion Belt"},{"floor":41,"key":"Bag of Marbles"},{"floor":43,"key":"Omamori"}],"event_choices":[{"damage_healed":0,"gold_gain":0,"player_choice":"Entered Light","damage_taken":16,"max_hp_gain":0,"max_hp_loss":0,"event_name":"Shining Light","floor":2,"gold_loss":0,"cards_upgraded":["Reckless Charge","Reckless Charge"]},{"damage_healed":0,"gold_gain":100,"player_choice":"Pray","damage_taken":0,"max_hp_gain":0,"max_hp_loss":0,"event_name":"Golden Shrine","floor":3,"gold_loss":0},{"damage_healed":0,"gold_gain":0,"player_choice":"Gave Potion","damage_taken":0,"relics_obtained":["Bird Faced Urn"],"max_hp_gain":0,"max_hp_loss":0,"event_name":"WeMeetAgain","floor":10,"gold_loss":0},{"damage_healed":0,"gold_gain":75,"player_choice":"Gather Gold","damage_taken":11,"max_hp_gain":0,"max_hp_loss":0,"event_name":"World of Goop","floor":12,"gold_loss":0},{"damage_healed":0,"gold_gain":0,"player_choice":"Ignored","damage_taken":0,"max_hp_gain":0,"max_hp_loss":0,"event_name":"Beggar","floor":19,"gold_loss":0},{"damage_healed":0,"gold_gain":0,"player_choice":"Joined the Cult","damage_taken":6,"max_hp_gain":0,"max_hp_loss":0,"event_name":"Nest","floor":27,"gold_loss":0,"cards_obtained":["RitualDagger"]},{"damage_healed":0,"gold_gain":0,"player_choice":"Fight","damage_taken":0,"max_hp_gain":0,"max_hp_loss":0,"event_name":"Mysterious Sphere","floor":36,"gold_loss":0},{"damage_healed":0,"gold_gain":0,"player_choice":"Paid","damage_taken":0,"relics_obtained":["Red Mask"],"max_hp_gain":0,"max_hp_loss":0,"event_name":"Tomb of Lord Red Mask","floor":38,"gold_loss":26},{"cards_removed":["Intimidate"],"damage_healed":0,"gold_gain":0,"player_choice":"Removed Skill","damage_taken":0,"max_hp_gain":0,"max_hp_loss":0,"event_name":"Falling","floor":45,"gold_loss":0}],"is_beta":false,"boss_relics":[{"not_picked":["Ectoplasm","reliquary:RedCape"],"picked":"reliquary:RedPaperclip"},{"not_picked":["Empty Cage","Coffee Dripper"],"picked":"bronze:MakeshiftBattery"}],"items_purged_floors":[],"is_endless":false,"potions_floor_spawned":[5,6,11,13,18,30,44,47,48],"ascension_level":0}}