{"host":"pj7egx7jkoz18hom","time":1613400814,"event":{"mods":["AchievementEnabler","BaseMod","Keyboard Shortcuts","Minty Spire (QoL Compilation)","SuperFastMode"],"gold_per_floor":[115,115,190,209,229,263,263,263,263],"floor_reached":8,"language":"KOR","playtime":219,"items_purged":[],"score":62,"play_id":"c2b78f13-7ff6-4ead-9460-65cc5d3f7cc5","local_time":"20210215235334","is_ascension_mode":true,"campfire_choices":[],"circlet_count":0,"master_deck":["Strike_G","Strike_G+1","Strike_G","Strike_G","Strike_G","Defend_G","Defend_G","Defend_G","Defend_G","Defend_G","Survivor","Neutralize","A Thousand Cuts","All Out Attack+1","Terror","Prepared","Backflip","Clumsy"],"relics":["Ring of the Snake","Molten Egg 2"],"acts_visited":["Exordium"],"potions_floor_usage":[5,6],"damage_taken":[{"damage":3,"enemies":"Small Slimes","floor":1,"turns":4},{"damage":0,"enemies":"2 Louse","floor":4,"turns":2},{"damage":6,"enemies":"Cultist","floor":5,"turns":3},{"damage":23,"enemies":"Lagavulin","floor":6,"turns":4},{"damage":0,"enemies":"3 Sentries","floor":8,"turns":1}],"seed_played":"-7081937283741590619","potions_obtained":[{"floor":1,"key":"ColorlessPotion"},{"floor":5,"key":"AttackPotion"}],"is_trial":false,"path_per_floor":["M","?","?","M","M","E","?","E"],"character_chosen":"THE_SILENT","items_purchased":[],"campfire_rested":0,"item_purchase_floors":[],"current_hp_per_floor":[67,53,42,42,36,13,13,13,13],"gold":263,"neow_bonus":"THREE_RARE_CARDS","is_daily":false,"chose_seed":false,"campfire_upgraded":0,"win_rate":0.0,"timestamp":1613400814,"path_taken":["M","?","?","M","M","E","?","E"],"items_purchased_type":[],"build_version":"2020-12-22","purchased_purges":0,"victory":false,"max_hp_per_floor":[70,70,70,70,70,70,70,70,70],"card_choices":[{"not_picked":["Adrenaline","Malaise"],"picked":"A Thousand Cuts","floor":0},{"not_picked":["Quick Slash","Dagger Throw"],"picked":"All Out Attack","floor":1},{"not_picked":["Flying Knee","Well Laid Plans"],"picked":"Terror","floor":4},{"not_picked":["Sucker Punch","Leg Sweep"],"picked":"Prepared","floor":5},{"not_picked":["Quick Slash+1","Riddle With Holes+1"],"picked":"Backflip","floor":6}],"player_experience":82112,"relics_obtained":[{"floor":6,"key":"Molten Egg 2"}],"event_choices":[{"damage_healed":0,"gold_gain":0,"player_choice":"Entered Light","damage_taken":14,"max_hp_gain":0,"max_hp_loss":0,"event_name":"Shining Light","floor":2,"gold_loss":0,"cards_upgraded":["All Out Attack","Strike_G"]},{"damage_healed":0,"gold_gain":75,"player_choice":"Gather Gold","damage_taken":11,"max_hp_gain":0,"max_hp_loss":0,"event_name":"World of Goop","floor":3,"gold_loss":0},{"damage_healed":0,"gold_gain":0,"cards_transformed":["Writhe"],"player_choice":"Transformed","damage_taken":0,"max_hp_gain":0,"max_hp_loss":0,"event_name":"Transmorgrifier","floor":7,"gold_loss":0,"cards_obtained":["Clumsy"]}],"is_beta":false,"boss_relics":[],"items_purged_floors":[],"is_endless":false,"potions_floor_spawned":[1,5],"killed_by":"3 Sentries","ascension_level":2}}