{"host":"6hzrz31j95f2y1pa","time":1613368287,"event":{"mods":["BaseMod","Colored Map","Downfall","Minty Spire (QoL Compilation)","StSLib"],"gold_per_floor":[99,116,131,142,242,142,142,12,43,143,168,80,77,106,130,142,142,142],"floor_reached":16,"language":"ENG","playtime":706,"items_purged":[],"score":198,"play_id":"4b0e1b06-4ba7-489a-b6d7-f6a4cb672104","local_time":"20210215005127","is_ascension_mode":true,"campfire_choices":[{"floor":1.0,"key":"RECALL"},{"floor":6,"key":"REST"},{"floor":12,"key":"REST"}],"circlet_count":0,"master_deck":["AscendersBane","hexamod:Strike","hexamod:Strike","hexamod:Strike","hexamod:Strike","hexamod:Defend","hexamod:Defend","hexamod:Defend","hexamod:Defend","hexamod:Sear","hexamod:Float+1","hexamod:HauntingEcho","hexamod:ExtraCrispy","hexamod:Incineration","hexamod:RadiantFlame","hexamod:AdvancingGuard","hexamod:StepThrough","hexamod:SwordOfDarkness","hexamod:FastForward"],"relics":["hexamod:SpiritBrand","Potion Belt","downfall:HeartBlessingRed","Singing Bowl","Slimebound:PreparedRelic","MawBank","downfall:HeartBlessingGreen"],"acts_visited":["Exordium"],"potions_floor_usage":[8,9,16,16,16],"damage_taken":[{"damage":2,"enemies":"Small Slimes","floor":2,"turns":5},{"damage":1,"enemies":"Cultist","floor":3,"turns":3},{"damage":2,"enemies":"Jaw Worm","floor":4,"turns":3},{"damage":27,"enemies":"downfall:LadyInBlue","floor":5,"turns":11},{"damage":0,"enemies":"downfall:FleeingMerchant","floor":8,"turns":4},{"damage":10,"enemies":"Gremlin Nob","floor":9,"turns":3},{"damage":8,"enemies":"Lagavulin","floor":11,"turns":5},{"damage":0,"enemies":"downfall:FleeingMerchant","floor":13,"turns":4},{"damage":9,"enemies":"Lots of Slimes","floor":14,"turns":4},{"damage":0,"enemies":"2 Fungi Beasts","floor":15,"turns":3},{"damage":57,"enemies":"WA_ARCHETYPE_RETAIN","floor":16,"turns":9}],"seed_played":"-3695421082986650901","potions_obtained":[{"floor":2,"key":"SpeedPotion"},{"floor":5,"key":"Block Potion"},{"floor":5,"key":"LiquidMemories"},{"floor":5,"key":"Fire Potion"},{"floor":9,"key":"BlessingOfTheForge"},{"floor":14,"key":"ColorlessPotion"}],"is_trial":false,"path_per_floor":["R","M","M","M","?","R","T","$","E","?","E","R","$","M","M","B"],"character_chosen":"THE_SPIRIT","items_purchased":["hexamod:StepThrough","hexamod:SwordOfDarkness"],"campfire_rested":2,"item_purchase_floors":[8,8],"current_hp_per_floor":[57,55,54,52,25,43,43,43,35,35,27,46,48,41,43,0,0,0],"gold":142,"neow_bonus":"UPGRADE_CARD","is_daily":false,"chose_seed":false,"campfire_upgraded":0,"win_rate":0.0,"timestamp":1613368287,"path_taken":["R","M","M","M","?","R","T","?","E","?","E","R","$","M","M","BOSS"],"items_purchased_type":["Card","Card"],"build_version":"2020-12-22","purchased_purges":0,"victory":false,"max_hp_per_floor":[63,63,63,63,63,63,63,63,65,65,65,65,67,69,71,71,71,71],"card_choices":[{"not_picked":["hexamod:FirstSeal","hexamod:InspiringFlames"],"picked":"hexamod:HauntingEcho","floor":2},{"not_picked":["hexamod:SecondSeal","hexamod:HeatShield"],"picked":"hexamod:ExtraCrispy","floor":3},{"not_picked":["hexamod:ExtraCrispy","hexamod:PhantomCloak"],"picked":"hexamod:Incineration","floor":4},{"not_picked":["hexamod:HauntingEcho","hexamod:Hexaguard"],"picked":"hexamod:RadiantFlame","floor":5},{"not_picked":["hexamod:UnleashSpirits","hexamod:ThirdSeal"],"picked":"hexamod:AdvancingGuard","floor":8},{"not_picked":["hexamod:RecurringNightmare","hexamod:NightmareGuise","hexamod:Firestarter"],"picked":"Singing Bowl","floor":9},{"not_picked":["hexamod:StepThrough","hexamod:Firestarter"],"picked":"hexamod:FastForward","floor":11},{"not_picked":["hexamod:FourthSeal","hexamod:RetreatToShadows","hexamod:AdvancingGuard"],"picked":"Singing Bowl","floor":13},{"not_picked":["hexamod:ShieldOfDarkness","hexamod:HeatMetal","hexamod:TurnItUp"],"picked":"Singing Bowl","floor":14},{"not_picked":["hexamod:SwordOfDarkness","hexamod:BacktrackSmack","hexamod:GhostLash"],"picked":"Singing Bowl","floor":15}],"player_experience":1442218,"relics_obtained":[{"floor":5,"key":"Potion Belt"},{"floor":7,"key":"Singing Bowl"},{"floor":9,"key":"Slimebound:PreparedRelic"},{"floor":11,"key":"MawBank"}],"event_choices":[],"is_beta":false,"boss_relics":[],"items_purged_floors":[],"is_endless":false,"potions_floor_spawned":[2,9,14,15],"killed_by":"WA_ARCHETYPE_RETAIN","ascension_level":16}}