{"host":"fbdlh90rovbiajun","time":1613348308,"event":{"mods":["AchievementEnabler","BaseMod","Colored Map","Keyboard Shortcuts","Minty Spire (QoL Compilation)","SuperFastMode"],"gold_per_floor":[118,118,193,193,63,63,75,94,94,94,108,108,108,108,108],"floor_reached":14,"language":"KOR","playtime":241,"items_purged":["Regret"],"score":78,"play_id":"4f76f595-4899-4591-8a83-5a005ead5f61","local_time":"20210215091828","is_ascension_mode":false,"campfire_choices":[{"data":"Footwork","floor":6,"key":"SMITH"},{"data":"Survivor","floor":10,"key":"SMITH"},{"data":"Neutralize","floor":13,"key":"SMITH"}],"circlet_count":0,"master_deck":["Strike_G","Strike_G","Strike_G","Strike_G","Strike_G","Defend_G","Defend_G","Defend_G","Defend_G","Defend_G","Survivor+1","Neutralize+1","Footwork+1","Blur+1","Expertise+1","PiercingWail+1","Injury"],"relics":["Ring of the Snake","NeowsBlessing","Smiling Mask","Toxic Egg 2","Pen Nib","Golden Idol"],"acts_visited":["Exordium"],"potions_floor_usage":[],"damage_taken":[{"damage":0,"enemies":"Small Slimes","floor":1,"turns":1},{"damage":0,"enemies":"2 Louse","floor":7,"turns":1},{"damage":0,"enemies":"Jaw Worm","floor":8,"turns":1},{"damage":0,"enemies":"2 Fungi Beasts","floor":11,"turns":6},{"damage":13,"enemies":"Gremlin Nob","floor":14,"turns":5}],"seed_played":"6704651203199417241","potions_obtained":[{"floor":1,"key":"GamblersBrew"},{"floor":7,"key":"EntropicBrew"}],"is_trial":false,"path_per_floor":["M","?","?","?","$","R","M","M","T","R","M","?","R","E"],"character_chosen":"THE_SILENT","items_purchased":["Footwork"],"campfire_rested":0,"item_purchase_floors":[5],"current_hp_per_floor":[70,67,56,56,56,56,56,56,56,56,56,56,56,43,43],"gold":108,"neow_bonus":"THREE_ENEMY_KILL","is_daily":false,"chose_seed":false,"campfire_upgraded":3,"win_rate":0.0,"timestamp":1613348308,"path_taken":["M","?","?","?","$","R","M","M","T","R","M","?","R","E"],"items_purchased_type":["Card"],"build_version":"2020-12-22","purchased_purges":1,"victory":false,"max_hp_per_floor":[70,70,70,70,70,70,70,70,70,70,70,70,70,70,70],"card_choices":[{"not_picked":["Masterful Stab","Sucker Punch","Outmaneuver"],"picked":"SKIP","floor":1},{"not_picked":["Reflex+1","Finisher"],"picked":"Blur+1","floor":7},{"not_picked":["Leg Sweep+1","Sucker Punch"],"picked":"Expertise+1","floor":8},{"not_picked":["Glass Knife","Poisoned Stab"],"picked":"PiercingWail+1","floor":11}],"player_experience":51946,"relics_obtained":[{"floor":9,"key":"Pen Nib"}],"event_choices":[{"damage_healed":0,"gold_gain":0,"player_choice":"Success","damage_taken":3,"relics_obtained":["Smiling Mask"],"max_hp_gain":0,"max_hp_loss":0,"event_name":"Scrap Ooze","floor":2,"gold_loss":0},{"damage_healed":0,"gold_gain":75,"player_choice":"Gather Gold","damage_taken":11,"max_hp_gain":0,"max_hp_loss":0,"event_name":"World of Goop","floor":3,"gold_loss":0},{"damage_healed":0,"gold_gain":0,"player_choice":"Box","damage_taken":0,"relics_obtained":["Toxic Egg 2"],"max_hp_gain":0,"max_hp_loss":0,"event_name":"Big Fish","floor":4,"gold_loss":0,"cards_obtained":["Regret"]},{"damage_healed":0,"gold_gain":0,"player_choice":"Take Wound","damage_taken":0,"relics_obtained":["Golden Idol"],"max_hp_gain":0,"max_hp_loss":0,"event_name":"Golden Idol","floor":12,"gold_loss":0,"cards_obtained":["Injury"]}],"is_beta":false,"boss_relics":[],"items_purged_floors":[5],"is_endless":false,"potions_floor_spawned":[1,7],"killed_by":"Gremlin Nob","ascension_level":0}}