{"host":"vlqej45p0v31lhdi","time":1613361509,"event":{"mods":["AchievementEnabler","BaseMod","Bestiary","Colored Powertips","Minty Spire (QoL Compilation)","Relic Stats"],"gold_per_floor":[115,130,15,15,33,33,66,66,92,92,50,100,129,156,156,238,238,249,41,68,97,97,97],"floor_reached":22,"language":"ENG","playtime":27243,"items_purged":[],"score":326,"play_id":"42e4b3aa-506c-4681-89b2-6f42b950a21b","local_time":"20210214215829","is_ascension_mode":true,"campfire_choices":[{"floor":6.0,"key":"REST"},{"data":"Spot Weakness","floor":8.0,"key":"SMITH"},{"data":"Carnage","floor":10.0,"key":"SMITH"},{"floor":15.0,"key":"REST"}],"circlet_count":0,"master_deck":["AscendersBane","Strike_R","Strike_R","Strike_R","Strike_R","Strike_R","Defend_R+1","Defend_R","Defend_R","Defend_R","Bash+1","Master of Strategy","Feel No Pain","Feel No Pain","Carnage+1","Pommel Strike","Spot Weakness+1","Thunderclap","Inflame","Ghostly Armor","Limit Break","Feed","Evolve","Blood for Blood","Blood for Blood"],"relics":["Burning Blood","Nunchaku","CeramicFish","Snecko Eye"],"acts_visited":["Exordium","TheCity"],"potions_floor_usage":[22],"damage_taken":[{"damage":0.0,"enemies":"2 Louse","floor":1.0,"turns":3.0},{"damage":6.0,"enemies":"Cultist","floor":2.0,"turns":3.0},{"damage":2.0,"enemies":"Jaw Worm","floor":5.0,"turns":6.0},{"damage":26.0,"enemies":"Gremlin Nob","floor":7.0,"turns":4.0},{"damage":6.0,"enemies":"3 Louse","floor":13.0,"turns":4.0},{"damage":24.0,"enemies":"Lots of Slimes","floor":14.0,"turns":4.0},{"damage":26.0,"enemies":"Slime Boss","floor":16.0,"turns":9.0},{"damage":27.0,"enemies":"Shell Parasite","floor":18.0,"turns":4.0},{"damage":4.0,"enemies":"Chosen","floor":20.0,"turns":3.0},{"damage":40.0,"enemies":"Snake Plant","floor":21.0,"turns":5.0},{"damage":23,"enemies":"Shelled Parasite and Fungi","floor":22,"turns":2}],"seed_played":"-6715410274845361676","potions_obtained":[{"floor":2.0,"key":"Strength Potion"},{"floor":16.0,"key":"FearPotion"},{"floor":20.0,"key":"Swift Potion"},{"floor":21.0,"key":"GamblersBrew"}],"is_trial":false,"path_per_floor":["M","M","$","?","M","R","E","R","T","R","$","?","M","M","R","B",null,"M","$","M","M","M"],"character_chosen":"IRONCLAD","items_purchased":["Feel No Pain","Carnage","Thunderclap","Feed","Evolve"],"campfire_rested":2,"item_purchase_floors":[3,3,11,19,19],"current_hp_per_floor":[56,56,56,33,37,59,39,39,39,39,39,32,32,14,36,16,60,39,39,44,13,0,0],"gold":97,"neow_bonus":"RANDOM_COLORLESS_2","is_daily":false,"chose_seed":false,"campfire_upgraded":2,"win_rate":0.0,"timestamp":1613361509,"path_taken":["M","M","$","?","M","R","E","R","T","R","$","?","M","M","R","BOSS","M","$","M","M","?"],"items_purchased_type":["Card","Card","Card","Card","Card"],"build_version":"2020-12-22","purchased_purges":0,"victory":false,"max_hp_per_floor":[75,75,75,75,75,75,75,75,75,75,75,75,75,75,75,75,75,75,75,78,81,84,84],"relic_stats":{"Nunchaku":[5],"counters":[11,47],"CeramicFish":72,"Snecko Eye":[24,20,32,31],"obtain_stats":[{"Nunchaku":7,"CeramicFish":9,"Snecko Eye":17,"Burning Blood":0},{"Nunchaku":4,"CeramicFish":4,"Snecko Eye":7,"Burning Blood":0},{"Nunchaku":16,"CeramicFish":16,"Snecko Eye":33,"Burning Blood":0}],"Burning Blood":60},"card_choices":[{"not_picked":["The Bomb","Transmutation"],"picked":"Master of Strategy","floor":0.0},{"not_picked":["Sentinel","Perfected Strike","Power Through"],"picked":"SKIP","floor":1.0},{"not_picked":["Pommel Strike","Flex"],"picked":"Feel No Pain","floor":2.0},{"not_picked":["Fire Breathing","Inflame"],"picked":"Pommel Strike","floor":5.0},{"not_picked":["Dropkick","Intimidate"],"picked":"Spot Weakness","floor":7.0},{"not_picked":["Armaments","Intimidate"],"picked":"Inflame","floor":13.0},{"not_picked":["Iron Wave","Warcry"],"picked":"Ghostly Armor","floor":14.0},{"not_picked":["Offering","Juggernaut"],"picked":"Limit Break","floor":16.0},{"not_picked":["Rage","True Grit","Warcry"],"picked":"SKIP","floor":18.0},{"not_picked":["Thunderclap","Armaments"],"picked":"Blood for Blood","floor":20.0},{"not_picked":["Cleave","Pommel Strike"],"picked":"Blood for Blood","floor":21.0}],"player_experience":2846373,"relics_obtained":[{"floor":7.0,"key":"Nunchaku"},{"floor":9.0,"key":"CeramicFish"}],"event_choices":[{"damage_healed":0.0,"max_hp_gain":0.0,"max_hp_loss":0.0,"gold_gain":0.0,"event_name":"Shining Light","player_choice":"Entered Light","floor":4.0,"gold_loss":0.0,"damage_taken":23.0,"cards_upgraded":["Bash","Defend_R"]},{"damage_healed":0.0,"max_hp_gain":0.0,"max_hp_loss":0.0,"gold_gain":50.0,"event_name":"FaceTrader","player_choice":"Touch","floor":12.0,"gold_loss":0.0,"damage_taken":7.0}],"is_beta":false,"boss_relics":[{"not_picked":["Pandora\u0027s Box","Velvet Choker"],"picked":"Snecko Eye"}],"items_purged_floors":[],"is_endless":false,"potions_floor_spawned":[2,16,20,21],"killed_by":"Shelled Parasite and Fungi","ascension_level":15}}