{"host":"y89x8uui45kcjy42","time":1613370730,"event":{"mods":["2.2 Compatiblity","BaseMod","CapriCore","Colored Map","Colored Powertips","Custom Start","Friendly Minions","Keyboard Shortcuts","Minty Spire (QoL Compilation)","Relic Stats","Slay the Relics Exporter","StSLib","SuperFastMode","Uncapped"],"gold_per_floor":[116,59,79,99,149,149,149,149,149,149,167,187,19,45,45,117,117,136,61,61,61,77,77,88,120,143,169,185,110,110,139,139,139,139],"floor_reached":33,"language":"KOR","playtime":958,"items_purged":["Fire Breathing"],"score":756,"play_id":"3467ba17-dd87-486e-ae15-327412ec9e0d","local_time":"20210215153210","is_ascension_mode":true,"campfire_choices":[{"data":"Pommel Strike","floor":6.0,"key":"SMITH"},{"data":"Evolve","floor":7.0,"key":"SMITH"},{"data":"Bash","floor":8.0,"key":"SMITH"},{"data":"Shrug It Off","floor":10.0,"key":"SMITH"},{"data":"Shockwave","floor":15.0,"key":"SMITH"},{"floor":23.0,"key":"REST"},{"floor":32,"key":"REST"}],"circlet_count":0,"master_deck":["Shrug It Off+1","Evolve+1","Pommel Strike+1","Shockwave+1","Wild Strike+1","Feel No Pain+1","Power Through+1","Second Wind+1","Reckless Charge+1"],"relics":["Burning Blood","Champion Belt","Mummified Hand","Medical Kit","Eternal Feather","Fusion Hammer","PreservedInsect","WingedGreaves","Omamori","Kunai","Bag of Marbles"],"acts_visited":["Exordium","TheCity"],"potions_floor_usage":[],"damage_taken":[{"damage":6.0,"enemies":"Cultist","floor":1.0,"turns":3.0},{"damage":8.0,"enemies":"Jaw Worm","floor":3.0,"turns":5.0},{"damage":7.0,"enemies":"Small Slimes","floor":4.0,"turns":4.0},{"damage":23.0,"enemies":"3 Louse","floor":11.0,"turns":3.0},{"damage":22.0,"enemies":"Lots of Slimes","floor":12.0,"turns":6.0},{"damage":37.0,"enemies":"3 Sentries","floor":14.0,"turns":7.0},{"damage":76.0,"enemies":"Hexaghost","floor":16.0,"turns":11.0},{"damage":12.0,"enemies":"Shell Parasite","floor":18.0,"turns":5.0},{"damage":0.0,"enemies":"Chosen","floor":22.0,"turns":3.0},{"damage":0,"enemies":"3 Cultists","floor":24,"turns":4},{"damage":0,"enemies":"Book of Stabbing","floor":25,"turns":3},{"damage":0,"enemies":"Gremlin Leader","floor":27,"turns":3},{"damage":0,"enemies":"Chosen and Byrds","floor":28,"turns":4},{"damage":0,"enemies":"Slavers","floor":31,"turns":4},{"damage":0,"enemies":"Champ","floor":33,"turns":2}],"seed_played":"2232161634947093882","potions_obtained":[{"floor":11.0,"key":"Explosive Potion"},{"floor":12.0,"key":"BlessingOfTheForge"},{"floor":14.0,"key":"Weak Potion"},{"floor":22.0,"key":"Energy Potion"},{"floor":28,"key":"DuplicationPotion"},{"floor":31,"key":"SteroidPotion"}],"is_trial":false,"path_per_floor":["M","$","M","M","?","R","R","R","T","R","M","M","$","E","R","B",null,"M","?","?","$","M","R","M","E","T","E","M","$","T","E","R","B"],"character_chosen":"IRONCLAD","items_purchased":["Shrug It Off","Medical Kit"],"campfire_rested":2,"item_purchase_floors":[2,13],"current_hp_per_floor":[75,75,73,72,65,65,65,65,65,65,48,32,32,71,74,75,75,69,69,85,85,85,85,85,85,85,85,85,85,85,85,85,85,85],"gold":139,"neow_bonus":"ONE_RARE_RELIC","is_daily":false,"chose_seed":false,"campfire_upgraded":5,"win_rate":0.0,"timestamp":1613370730,"path_taken":["M","?","M","M","?","R","R","R","T","R","?","M","$","E","R","BOSS","M","?","?","$","?","R","M","E","T","E","M","$","?","E","R","BOSS"],"items_purchased_type":["Card","Relic"],"build_version":"2020-12-22","purchased_purges":1,"victory":false,"max_hp_per_floor":[75,75,75,75,75,75,75,75,75,75,75,75,75,75,75,75,75,75,75,85,85,85,85,85,85,85,85,85,85,85,85,85,85,85],"relic_stats":{"counters":[15,67],"Mummified Hand":[30],"Eternal Feather":3,"PreservedInsect":88,"Champion Belt":[34],"Kunai":[3],"Medical Kit":[13],"obtain_stats":[{"Mummified Hand":9,"Eternal Feather":14,"WingedGreaves":6,"Fusion Hammer":17,"PreservedInsect":26,"Omamori":27,"Bag of Marbles":31,"Champion Belt":0,"Kunai":30,"Medical Kit":13,"Burning Blood":0},{"Mummified Hand":3,"Eternal Feather":6,"WingedGreaves":3,"Fusion Hammer":7,"PreservedInsect":11,"Omamori":12,"Bag of Marbles":14,"Champion Belt":0,"Kunai":13,"Medical Kit":5,"Burning Blood":0},{"Mummified Hand":12,"Eternal Feather":28,"WingedGreaves":12,"Fusion Hammer":39,"PreservedInsect":54,"Omamori":57,"Bag of Marbles":65,"Champion Belt":0,"Kunai":61,"Medical Kit":21,"Burning Blood":0}],"Burning Blood":43},"card_choices":[{"not_picked":["Perfected Strike","Blood for Blood","Clothesline"],"picked":"SKIP","floor":1.0},{"not_picked":["Twin Strike","Rampage"],"picked":"Evolve","floor":3.0},{"not_picked":["Sword Boomerang","Anger"],"picked":"Pommel Strike","floor":4.0},{"not_picked":["Sword Boomerang","Perfected Strike","Pommel Strike"],"picked":"SKIP","floor":11.0},{"not_picked":["Sword Boomerang","Perfected Strike","Pommel Strike"],"picked":"SKIP","floor":11.0},{"not_picked":["Flex","Perfected Strike","Sword Boomerang"],"picked":"SKIP","floor":12.0},{"not_picked":["Exhume","Cleave"],"picked":"Shockwave","floor":14.0},{"not_picked":["Havoc","Warcry"],"picked":"Reckless Charge+1","floor":18.0},{"not_picked":["Flex","Sword Boomerang"],"picked":"Fire Breathing","floor":22.0},{"not_picked":["Clothesline","Warcry","Body Slam"],"picked":"SKIP","floor":24},{"not_picked":["Rupture","Second Wind+1","Inflame"],"picked":"SKIP","floor":25},{"not_picked":["Perfected Strike","Second Wind","Inflame"],"picked":"SKIP","floor":27},{"not_picked":["Warcry","Heavy Blade+1","Clothesline"],"picked":"SKIP","floor":28},{"not_picked":["Berserk","Rupture","Havoc"],"picked":"SKIP","floor":31}],"player_experience":693190,"relics_obtained":[{"floor":9.0,"key":"Mummified Hand"},{"floor":14.0,"key":"Eternal Feather"},{"floor":26,"key":"PreservedInsect"},{"floor":27,"key":"Omamori"},{"floor":30,"key":"Kunai"},{"floor":31,"key":"Bag of Marbles"}],"event_choices":[{"damage_healed":0.0,"max_hp_gain":0.0,"max_hp_loss":0.0,"gold_gain":50.0,"event_name":"FaceTrader","player_choice":"Touch","floor":5.0,"gold_loss":0.0,"damage_taken":7.0},{"cards_removed":["Bash"],"damage_healed":0.0,"max_hp_gain":0.0,"max_hp_loss":0.0,"gold_gain":0.0,"event_name":"Beggar","player_choice":"Gave Gold","floor":19.0,"gold_loss":75.0,"damage_taken":0.0},{"cards_removed":["Barricade"],"damage_healed":6.0,"max_hp_gain":10.0,"max_hp_loss":0.0,"gold_gain":0.0,"event_name":"Bonfire Elementals","player_choice":"Offered Rare","floor":20.0,"gold_loss":0.0,"damage_taken":0.0}],"is_beta":false,"boss_relics":[{"not_picked":["Tiny House","Velvet Choker"],"picked":"Fusion Hammer"}],"items_purged_floors":[29],"is_endless":false,"potions_floor_spawned":[11,12,14,22,28,31],"killed_by":"Champ","ascension_level":20}}