{"host":"6hzrz31j95f2y1pa","time":1613379254,"event":{"mods":["BaseMod","Colored Map","Downfall","Minty Spire (QoL Compilation)","StSLib"],"gold_per_floor":[99,117,117,117,117,27,27,38,38,56,69,97,172,205,216,311,311,211,225,64,64,164,176,176,187,221,240,269,283,302,337,348,452,452,352,72,85,85,85,114,114,14,44,57,57,70,70,70,89,89,89,115,115,115,115,115],"floor_reached":57,"language":"ENG","playtime":2889,"items_purged":["Slimebound:Defend_Slimebound","Slimebound:Strike_Slimebound"],"score":1478,"play_id":"a51f5617-e5a1-4638-a828-bbef2b1590b4","local_time":"20210215035414","is_ascension_mode":true,"campfire_choices":[{"data":"Slimebound:OozeBath","floor":1,"key":"SMITH"},{"data":"Slimebound:HauntingLick","floor":9,"key":"SMITH"},{"data":"Slimebound:LeechingTouch","floor":18,"key":"SMITH"},{"floor":35,"key":"RECALL"},{"data":"Slimebound:AcidTongue","floor":42,"key":"SMITH"},{"data":"Slimebound:SlimeBarrage","floor":45,"key":"SMITH"},{"data":"Slimebound:OneTwoCombo","floor":47,"key":"SMITH"},{"floor":54,"key":"REST"}],"circlet_count":0,"master_deck":["Slimebound:Strike_Slimebound+1","Slimebound:Tackle","Slimebound:Defend_Slimebound","Slimebound:Defend_Slimebound+1","Slimebound:Split","Slimebound:CorrosiveSpit","Slimebound:OozeBath+1","Slimebound:SplitSpecialist","Slimebound:MassRepurpose","Slimebound:LivingWall","Slimebound:HauntingLick+1","Slimebound:AcidTongue","Slimebound:SplitBruiser","Slimebound:LeechingTouch+1","Slimebound:Prepare","Slimebound:OneTwoCombo","Slimebound:LeechEnergy","Slimebound:Recollect","Slimebound:DisruptingSlam","Slimebound:Schlurp","Slimebound:LeadByExample","Slimebound:AcidTongue+1","Slimebound:Recollect+1","Slimebound:SlimeBarrage+1","Slimebound:TagTeam+1","Slimebound:WasteNot","Slimebound:Gluttony","Slimebound:SplitLeeching+1","Slimebound:PressTheAttack","Slimebound:SplitSpecialist+1","Slimebound:SpikyOuterGoop","Slimebound:OneTwoCombo+1"],"relics":["Slimebound:AbsorbEndCombat","downfall:ShatteredFragment","Vajra","Pen Nib","Philosopher\u0027s Stone","downfall:HeartBlessingBlue","hexamod:BolsterEngine","PreservedInsect","Boot","Mummified Hand","Kunai","Cursed Key","downfall:HeartBlessingGreen","HandDrill","Bottled Lightning","Whetstone","downfall:HeartBlessingRed","War Paint","Slimebound:PreparedRelic"],"acts_visited":["Exordium","TheCity","TheBeyond","TheEnding"],"potions_floor_usage":[11,14,16,33,50,52,52,56,56],"damage_taken":[{"damage":0,"enemies":"Small Slimes","floor":2,"turns":3},{"damage":0,"enemies":"downfall:FleeingMerchant","floor":6,"turns":4},{"damage":0,"enemies":"Jaw Worm","floor":8,"turns":3},{"damage":0,"enemies":"Cultist","floor":10,"turns":3},{"damage":6,"enemies":"Gremlin Gang","floor":11,"turns":4},{"damage":39,"enemies":"Gremlin Nob","floor":12,"turns":4},{"damage":20,"enemies":"3 Sentries","floor":14,"turns":5},{"damage":11,"enemies":"Exordium Thugs","floor":15,"turns":3},{"damage":5,"enemies":"WA_ARCHETYPE_RETAIN","floor":16,"turns":5},{"damage":8,"enemies":"Shell Parasite","floor":19,"turns":3},{"damage":15,"enemies":"downfall:FleeingMerchant","floor":20,"turns":4},{"damage":14,"enemies":"downfall:LooterAlt2","floor":23,"turns":4},{"damage":7,"enemies":"Snecko","floor":25,"turns":4},{"damage":0,"enemies":"Gremlin Leader","floor":26,"turns":4},{"damage":4,"enemies":"Cultist and Chosen","floor":27,"turns":4},{"damage":18,"enemies":"Book of Stabbing","floor":28,"turns":4},{"damage":6,"enemies":"Centurion and Healer","floor":29,"turns":4},{"damage":2,"enemies":"Chosen and Byrds","floor":30,"turns":4},{"damage":4,"enemies":"Slavers","floor":31,"turns":3},{"damage":4,"enemies":"3 Cultists","floor":32,"turns":5},{"damage":30,"enemies":"DF_ARCHETYPE_CLAW","floor":33,"turns":8},{"damage":6,"enemies":"downfall:FleeingMerchant","floor":36,"turns":4},{"damage":11,"enemies":"Orb Walker","floor":37,"turns":3},{"damage":1,"enemies":"Giant Head","floor":40,"turns":6},{"damage":27,"enemies":"Reptomancer","floor":43,"turns":4},{"damage":0,"enemies":"3 Shapes","floor":44,"turns":3},{"damage":1,"enemies":"Transient","floor":46,"turns":5},{"damage":11,"enemies":"4 Shapes","floor":49,"turns":4},{"damage":25,"enemies":"IC_BLOCK_ARCHETYPE","floor":50,"turns":5},{"damage":48,"enemies":"downfall:CharBossMerchant","floor":52,"turns":5},{"damage":16,"enemies":"downfall:NeowBoss","floor":55,"turns":15},{"damage":33,"enemies":"downfall:NeowBossFinal","floor":56,"turns":8}],"seed_played":"3417006557933532338","potions_obtained":[{"floor":2,"key":"Slimebound:SlimyTonguePotion"},{"floor":8,"key":"ColorlessPotion"},{"floor":12,"key":"Fire Potion"},{"floor":15,"key":"PowerPotion"},{"floor":25,"key":"Regen Potion"},{"floor":26,"key":"SpeedPotion"},{"floor":29,"key":"Slimebound:SpawnSlimePotion"},{"floor":33,"key":"SneckoOil"},{"floor":43,"key":"EntropicBrew"},{"floor":52,"key":"Slimebound:SpawnSlimePotion"}],"is_trial":false,"path_per_floor":["R","M","?","?","?","$","T","M","R","M","M","E","?","E","M","B",null,"R","M","$","?","?","M","T","M","E","M","E","M","M","E","M","B",null,"R","$","M","?","$","E","T","R","E","M","R","M","R","?","M","B",null,"E","$","R","B","B",null],"character_chosen":"SLIMEBOUND","items_purchased":["hexamod:BolsterEngine","HandDrill","Slimebound:Gluttony","Slimebound:SplitLeeching","Bottled Lightning"],"campfire_rested":1,"item_purchase_floors":[20,36,36,36,36],"current_hp_per_floor":[65,65,65,47,47,55,55,59,59,63,61,30,30,16,11,14,65,75,73,64,64,64,58,58,59,61,61,49,49,55,59,61,39,75,75,75,68,68,68,74,74,74,50,52,52,59,59,59,50,33,75,39,39,61,53,28],"gold":115,"neow_bonus":"ONE_RANDOM_RARE_CARD","is_daily":false,"chose_seed":false,"campfire_upgraded":6,"win_rate":0.0,"timestamp":1613379254,"path_taken":["R","M","?","?","?","$","T","M","R","M","M","E","?","E","M","BOSS","R","M","$","?","?","M","T","M","E","M","E","?","?","E","M","BOSS","R","$","M","?","$","E","T","R","E","M","R","M","R","?","M","BOSS","E","$","R","BOSS","BOSS"],"items_purchased_type":["Relic","Relic","Card","Card","Relic"],"build_version":"2020-12-22","purchased_purges":2,"victory":true,"max_hp_per_floor":[65,65,65,65,65,65,65,65,65,65,65,65,65,65,65,65,65,75,75,75,75,75,75,75,75,75,75,75,75,75,75,75,75,75,75,75,75,75,75,75,75,75,75,75,75,75,75,75,75,75,75,75,75,75,75,75],"card_choices":[{"not_picked":["Slimebound:AcidTongue","Slimebound:ComboTackle"],"picked":"Slimebound:SplitSpecialist","floor":2},{"not_picked":["Slimebound:WasteNot","Slimebound:ComboTackle"],"picked":"Slimebound:LivingWall","floor":6},{"not_picked":["Slimebound:GoopTackle","Slimebound:FinishingTackle"],"picked":"Slimebound:HauntingLick","floor":8},{"not_picked":["Slimebound:ServeAndProtect","Slimebound:ComboTackle"],"picked":"Slimebound:AcidTongue","floor":10},{"not_picked":["Slimebound:GoopTackle","Slimebound:HauntingLick","Slimebound:FormOfPuddle"],"picked":"SKIP","floor":11},{"not_picked":["Slimebound:SplitLeeching","Slimebound:SelfFormingGoo"],"picked":"Slimebound:SplitBruiser","floor":12},{"not_picked":["Slimebound:ServeAndProtect","Slimebound:RejuvenatingLick"],"picked":"Slimebound:LeechingTouch","floor":14},{"not_picked":["Slimebound:RollThrough","Slimebound:SlimeBrawl"],"picked":"Slimebound:Prepare","floor":15},{"not_picked":["Slimebound:CheckThePlaybook","Slimebound:FirmFortitude"],"picked":"Slimebound:OneTwoCombo","floor":16},{"not_picked":["Slimebound:FormOfPuddle","Slimebound:LivingWall"],"picked":"Slimebound:LeechEnergy","floor":19},{"not_picked":["Slimebound:ProtectTheBoss","Slimebound:RollThrough"],"picked":"Slimebound:Recollect","floor":20},{"not_picked":["Slimebound:ComboTackle+1","Slimebound:Nibble+1","Slimebound:LeechingTouch"],"picked":"SKIP","floor":23},{"not_picked":["Slimebound:LeechEnergy","Slimebound:GoopTackle"],"picked":"Slimebound:DisruptingSlam","floor":25},{"not_picked":["Slimebound:DivideAndConquer+1","Slimebound:HungryTackle","Slimebound:Chomp+1"],"picked":"SKIP","floor":26},{"not_picked":["Slimebound:DivideAndConquer+1","Slimebound:HungryTackle","Slimebound:Chomp+1"],"picked":"SKIP","floor":26},{"not_picked":["Slimebound:RejuvenatingLick","Slimebound:Recollect"],"picked":"Slimebound:Schlurp","floor":27},{"not_picked":["Slimebound:FinishingTackle","Slimebound:Schlurp"],"picked":"Slimebound:LeadByExample","floor":28},{"not_picked":["Slimebound:GoopTackle","Slimebound:ComboTackle"],"picked":"Slimebound:AcidTongue","floor":29},{"not_picked":["Slimebound:Chomp","Slimebound:Prepare"],"picked":"Slimebound:Recollect+1","floor":30},{"not_picked":["Slimebound:ViciousTackle","Slimebound:Prepare"],"picked":"Slimebound:SlimeBarrage","floor":31},{"not_picked":["Slimebound:Dissolve","Slimebound:GoopSpray","Slimebound:Prepare+1"],"picked":"SKIP","floor":32},{"not_picked":["Slimebound:DuplicatedForm","Slimebound:OozeBath"],"picked":"Slimebound:TagTeam","floor":33},{"not_picked":["Slimebound:AcidTongue","Slimebound:LeechEnergy"],"picked":"Slimebound:WasteNot","floor":36},{"not_picked":["Slimebound:Equalize","Slimebound:LivingWall+1","Slimebound:MegaLick"],"picked":"SKIP","floor":37},{"not_picked":["Slimebound:GoopTackle","Slimebound:Chomp+1"],"picked":"Slimebound:PressTheAttack","floor":40},{"not_picked":["Slimebound:Recollect","Slimebound:HauntingLick+1"],"picked":"Slimebound:SplitSpecialist+1","floor":43},{"not_picked":["Slimebound:GoopTackle+1","Slimebound:Schlurp"],"picked":"Slimebound:SpikyOuterGoop","floor":44},{"not_picked":["Slimebound:BestDefense","Slimebound:SplitAcid"],"picked":"Slimebound:OneTwoCombo","floor":46},{"not_picked":["Slimebound:DisruptingSlam","Slimebound:Prepare+1","Slimebound:LeechEnergy"],"picked":"SKIP","floor":49},{"not_picked":["Slimebound:Dissolve","Slimebound:MegaLick","Slimebound:LeechingTouch"],"picked":"SKIP","floor":52}],"player_experience":1445937,"relics_obtained":[{"floor":12,"key":"Vajra"},{"floor":14,"key":"Pen Nib"},{"floor":24,"key":"PreservedInsect"},{"floor":26,"key":"Boot"},{"floor":28,"key":"Mummified Hand"},{"floor":31,"key":"Kunai"},{"floor":40,"key":"Whetstone"},{"floor":43,"key":"War Paint"},{"floor":52,"key":"Slimebound:PreparedRelic"}],"event_choices":[{"damage_healed":0,"gold_gain":0,"cards_transformed":["Slimebound:Defend_Slimebound"],"player_choice":"Change","damage_taken":0,"max_hp_gain":0,"max_hp_loss":0,"event_name":"Living Wall","floor":5,"gold_loss":0,"cards_obtained":["Slimebound:MassRepurpose"]},{"damage_healed":0,"gold_gain":0,"player_choice":"Ignored","damage_taken":0,"max_hp_gain":0,"max_hp_loss":0,"event_name":"Ghosts","floor":21,"gold_loss":0},{"damage_healed":0,"gold_gain":0,"player_choice":"Got Potions","damage_taken":0,"max_hp_gain":0,"max_hp_loss":0,"event_name":"Lab","floor":48,"gold_loss":0}],"is_beta":false,"boss_relics":[{"not_picked":["Pandora\u0027s Box","Calling Bell"],"picked":"Philosopher\u0027s Stone"},{"not_picked":["Empty Cage","Runic Dome"],"picked":"Cursed Key"}],"items_purged_floors":[6,36],"is_endless":false,"potions_floor_spawned":[2,8,12,15,25,26,28,29,32,33,43,44,49,52],"ascension_level":4}}