{"host":"dztixnx9b0gu6w9i","time":1613431601,"event":{"mods":["BaseMod","Bestiary","Minty Spire (QoL Compilation)","Relic Stats","Slay the Relics Exporter","SpireBot","ojb\u0027s Better Paths Mod","ojb\u0027s Info Mod"],"gold_per_floor":[110,130,130,144,144,144,174,174,174,199,214,243,208,221,221,295,295,315,315,315,54,71,103,103,103,103],"floor_reached":25,"language":"ENG","playtime":2129,"items_purged":[],"score":478,"play_id":"fd6104df-263a-4e77-b4a9-29958d3d407d","local_time":"20210215182641","is_ascension_mode":true,"campfire_choices":[{"data":"Barrage","floor":6,"key":"SMITH"},{"data":"Static Discharge","floor":8,"key":"SMITH"},{"data":"Reinforced Body","floor":15,"key":"SMITH"}],"circlet_count":0,"master_deck":["AscendersBane","Zap","Dualcast","Cold Snap","Rebound","FTL","Barrage+1","Static Discharge+1","Core Surge","Reinforced Body+1","Stack","Seek","Capacitor","Chill","Steam","Loop","Beam Cell","Compile Driver","Conserve Battery","Ghostly","Ghostly","Ghostly","Self Repair","Defragment","Thunder Strike"],"relics":["Cracked Core","Darkstone Periapt","Matryoshka","Bronze Scales","Bottled Tornado","Dream Catcher","Centennial Puzzle","Pandora\u0027s Box","Runic Capacitor","Lantern"],"acts_visited":["Exordium","TheCity"],"potions_floor_usage":[11,12,12,23],"damage_taken":[{"damage":0,"enemies":"Cultist","floor":1,"turns":4},{"damage":1,"enemies":"Small Slimes","floor":2,"turns":4},{"damage":2,"enemies":"Jaw Worm","floor":4,"turns":2},{"damage":30,"enemies":"Gremlin Nob","floor":7,"turns":4},{"damage":31,"enemies":"Lagavulin","floor":10,"turns":6},{"damage":0,"enemies":"2 Fungi Beasts","floor":11,"turns":3},{"damage":3,"enemies":"3 Sentries","floor":12,"turns":4},{"damage":0,"enemies":"Large Slime","floor":14,"turns":4},{"damage":16,"enemies":"Hexaghost","floor":16,"turns":6},{"damage":2,"enemies":"Spheric Guardian","floor":18,"turns":3},{"damage":13,"enemies":"Shell Parasite","floor":22,"turns":4},{"damage":17,"enemies":"Book of Stabbing","floor":23,"turns":3},{"damage":17,"enemies":"Centurion and Healer","floor":25,"turns":1}],"seed_played":"-3013642473951342459","potions_obtained":[{"floor":2,"key":"Energy Potion"},{"floor":10,"key":"Block Potion"},{"floor":11,"key":"BlessingOfTheForge"},{"floor":14,"key":"CultistPotion"},{"floor":18,"key":"Fire Potion"}],"is_trial":false,"path_per_floor":["M","M","?","M","?","R","E","R","T","E","M","E","?","M","R","B",null,"M","?","?","$","M","E","?","M"],"character_chosen":"DEFECT","items_purchased":["Runic Capacitor","Self Repair"],"campfire_rested":0,"item_purchase_floors":[21,21],"current_hp_per_floor":[71,70,70,68,68,68,38,38,38,7,7,4,23,23,23,7,60,58,39,30,30,24,14,14,0,0],"gold":103,"neow_bonus":"TEN_PERCENT_HP_BONUS","is_daily":false,"chose_seed":false,"campfire_upgraded":3,"win_rate":0.0,"timestamp":1613431601,"path_taken":["M","M","?","M","?","R","E","R","T","E","?","E","?","M","R","BOSS","M","?","?","$","M","E","?","?"],"items_purchased_type":["Relic","Card"],"build_version":"2020-12-22","purchased_purges":0,"victory":false,"max_hp_per_floor":[78,78,78,78,78,78,78,78,78,78,78,78,78,78,78,78,78,78,39,44,44,44,44,44,44,44],"relic_stats":{"Darkstone Periapt":0,"Dream Catcher":0,"Centennial Puzzle":[15],"counters":[13,48],"Bronze Scales":[78],"Pandora\u0027s Box":["Capacitor","Chill","Steam","Loop","Beam Cell","Gash","Compile Driver"],"obtain_stats":[{"Darkstone Periapt":5,"Dream Catcher":10,"Centennial Puzzle":12,"Lantern":23,"Matryoshka":7,"Bronze Scales":9,"Pandora\u0027s Box":17,"Runic Capacitor":21,"Bottled Tornado":9,"Cracked Core":0},{"Darkstone Periapt":3,"Dream Catcher":5,"Centennial Puzzle":7,"Lantern":12,"Matryoshka":4,"Bronze Scales":4,"Pandora\u0027s Box":9,"Runic Capacitor":10,"Bottled Tornado":4,"Cracked Core":0},{"Darkstone Periapt":10,"Dream Catcher":20,"Centennial Puzzle":27,"Lantern":47,"Matryoshka":14,"Bronze Scales":14,"Pandora\u0027s Box":37,"Runic Capacitor":40,"Bottled Tornado":14,"Cracked Core":0}]},"card_choices":[{"not_picked":["Scrape","Steam"],"picked":"Cold Snap","floor":1},{"not_picked":["Chill","Stack"],"picked":"Rebound","floor":2},{"not_picked":["Coolheaded","Blizzard"],"picked":"Barrage","floor":4},{"not_picked":["Beam Cell","Barrage"],"picked":"Static Discharge","floor":7},{"not_picked":["Streamline","Conserve Battery"],"picked":"Core Surge","floor":10},{"not_picked":["Self Repair","Sweeping Beam"],"picked":"Reinforced Body","floor":11},{"not_picked":["Melter","Steam Power"],"picked":"Stack","floor":12},{"not_picked":["Streamline","Darkness","Rebound"],"picked":"SKIP","floor":14},{"not_picked":["Streamline","Darkness","Rebound"],"picked":"SKIP","floor":14},{"not_picked":["Streamline","Darkness","Rebound"],"picked":"SKIP","floor":14},{"not_picked":["Streamline","Darkness","Rebound"],"picked":"SKIP","floor":14},{"not_picked":["Reboot","Meteor Strike"],"picked":"Seek","floor":16},{"not_picked":["Go for the Eyes","Skim"],"picked":"Conserve Battery","floor":18},{"not_picked":["Rip and Tear","Aggregate"],"picked":"Defragment","floor":22},{"not_picked":["Tempest","Sunder"],"picked":"Thunder Strike","floor":23}],"player_experience":8645424,"relics_obtained":[{"floor":5,"key":"Darkstone Periapt"},{"floor":7,"key":"Matryoshka"},{"floor":9,"key":"Bronze Scales"},{"floor":9,"key":"Bottled Tornado"},{"floor":10,"key":"Dream Catcher"},{"floor":12,"key":"Centennial Puzzle"},{"floor":23,"key":"Lantern"}],"event_choices":[{"damage_healed":0,"gold_gain":0,"cards_transformed":["Defend_B"],"player_choice":"Change","damage_taken":0,"max_hp_gain":0,"max_hp_loss":0,"event_name":"Living Wall","floor":3,"gold_loss":0,"cards_obtained":["FTL"]},{"damage_healed":0,"gold_gain":0,"player_choice":"Relic","damage_taken":0,"max_hp_gain":0,"max_hp_loss":0,"event_name":"Wheel of Change","floor":5,"gold_loss":0},{"damage_healed":19,"gold_gain":0,"player_choice":"Healed","damage_taken":0,"max_hp_gain":0,"max_hp_loss":0,"event_name":"The Cleric","floor":13,"gold_loss":35},{"damage_healed":0,"gold_gain":0,"player_choice":"Became a Ghost","damage_taken":0,"max_hp_gain":0,"max_hp_loss":39,"event_name":"Ghosts","floor":19,"gold_loss":0,"cards_obtained":["Ghostly","Ghostly","Ghostly"]},{"damage_healed":0,"gold_gain":0,"player_choice":"Shed Blood","damage_taken":14,"max_hp_gain":5,"max_hp_loss":0,"event_name":"Forgotten Altar","floor":20,"gold_loss":0},{"cards_removed":["Gash"],"damage_healed":0,"gold_gain":0,"player_choice":"Elegance","damage_taken":0,"max_hp_gain":0,"max_hp_loss":0,"event_name":"Back to Basics","floor":24,"gold_loss":0}],"is_beta":false,"boss_relics":[{"not_picked":["Busted Crown","Sozu"],"picked":"Pandora\u0027s Box"}],"items_purged_floors":[],"is_endless":false,"potions_floor_spawned":[2,10,11,14,18],"killed_by":"Centurion and Healer","ascension_level":20}}