{"host":"ukjd55ldumo8te1z","time":1613372143,"event":{"mods":["AchievementEnabler","BaseMod","Bestiary","Better Third Choice","BetterRewards","Bossed Relics","Colored Powertips","Conspire","Curses Come First","Energized Spire","Highlight Path","Hubris","Infinite Spire","Marked Mod","Minty Spire (QoL Compilation)","Permanent Neow","Quick Restart","Reliquary","Shop Mod","StSLib","Together in Spire","Waifu the Spire","??????REMEMod"],"gold_per_floor":[119,69,81,81,81,81,114,128,128,128,30,61,61,61,61,157,157,183,196,396,410,121,144,144,144,144,159,119,119,153,163,163,266,266,283,295,295,150,168,168,168],"floor_reached":40,"language":"ENG","playtime":3320,"items_purged":[],"score":788,"play_id":"437302cd-b1b8-42eb-a7cd-55f936be890a","local_time":"20210215015543","is_ascension_mode":false,"campfire_choices":[{"data":"Bandage Up","floor":6,"key":"SMITH"},{"floor":10,"key":"REST"},{"floor":13,"key":"REST"},{"data":"REME_Scribble","floor":15,"key":"SMITH"},{"floor":24,"key":"REST"},{"floor":29,"key":"REST"},{"floor":32,"key":"REST"}],"circlet_count":0,"master_deck":["Strike_R","Strike_R","Strike_R","Strike_R","Strike_R","Defend_R","Defend_R","Defend_R","Defend_R","Bash","Bandage Up+1","Jack Of All Trades+1","Thunderclap","conspire:SpireCoStock","Headbutt","Twin Strike","Dropkick","Warcry","Twin Strike","REME_Scribble+1","Feed","Feel No Pain+1","Cleave+1","Pommel Strike","Apotheosis+1","Rage","Intimidate","Cleave+1","Rage","Reaper","Warcry","Feed","CurseOfTheBell","Thunderclap+1","Corruption","Infernal Blade","Flex","Anger","Dual Wield+1"],"relics":["Burning Blood","REME_ComplimentaryCards","hubris:AstralHammer","reliquary:BallBearing","Snecko Eye","Bottled Flame","Calling Bell","infinitespire:Lucky Rock","infinitespire:Bottled Soul","Magic Flower"],"acts_visited":["Exordium","TheCity","TheBeyond"],"potions_floor_usage":[21,21,21,21,40],"damage_taken":[{"damage":11,"enemies":"Jaw Worm","floor":1,"turns":5},{"damage":5,"enemies":"2 Louse","floor":3,"turns":3},{"damage":66,"enemies":"Lagavulin","floor":7,"turns":9},{"damage":6,"enemies":"Cultist","floor":8,"turns":3},{"damage":13,"enemies":"Red Slaver","floor":12,"turns":4},{"damage":0,"enemies":"Slime Boss","floor":16,"turns":4},{"damage":31,"enemies":"3 Byrds","floor":18,"turns":8},{"damage":50,"enemies":"Spheric Guardian","floor":19,"turns":9},{"damage":16,"enemies":"Centurion and Healer","floor":21,"turns":4},{"damage":10,"enemies":"Chosen and Byrds","floor":23,"turns":8},{"damage":47,"enemies":"Sentry and Sphere","floor":27,"turns":6},{"damage":47,"enemies":"Centurion and Healer","floor":30,"turns":11},{"damage":0,"enemies":"Cultist and Chosen","floor":31,"turns":1},{"damage":0,"enemies":"Champ","floor":33,"turns":1},{"damage":10,"enemies":"3 Darklings","floor":35,"turns":1},{"damage":0,"enemies":"Orb Walker","floor":36,"turns":1},{"damage":49,"enemies":"Sphere and 2 Shapes","floor":39,"turns":8},{"damage":106,"enemies":"Reptomancer","floor":40,"turns":6}],"seed_played":"-8272280885207860752","potions_obtained":[{"floor":3,"key":"Weak Potion"},{"floor":7,"key":"EntropicBrew"},{"floor":18,"key":"SteroidPotion"},{"floor":23,"key":"BloodPotion"}],"is_trial":false,"path_per_floor":["M","?","M","?","?","R","E","M","T","R","$","M","R","?","R","B",null,"M","M","?","M","$","M","R","$","T","M","?","R","M","M","R","B",null,"M","M","?","$","M","E"],"character_chosen":"IRONCLAD","items_purchased":["Warcry","Twin Strike","Apotheosis","Rage","Intimidate","Infernal Blade","Flex","Anger"],"campfire_rested":5,"item_purchase_floors":[11,11,22,22,22,38,38,38],"current_hp_per_floor":[75,75,80,80,80,80,26,32,32,56,56,55,79,79,79,80,80,67,32,32,31,31,37,64,64,64,32,32,60,22,28,57,63,98,97,98,98,98,73,0,0],"gold":168,"neow_bonus":"RANDOM_COLORLESS","is_daily":false,"chose_seed":false,"campfire_upgraded":2,"win_rate":0.0,"timestamp":1613372143,"path_taken":["M","?","M","?","?","R","E","M","T","R","$","M","R","?","R","BOSS","M","M","?","?","?","M","R","$","T","M","?","R","?","M","R","BOSS","M","M","?","$","?","E"],"items_purchased_type":["Card","Card","Card","Card","Card","Card","Card","Card"],"build_version":"2020-12-22","purchased_purges":0,"victory":false,"max_hp_per_floor":[80,80,80,80,80,80,80,80,80,80,80,80,80,80,80,80,80,86,89,89,92,92,92,92,92,92,95,95,95,98,98,98,98,98,98,98,98,98,98,101,101],"card_choices":[{"not_picked":["Mind Blast","REME_TwoStrings"],"picked":"Jack Of All Trades","floor":0},{"not_picked":["Uppercut","hubris:ReadiedAction"],"picked":"Thunderclap","floor":1},{"not_picked":["Shrug It Off","Intimidate"],"picked":"Headbutt","floor":3},{"not_picked":["Clash","True Grit"],"picked":"Twin Strike","floor":7},{"not_picked":["True Grit","Heavy Blade"],"picked":"Dropkick","floor":8},{"not_picked":["hubris:ReadiedAction","Fire Breathing"],"picked":"REME_Scribble","floor":12},{"not_picked":["Double Tap","Fiend Fire"],"picked":"Feed","floor":16},{"not_picked":["Intimidate","Dual Wield"],"picked":"Feel No Pain+1","floor":18},{"not_picked":["Thunderclap","Fire Breathing"],"picked":"Cleave+1","floor":19},{"not_picked":["Clothesline","Perfected Strike"],"picked":"Pommel Strike","floor":21},{"not_picked":["Power Through+1","Fire Breathing"],"picked":"Cleave+1","floor":23},{"not_picked":["Shockwave","Twin Strike"],"picked":"Rage","floor":27},{"not_picked":["REME_Scribble+1","Flex"],"picked":"Reaper","floor":30},{"not_picked":["hubris:ReadiedAction","True Grit"],"picked":"Warcry","floor":31},{"not_picked":["conspire:HitWhereItHurts","Demon Form"],"picked":"Feed","floor":33},{"not_picked":["Dropkick+1","Body Slam"],"picked":"Thunderclap+1","floor":35},{"not_picked":["Clothesline+1","Sword Boomerang+1"],"picked":"Corruption","floor":36},{"not_picked":["Headbutt","Clothesline"],"picked":"Dual Wield+1","floor":39}],"player_experience":13684,"relics_obtained":[{"floor":7,"key":"hubris:AstralHammer"},{"floor":9,"key":"reliquary:BallBearing"},{"floor":26,"key":"Bottled Flame"},{"floor":34,"key":"infinitespire:Lucky Rock"},{"floor":34,"key":"infinitespire:Bottled Soul"},{"floor":34,"key":"Magic Flower"}],"event_choices":[{"damage_healed":0,"gold_gain":0,"player_choice":"Invest 1","damage_taken":0,"max_hp_gain":0,"max_hp_loss":0,"event_name":"conspire:Investor","floor":2,"gold_loss":0},{"damage_healed":0,"gold_gain":0,"player_choice":"Ignored","damage_taken":0,"max_hp_gain":0,"max_hp_loss":0,"event_name":"Golden Wing","floor":4,"gold_loss":0},{"damage_healed":0,"gold_gain":0,"player_choice":"Grow","damage_taken":0,"max_hp_gain":0,"max_hp_loss":0,"event_name":"Living Wall","floor":14,"gold_loss":0,"cards_upgraded":["Jack Of All Trades"]},{"damage_healed":0,"gold_gain":250,"player_choice":"Bet on Owner","damage_taken":0,"max_hp_gain":0,"max_hp_loss":0,"event_name":"The Joust","floor":20,"gold_loss":50},{"damage_healed":0,"gold_gain":0,"player_choice":"Upgrade","damage_taken":0,"max_hp_gain":0,"max_hp_loss":0,"event_name":"Designer","floor":28,"gold_loss":40,"cards_upgraded":["Apotheosis"]},{"damage_healed":0,"gold_gain":0,"player_choice":"Bought 0 Potions","damage_taken":0,"max_hp_gain":0,"max_hp_loss":0,"event_name":"The Woman in Blue","floor":37,"gold_loss":0}],"is_beta":false,"boss_relics":[{"not_picked":["energizedSpire:HugeHouse","Velvet Choker"],"picked":"Snecko Eye"},{"not_picked":["hubris:VirtuousBlindfold","energizedSpire:MagnifyingGlass"],"picked":"Calling Bell"}],"items_purged_floors":[],"is_endless":false,"potions_floor_spawned":[3,7,18,23,36],"killed_by":"Reptomancer","ascension_level":0}}