{"host":"ga4s3hj9m6nkn6gp","time":1613429233,"event":{"mods":["AchievementEnabler","BaseMod","Bestiary","Colored Powertips","Highlight Path","Minty Spire (QoL Compilation)","Relic Stats","everything is the same but u backflip on backflip"],"gold_per_floor":[367,382,140,155,170,170,170,170],"floor_reached":7,"language":"ENG","playtime":332,"items_purged":["Clumsy"],"score":86,"play_id":"3ad794b9-5733-4e6d-b1db-104af013b568","local_time":"20210215234713","is_ascension_mode":true,"campfire_choices":[{"data":"All Out Attack","floor":6,"key":"SMITH"}],"circlet_count":0,"master_deck":["AscendersBane","Strike_G","Strike_G","Strike_G","Strike_G","Strike_G","Defend_G","Defend_G","Defend_G","Defend_G","Defend_G","Survivor","Neutralize","All Out Attack+1","Escape Plan","Underhanded Strike"],"relics":["Ring of the Snake","Centennial Puzzle"],"acts_visited":["Exordium"],"potions_floor_usage":[5],"damage_taken":[{"damage":1,"enemies":"Cultist","floor":1,"turns":4},{"damage":3,"enemies":"Small Slimes","floor":2,"turns":4},{"damage":0,"enemies":"2 Louse","floor":4,"turns":2},{"damage":1,"enemies":"Exordium Wildlife","floor":5,"turns":3},{"damage":63,"enemies":"Lagavulin","floor":7,"turns":10}],"seed_played":"41953670995663799","potions_obtained":[{"floor":2,"key":"CunningPotion"}],"is_trial":false,"path_per_floor":["M","M","$","M","M","R","E"],"character_chosen":"THE_SILENT","items_purchased":["Centennial Puzzle"],"campfire_rested":0,"item_purchase_floors":[3],"current_hp_per_floor":[58,55,55,55,54,54,0,0],"gold":170,"neow_bonus":"TWO_FIFTY_GOLD","is_daily":false,"chose_seed":false,"campfire_upgraded":1,"win_rate":0.0,"timestamp":1613429233,"path_taken":["M","?","$","M","M","R","E"],"items_purchased_type":["Relic"],"build_version":"2020-12-22","purchased_purges":1,"victory":false,"max_hp_per_floor":[66,66,66,66,66,66,66,66],"relic_stats":{"Centennial Puzzle":[6],"counters":[5,23],"obtain_stats":[{"Centennial Puzzle":3,"Ring of the Snake":0},{"Centennial Puzzle":2,"Ring of the Snake":0},{"Centennial Puzzle":8,"Ring of the Snake":0}],"Ring of the Snake":[10]},"card_choices":[{"not_picked":["Masterful Stab","Leg Sweep"],"picked":"All Out Attack","floor":1},{"not_picked":["Bane","PiercingWail"],"picked":"Escape Plan","floor":2},{"not_picked":["Flying Knee","Acrobatics"],"picked":"Underhanded Strike","floor":4},{"not_picked":["Backflip","Dagger Spray","Deadly Poison"],"picked":"SKIP","floor":5}],"player_experience":778742,"relics_obtained":[],"event_choices":[],"is_beta":false,"boss_relics":[],"items_purged_floors":[3],"is_endless":false,"potions_floor_spawned":[2],"killed_by":"Lagavulin","ascension_level":20}}