{"host":"qxeepl7ydvsgmfdb","time":1613380253,"event":{"mods":["AchievementEnabler","BaseMod","Colored Powertips","Minty Spire (QoL Compilation)","Quick Restart","slay the spire mod where everything is the same but ironclad has a cowboy hat"],"gold_per_floor":[116,116,33,46,46,78,78,110,110,126,126,139,139,139,139,212,262,273,273,223,137,149,149,149],"floor_reached":23,"language":"ENG","playtime":2532,"items_purged":[],"score":411,"play_id":"99adc3f1-eb8e-4c29-8921-9c4e4b93d88a","local_time":"20210215041053","is_ascension_mode":true,"campfire_choices":[{"data":"Terror","floor":7,"key":"SMITH"},{"floor":11,"key":"REST"},{"floor":15,"key":"REST"}],"circlet_count":0,"master_deck":["AscendersBane","Strike_G","Strike_G","Strike_G","Defend_G","Defend_G","Defend_G","Defend_G","Defend_G","Survivor+1","Neutralize","Blade Dance+1","Noxious Fumes+1","Terror+1","Cloak And Dagger","Deflect","Envenom+1","Accuracy","Catalyst","Deflect"],"relics":["Ring of the Snake","NeowsBlessing","InkBottle","Ninja Scroll","Bottled Tornado","Omamori","Tiny House","The Specimen"],"acts_visited":["Exordium","TheCity"],"potions_floor_usage":[16,23],"damage_taken":[{"damage":0,"enemies":"2 Louse","floor":1,"turns":1},{"damage":0,"enemies":"Small Slimes","floor":4,"turns":1},{"damage":0,"enemies":"Gremlin Nob","floor":6,"turns":1},{"damage":31,"enemies":"3 Sentries","floor":8,"turns":9},{"damage":0,"enemies":"Cultist","floor":10,"turns":2},{"damage":3,"enemies":"Blue Slaver","floor":12,"turns":3},{"damage":10,"enemies":"Hexaghost","floor":16,"turns":10},{"damage":36,"enemies":"Spheric Guardian","floor":18,"turns":6},{"damage":0,"enemies":"Chosen","floor":22,"turns":3},{"damage":27,"enemies":"Slavers","floor":23,"turns":4}],"seed_played":"4873699840255886342","potions_obtained":[{"floor":6,"key":"Weak Potion"},{"floor":8,"key":"Dexterity Potion"},{"floor":12,"key":"GhostInAJar"},{"floor":17,"key":"Ancient Potion"}],"is_trial":false,"path_per_floor":["M","?","$","M","?","E","R","E","T","M","R","M","?","?","R","B",null,"M","?","?","$","M","E"],"character_chosen":"THE_SILENT","items_purchased":["Noxious Fumes","Catalyst"],"campfire_rested":2,"item_purchase_floors":[3,21],"current_hp_per_floor":[59,52,52,52,52,52,52,21,21,21,40,37,32,12,31,21,60,24,24,24,24,24,0,0],"gold":149,"neow_bonus":"THREE_ENEMY_KILL","is_daily":false,"chose_seed":false,"campfire_upgraded":1,"win_rate":0.0,"timestamp":1613380253,"path_taken":["M","?","$","M","?","E","R","E","T","?","R","M","?","?","R","BOSS","M","?","?","$","?","E"],"items_purchased_type":["Card","Card"],"build_version":"2020-12-22","purchased_purges":0,"victory":false,"max_hp_per_floor":[66,66,66,66,66,66,66,66,66,66,66,66,66,66,66,66,71,71,71,71,71,71,71,71],"card_choices":[{"not_picked":["Acrobatics","Quick Slash"],"picked":"Blade Dance","floor":1},{"not_picked":["Tactician","Escape Plan","Leg Sweep"],"picked":"SKIP","floor":4},{"not_picked":["Outmaneuver","Infinite Blades"],"picked":"Terror","floor":6},{"not_picked":["Reflex","Infinite Blades"],"picked":"Cloak And Dagger","floor":8},{"not_picked":["Prepared","PiercingWail","Outmaneuver"],"picked":"SKIP","floor":10},{"not_picked":["Noxious Fumes","Bane"],"picked":"Deflect","floor":12},{"not_picked":["Unload","Grand Finale"],"picked":"Envenom","floor":16},{"not_picked":["Leg Sweep","Cloak And Dagger"],"picked":"Accuracy","floor":18},{"not_picked":["Flying Knee+1","Expertise"],"picked":"Deflect","floor":22}],"player_experience":144376,"relics_obtained":[{"floor":6,"key":"InkBottle"},{"floor":8,"key":"Ninja Scroll"},{"floor":9,"key":"Bottled Tornado"}],"event_choices":[{"cards_removed":["Strike_G"],"damage_healed":0,"gold_gain":0,"player_choice":"Card Removal","damage_taken":7,"max_hp_gain":0,"max_hp_loss":0,"event_name":"Golden Wing","floor":2,"gold_loss":0},{"cards_removed":["Strike_G"],"damage_healed":0,"gold_gain":0,"player_choice":"Offered Basic","damage_taken":0,"max_hp_gain":0,"max_hp_loss":0,"event_name":"Bonfire Elementals","floor":5,"gold_loss":0},{"damage_healed":0,"gold_gain":0,"player_choice":"Success","damage_taken":5,"relics_obtained":["Omamori"],"max_hp_gain":0,"max_hp_loss":0,"event_name":"Scrap Ooze","floor":13,"gold_loss":0},{"damage_healed":0,"gold_gain":0,"player_choice":"Entered Light","damage_taken":20,"max_hp_gain":0,"max_hp_loss":0,"event_name":"Shining Light","floor":14,"gold_loss":0,"cards_upgraded":["Survivor","Noxious Fumes"]},{"damage_healed":0,"gold_gain":0,"player_choice":"Opened","damage_taken":0,"relics_obtained":["The Specimen"],"max_hp_gain":0,"max_hp_loss":0,"event_name":"The Mausoleum","floor":19,"gold_loss":0,"cards_obtained":["Writhe"]},{"damage_healed":0,"gold_gain":0,"player_choice":"Upgrade","damage_taken":0,"max_hp_gain":0,"max_hp_loss":0,"event_name":"Designer","floor":20,"gold_loss":50,"cards_upgraded":["Envenom"]}],"is_beta":false,"boss_relics":[{"not_picked":["HoveringKite","Philosopher\u0027s Stone"],"picked":"Tiny House"}],"items_purged_floors":[],"is_endless":false,"potions_floor_spawned":[6,8,12,22],"killed_by":"Slavers","ascension_level":17}}