{"host":"218bpbmw7wi1tsbm","time":1613377208,"event":{"mods":["BaseMod","Lobotomy","LobotomyExtend","Minty Spire (QoL Compilation)","Prisma Mod","Quick Restart","Rare Cards Sparkle","StSLib"],"gold_per_floor":[112,123,123,136,153,153,185,203,203,46,46,46,63,96,96,196,246,260,260,274,274,274,274,274,274],"floor_reached":24,"language":"JPN","playtime":1771,"items_purged":[],"score":206,"play_id":"65d06d1d-ce59-46c9-a2d6-0bb0e55bf62e","local_time":"20210215172008","is_ascension_mode":false,"campfire_choices":[{"floor":6,"key":"REST"},{"data":"Inflame","floor":12,"key":"SMITH"},{"floor":15,"key":"REST"},{"data":"Seeing Red","floor":23,"key":"SMITH"}],"circlet_count":0,"master_deck":["Strike_R+1","Strike_R","Strike_R+1","Strike_R","Defend_R","Defend_R","Defend_R","Defend_R","Bash","UniverseFragment","Inflame+1","MeatLantern","Reckless Charge","MHz","Pommel Strike+1","Wellcheers","Anger","Scorched","Metallicize","BeautyBeast","Warcry","Feel No Pain","Purity","CherryBlossoms","Shrug It Off","FieryBird","Reaper","LongBird","Barricade+1","PunishingBird","Seeing Red+1","OSAHOGD","Impervious","Blood for Blood"],"relics":["Burning Blood","CogitoBucket","RabbitCall","LetterFromLob","Thread and Needle","FleshIdol","Mummified Hand","Letter Opener","Tiny House","SkinProphecy","Enchiridion"],"acts_visited":["Exordium","TheCity"],"potions_floor_usage":[7,16,16],"damage_taken":[{"damage":11,"enemies":"Jaw Worm","floor":1,"turns":4},{"damage":0,"enemies":"Cultist","floor":2,"turns":3},{"damage":0,"enemies":"2 Louse","floor":4,"turns":2},{"damage":44,"enemies":"Gremlin Gang","floor":5,"turns":6},{"damage":17,"enemies":"3 Sentries","floor":7,"turns":9},{"damage":0,"enemies":"Looter","floor":8,"turns":2},{"damage":27,"enemies":"2 Fungi Beasts","floor":13,"turns":7},{"damage":12,"enemies":"Lagavulin","floor":14,"turns":7},{"damage":91,"enemies":"The Guardian","floor":16,"turns":16},{"damage":7,"enemies":"Shell Parasite","floor":18,"turns":6},{"damage":27,"enemies":"2 Thieves","floor":20,"turns":9},{"damage":92,"enemies":"Centurion and Healer","floor":24,"turns":1}],"seed_played":"-1497284274259970216","potions_obtained":[{"floor":2,"key":"ColorlessPotion"},{"floor":5,"key":"ColorlessPotion"},{"floor":7,"key":"Explosive Potion"},{"floor":13,"key":"BloodPotion"},{"floor":16,"key":"Regen Potion"},{"floor":17,"key":"PowerPotion"},{"floor":18,"key":"Swift Potion"}],"is_trial":false,"path_per_floor":["M","M","?","M","M","R","E","M","T","$","M","R","M","E","R","B",null,"M","?","M","?","?","R","M"],"character_chosen":"IRONCLAD","items_purchased":["Feel No Pain","Purity"],"campfire_rested":2,"item_purchase_floors":[10,10],"current_hp_per_floor":[75,80,80,80,42,66,58,64,64,64,80,80,61,59,80,38,85,85,85,75,59,59,59,0,0],"gold":274,"neow_bonus":"","is_daily":false,"chose_seed":false,"campfire_upgraded":2,"win_rate":0.0,"timestamp":1613377208,"path_taken":["M","M","?","M","M","R","E","M","T","$","M","R","M","E","R","BOSS","M","?","M","?","?","R","M"],"items_purchased_type":["Card","Card"],"build_version":"2020-12-22","purchased_purges":0,"victory":false,"max_hp_per_floor":[80,80,80,80,80,80,80,80,80,80,80,80,80,80,80,80,85,85,85,85,85,85,85,87,87],"card_choices":[{"not_picked":["FairyFestival","MeatLantern"],"picked":"UniverseFragment","floor":1},{"not_picked":["Twin Strike","Wild Strike"],"picked":"Inflame","floor":1},{"not_picked":["OldLady","BeautyBeast"],"picked":"MeatLantern","floor":2},{"not_picked":["True Grit","Power Through"],"picked":"Reckless Charge","floor":2},{"not_picked":["SpiderBud","VoidDream"],"picked":"MHz","floor":4},{"not_picked":["Headbutt","Bloodletting"],"picked":"Pommel Strike","floor":4},{"not_picked":["RedShoes","PunishingBird"],"picked":"Wellcheers","floor":5},{"not_picked":["Perfected Strike","Clothesline"],"picked":"Anger","floor":5},{"not_picked":["FieryBird","SpiderBud"],"picked":"Scorched","floor":7},{"not_picked":["Wild Strike","Power Through"],"picked":"Metallicize","floor":7},{"not_picked":["CherryBlossoms","CrumblingArmor","VoidDream"],"picked":"Singing Bowl","floor":8},{"not_picked":["CrumblingArmor","SpiderBud"],"picked":"BeautyBeast","floor":8},{"not_picked":["Whirlwind","Sword Boomerang"],"picked":"Warcry","floor":8},{"not_picked":["FairyFestival","DreamingCurrent","WallGazer"],"picked":"Singing Bowl","floor":13},{"not_picked":["Woodsman","Laetitia"],"picked":"CherryBlossoms","floor":13},{"not_picked":["Sword Boomerang","Blood for Blood"],"picked":"Shrug It Off","floor":13},{"not_picked":["Murderer","ShyLook"],"picked":"FieryBird","floor":14},{"not_picked":["Battle Trance","Havoc"],"picked":"Reaper","floor":14},{"not_picked":["QueenBee","Murderer","OldLady"],"picked":"Singing Bowl","floor":16},{"not_picked":["ShyLook","OldLady"],"picked":"LongBird","floor":16},{"not_picked":["Bludgeon","Brutality"],"picked":"Barricade","floor":16},{"not_picked":["VoidDream","ShyLook"],"picked":"PunishingBird","floor":18},{"not_picked":["Rage+1","Perfected Strike"],"picked":"Seeing Red","floor":18},{"not_picked":["Alriune","HeroicMonk"],"picked":"OSAHOGD","floor":20},{"not_picked":["Shrug It Off","Twin Strike"],"picked":"Impervious","floor":20}],"player_experience":627346,"relics_obtained":[{"floor":1,"key":"LetterFromLob"},{"floor":7,"key":"Thread and Needle"},{"floor":9,"key":"Mummified Hand"},{"floor":14,"key":"Letter Opener"},{"floor":21,"key":"Enchiridion"}],"event_choices":[{"damage_healed":0,"gold_gain":0,"player_choice":"Upgraded","damage_taken":0,"max_hp_gain":0,"max_hp_loss":0,"event_name":"Upgrade Shrine","floor":3,"gold_loss":0,"cards_upgraded":["Strike_R"]},{"damage_healed":0,"gold_gain":0,"player_choice":"Forge","damage_taken":0,"max_hp_gain":0,"max_hp_loss":0,"event_name":"Accursed Blacksmith","floor":19,"gold_loss":0,"cards_upgraded":["Barricade"]},{"damage_healed":0,"gold_gain":0,"player_choice":"Obtained Book","damage_taken":16,"max_hp_gain":0,"max_hp_loss":0,"event_name":"Cursed Tome","floor":21,"gold_loss":0},{"damage_healed":0,"gold_gain":0,"cards_transformed":["Strike_R"],"player_choice":"Transformed","damage_taken":0,"max_hp_gain":0,"max_hp_loss":0,"event_name":"Transmorgrifier","floor":22,"gold_loss":0,"cards_obtained":["Blood for Blood"]}],"is_beta":false,"boss_relics":[{"not_picked":["Coffee Dripper","Busted Crown"],"picked":"Tiny House"}],"items_purged_floors":[],"is_endless":false,"potions_floor_spawned":[2,5,7,13,16,18],"killed_by":"Centurion and Healer","ascension_level":0}}