{"host":"2eh6kef149pfh93v","time":1613401930,"event":{"mods":["2.2 Compatiblity","Act Like it!","Aspiration","BaseMod","Clockwork Mod","Conspire","Energized Spire","Gensokyo","GifTheSpireLib","Hero for Fun","Hubris","Infinite Spire","Marisa????????","Minty Spire (QoL Compilation)","Reliquary","Replay The Spire","Shop Mod","StSLib","Stuff the Spire","The Servant 0.9.4","Waifu the Spire","Yakumo Yukari mod"],"gold_per_floor":[156,210,210,246,120,120,162,192,192,240,327,116,116,167,167,455,467,467],"floor_reached":17,"language":"ENG","playtime":663,"items_purged":[],"score":309,"play_id":"2e3a9866-318d-495b-b317-8308e37dfdcb","local_time":"20210215101210","daily_mods":["Hoarder","Specialized","Vintage","Heirloom","Time Dilation","Flight","Lethality","Midas"],"is_ascension_mode":false,"campfire_choices":[{"floor":6,"key":"REST"},{"floor":15,"key":"REST"}],"circlet_count":0,"master_deck":["MasterSpark","UpSweep","CasketOfStar","CasketOfStar","CasketOfStar","DoubleSpark","DoubleSpark","DoubleSpark","DoubleSpark","DoubleSpark","DoubleSpark","DoubleSpark","DoubleSpark","DoubleSpark","DoubleSpark","DoubleSpark","DoubleSpark","DoubleSpark","DoubleSpark","DoubleSpark","Pot Of Greed","Pot Of Greed","Pot Of Greed","Pot Of Greed","Pot Of Greed","Pot Of Greed","Pot Of Greed","Pot Of Greed","Pot Of Greed","Crow Ritual","Crow Ritual","Crow Ritual","Panacea","Panacea","Panacea","Replay:Parry","Replay:Parry","Replay:Parry","Gensokyo:Shovel","Gensokyo:Shovel","Gensokyo:Shovel","Gensokyo:BlemishedSteel","Gensokyo:BlemishedSteel","Gensokyo:BlemishedSteel","Gensokyo:ScrapIron","Gensokyo:ScrapIron","Gensokyo:TarnishedGold","Gensokyo:TarnishedGold","Gensokyo:TarnishedGold","Pain","Pain","Pain","Pot Of Greed","Pot Of Greed","Pot Of Greed","NonDirectionalLaser","NonDirectionalLaser","NonDirectionalLaser","StarlightTyphoon","StarlightTyphoon","StarlightTyphoon","NonDirectionalLaser","NonDirectionalLaser","NonDirectionalLaser","Acceleration","Acceleration","Acceleration","PowerUp","PowerUp","PowerUp","ShootTheMoon","ShootTheMoon","ShootTheMoon","MilkyWay","MilkyWay","MilkyWay","ChargingUp","ChargingUp","ChargingUp"],"relics":["MiniHakkero","conspire:GiftBox","reliquary:JackalopeAntler","Thread and Needle","Grinning Jar","ReplayTheSpireMod:ShopPack","Snack Pack","reliquary:PorcupineQuills","Calipers","hubris:CuriousFeather","aspiration:SeaSaltIceCream","aspiration:Nostalgia","Sizzling Blood","Gensokyo:LunaticRedEyes","StuffTheSpire:HeavyRock","MawBank","Pandora\u0027s Box"],"acts_visited":["Gensokyo:Gensokyo","Gensokyo:Gensokyoer"],"potions_floor_usage":[],"damage_taken":[{"damage":0,"enemies":"Gensokyo:Python","floor":1,"turns":1},{"damage":5,"enemies":"Gensokyo:3_Fairies","floor":2,"turns":3},{"damage":0,"enemies":"Gensokyo:Gryphon","floor":4,"turns":1},{"damage":0,"enemies":"Gensokyo:Kitsune","floor":7,"turns":1},{"damage":0,"enemies":"Gensokyo:3_Kodama","floor":8,"turns":1},{"damage":17,"enemies":"Gensokyo:Gryphon_and_Rabbit","floor":10,"turns":3},{"damage":0,"enemies":"Gensokyo:Mamizou","floor":11,"turns":4},{"damage":6,"enemies":"Gensokyo:Kitsune","floor":14,"turns":3},{"damage":82,"enemies":"Gensokyo:Yukari","floor":16,"turns":11}],"seed_played":"-3725685209882971052","potions_obtained":[{"floor":16,"key":"FearPotion"}],"is_trial":true,"path_per_floor":["M","M","?","M","$","R","M","M","T","M","E","COS","?","M","R","B",null],"character_chosen":"MARISA","items_purchased":["ReplayTheSpireMod:ShopPack"],"campfire_rested":2,"item_purchase_floors":[5],"current_hp_per_floor":[75,70,75,75,75,75,75,75,75,60,70,70,70,70,79,13,79,79],"gold":467,"neow_bonus":"","is_daily":false,"chose_seed":false,"campfire_upgraded":0,"win_rate":0.0,"timestamp":1613401930,"path_taken":["M","?","?","?","?","R","M","M","T","?","E","COS","?","M","R","BOSS"],"items_purchased_type":["Relic"],"build_version":"2020-12-22","purchased_purges":0,"victory":false,"max_hp_per_floor":[75,75,75,75,75,75,75,75,75,75,79,79,79,79,79,79,79,79],"card_choices":[{"not_picked":["EscapeVelocity","BlazingStar"],"picked":"CasketOfStar","floor":0},{"not_picked":["Mayhem","Thinking Ahead"],"picked":"Crow Ritual","floor":5},{"not_picked":["Secret Weapon","Secret Technique"],"picked":"Panacea","floor":5},{"not_picked":["Dark Shackles","hubris:Ssssneak"],"picked":"Replay:Parry","floor":5},{"not_picked":["SuperPerseids","GalacticHalo","CollectingQuirk"],"picked":"SKIP","floor":11}],"player_experience":10499,"relics_obtained":[{"floor":1,"key":"reliquary:JackalopeAntler"},{"floor":2,"key":"Thread and Needle"},{"floor":4,"key":"Grinning Jar"},{"floor":7,"key":"Snack Pack"},{"floor":8,"key":"reliquary:PorcupineQuills"},{"floor":9,"key":"Calipers"},{"floor":10,"key":"hubris:CuriousFeather"},{"floor":11,"key":"aspiration:SeaSaltIceCream"},{"floor":14,"key":"StuffTheSpire:HeavyRock"}],"event_choices":[],"is_beta":false,"boss_relics":[{"not_picked":["energizedSpire:CursedPentagram","hubris:Stopwatch"],"picked":"Pandora\u0027s Box"}],"items_purged_floors":[],"is_endless":false,"potions_floor_spawned":[11,16],"ascension_level":0}}