{"host":"e4wnmsyty9uvvtwf","time":1613381277,"event":{"mods":["Act Like it!","BaseMod","Colored Map","Colored Powertips","Gensokyo","Koishi","Minty Spire (QoL Compilation)","StSLib"],"gold_per_floor":[11,29,39,57,57,85,85,120,120,120,130,19,54,65,65,265,265],"floor_reached":16,"language":"ZHS","playtime":863,"items_purged":[],"score":186,"play_id":"0eb46a43-ec7e-4e57-91ad-b06e1147570a","local_time":"20210215172757","is_ascension_mode":true,"campfire_choices":[{"data":"Koishi:BramblyRoseGarden","floor":7,"key":"SMITH"},{"data":"Koishi:ReleaseOfTheId","floor":15,"key":"SMITH"}],"circlet_count":0,"master_deck":["AscendersBane","Koishi:BasicStrike","Koishi:BasicStrike","Koishi:BasicStrike","Koishi:BasicStrike","Koishi:BasicDefend","Koishi:BasicDefend","Koishi:BasicDefend","Koishi:BasicDefend","Koishi:Provoke","Koishi:HauntingSlash","Koishi:BramblyRoseGarden+1","Koishi:ParalyzingFear","Koishi:RacingHeart","Koishi:UnconsciousUprising","Koishi:FadingMemory","Koishi:IdleWhim","Gensokyo:BlemishedSteel","Koishi:Heartbroken","Koishi:ReleaseOfTheId+1"],"relics":["Koishi:ImaginaryFriend","Thread and Needle","Shovel","Regal Pillow","PreservedInsect","Strawberry","Pantograph"],"acts_visited":["Exordium"],"potions_floor_usage":[14],"damage_taken":[{"damage":2,"enemies":"Gensokyo:Gryphon","floor":1,"turns":5},{"damage":2,"enemies":"Gensokyo:3_Fairies","floor":2,"turns":6},{"damage":3,"enemies":"Gensokyo:2_Kodama","floor":3,"turns":4},{"damage":15,"enemies":"Gensokyo:LivingMonolith","floor":4,"turns":4},{"damage":11,"enemies":"Gensokyo:Aya","floor":6,"turns":7},{"damage":4,"enemies":"Gensokyo:Cirno","floor":8,"turns":8},{"damage":0,"enemies":"Gensokyo:VengefulSpirit","floor":11,"turns":5},{"damage":4,"enemies":"Gensokyo:Mamizou","floor":13,"turns":9},{"damage":14,"enemies":"Gensokyo:5_Fairies","floor":14,"turns":6},{"damage":51,"enemies":"Gensokyo:Reimu","floor":16,"turns":13}],"seed_played":"6330652432349669340","potions_obtained":[{"floor":1,"key":"SpeedPotion"},{"floor":2,"key":"SneckoOil"},{"floor":6,"key":"CultistPotion"}],"is_trial":false,"path_per_floor":["M","M","M","M","?","E","R","E","T","?","M","COS","E","M","R","B"],"character_chosen":"KOISHI","items_purchased":[],"campfire_rested":0,"item_purchase_floors":[],"current_hp_per_floor":[52,52,51,37,37,30,30,30,30,27,31,31,34,23,23,0,0],"gold":265,"neow_bonus":"ONE_RARE_RELIC","is_daily":false,"chose_seed":false,"campfire_upgraded":2,"win_rate":0.0,"timestamp":1613381277,"path_taken":["M","?","M","M","?","E","R","E","T","?","M","COS","E","?","R","BOSS"],"items_purchased_type":[],"build_version":"2020-12-22","purchased_purges":0,"victory":false,"max_hp_per_floor":[57,57,57,57,57,57,57,57,57,64,64,64,64,64,64,64,64],"card_choices":[{"not_picked":["Koishi:Jaunt","Koishi:StrangeCloudFist","Koishi:IdleWhim"],"picked":"SKIP","floor":1},{"not_picked":["Koishi:PhantomStrike","Koishi:JumpScare"],"picked":"Koishi:BramblyRoseGarden","floor":2},{"not_picked":["Koishi:RacingHeart","Koishi:SubconsciousSweep"],"picked":"Koishi:ParalyzingFear","floor":3},{"not_picked":["Koishi:FleetingPhantom","Koishi:JumpScare"],"picked":"Koishi:RacingHeart","floor":4},{"not_picked":["Koishi:RacingHeart","Koishi:ParalyzingFear"],"picked":"Koishi:UnconsciousUprising","floor":6},{"not_picked":["Koishi:JumpScare","Koishi:HeartfeltFancy"],"picked":"Koishi:FadingMemory","floor":8},{"not_picked":["Koishi:CatchAndRose","Koishi:Prune"],"picked":"Koishi:IdleWhim","floor":11},{"not_picked":["Koishi:EmbryosDream","Koishi:StingingMind"],"picked":"Koishi:Heartbroken","floor":13},{"not_picked":["Koishi:ParalyzingFear","Koishi:ApparitionsStalkTheNight"],"picked":"Koishi:ReleaseOfTheId","floor":14}],"player_experience":565055,"relics_obtained":[{"floor":6,"key":"Shovel"},{"floor":8,"key":"Regal Pillow"},{"floor":9,"key":"PreservedInsect"},{"floor":13,"key":"Pantograph"}],"event_choices":[],"is_beta":false,"boss_relics":[],"items_purged_floors":[],"is_endless":false,"potions_floor_spawned":[1,2,6,8],"killed_by":"Gensokyo:Reimu","ascension_level":14}}