{"host":"pqs17sqrgflf4eqa","time":1613349332,"event":{"mods":["AchievementEnabler","BaseMod","Bestiary","Better Altar","Better Match","Better Skull","Block Reminder","Bossed Relics","Colored Map","Colored Powertips","Curses Come First","Dark Map","DeckTracker","Defective Defect","Displayed Cursed Tome","Emptier Cage","Googly Eyes","Highlight Path","Minty Spire (QoL Compilation)","Quick Restart","Slay-I","StSLib","SuperFastMode","Synergy Search","Thieving Mod","Transform Curses","everything is the same but u backflip on backflip","slay the spire mod where everything is the same but ironclad has a cowboy hat"],"gold_per_floor":[117,117,135,155,73,101,66,92,119,147,147,147,172,191,191,294,294,308,54,54,54,54,86,86,11,34,34,68,88,88,3,3,3,3],"floor_reached":33,"language":"ENG","playtime":527,"items_purged":[],"score":399,"play_id":"e29b3e30-34c0-4efa-ac76-69a4947e04fc","local_time":"20210214193532","is_ascension_mode":true,"campfire_choices":[{"floor":11.0,"key":"REST"},{"data":"Deadly Poison","floor":15.0,"key":"SMITH"},{"floor":24.0,"key":"REST"},{"floor":27.0,"key":"REST"},{"floor":30,"key":"DIG"},{"floor":32,"key":"REST"}],"circlet_count":0,"master_deck":["Strike_G","Strike_G","Strike_G","Strike_G","Defend_G","Defend_G","Defend_G","Defend_G","Defend_G","Survivor","Neutralize+1","Slice","Deadly Poison+1","Poisoned Stab","Bouncing Flask","Adrenaline","After Image","Noxious Fumes","Backflip","Dodge and Roll","Setup+1","Prepared+1"],"relics":["Ring of the Snake","NeowsBlessing","Boot","Lantern","Blood Vial","Vajra","Du-Vu Doll","Black Star","Juzu Bracelet","MutagenicStrength","Shovel","Ornamental Fan","Bag of Marbles","Anchor","Ginger","PreservedInsect","Dream Catcher"],"acts_visited":["Exordium","TheCity"],"potions_floor_usage":[28],"damage_taken":[{"damage":0.0,"enemies":"Cultist","floor":1.0,"turns":1.0},{"damage":0.0,"enemies":"2 Louse","floor":3.0,"turns":1.0},{"damage":0.0,"enemies":"Small Slimes","floor":4.0,"turns":1.0},{"damage":18.0,"enemies":"Lagavulin","floor":6.0,"turns":4.0},{"damage":23.0,"enemies":"Gremlin Nob","floor":8.0,"turns":4.0},{"damage":30.0,"enemies":"Lagavulin","floor":10.0,"turns":4.0},{"damage":21.0,"enemies":"Gremlin Nob","floor":13.0,"turns":4.0},{"damage":6.0,"enemies":"Looter","floor":14.0,"turns":3.0},{"damage":30.0,"enemies":"The Guardian","floor":16.0,"turns":7.0},{"damage":0.0,"enemies":"Chosen","floor":18.0,"turns":3.0},{"damage":59.0,"enemies":"Slavers","floor":23.0,"turns":6.0},{"damage":44,"enemies":"Book of Stabbing","floor":28,"turns":6},{"damage":0,"enemies":"Spheric Guardian","floor":29,"turns":3},{"damage":33,"enemies":"Automaton","floor":33,"turns":4}],"seed_played":"-1060409836574223987","potions_obtained":[{"floor":1.0,"key":"Energy Potion"},{"floor":3.0,"key":"Poison Potion"},{"floor":8.0,"key":"BlessingOfTheForge"},{"floor":10.0,"key":"BlessingOfTheForge"},{"floor":18.0,"key":"SteroidPotion"}],"is_trial":false,"path_per_floor":["M","?","M","M","$","E","?","E","T","E","R","?","E","M","R","B",null,"M","$","?","?","?","E","R","$","T","R","E","M","R","?","R","B"],"character_chosen":"THE_SILENT","items_purchased":["Footwork","AttackPotion","Juzu Bracelet","Block Potion","Poison Potion","DuplicationPotion"],"campfire_rested":4,"item_purchase_floors":[5,5,19,19,19,25],"current_hp_per_floor":[63,63,63,63,63,45,62,39,39,11,32,70,49,45,45,17,57,59,59,59,59,59,2,23,23,23,44,2,4,4,4,25,0,0],"gold":3,"neow_bonus":"THREE_ENEMY_KILL","is_daily":false,"chose_seed":false,"campfire_upgraded":1,"win_rate":0.0,"timestamp":1613349332,"path_taken":["M","?","?","M","$","E","?","E","T","E","R","?","E","M","R","BOSS","M","?","?","?","?","E","R","$","T","R","E","M","R","?","R","BOSS"],"items_purchased_type":["Card","Potion","Relic","Potion","Potion","Potion"],"build_version":"2020-12-22","purchased_purges":0,"victory":false,"max_hp_per_floor":[70,70,70,70,70,70,70,70,70,70,70,70,70,70,70,70,70,70,70,70,70,70,70,70,70,70,70,70,70,70,70,70,70,70],"card_choices":[{"not_picked":["Acrobatics","Tactician"],"picked":"Slice","floor":1.0},{"not_picked":["Poisoned Stab","Blur"],"picked":"Deadly Poison","floor":3.0},{"not_picked":["Underhanded Strike","Choke"],"picked":"Poisoned Stab","floor":4.0},{"not_picked":["Flying Knee","All Out Attack"],"picked":"Bouncing Flask","floor":6.0},{"not_picked":["Concentrate","Riddle With Holes","Accuracy"],"picked":"SKIP","floor":8.0},{"not_picked":["Outmaneuver","Infinite Blades","Cloak And Dagger"],"picked":"SKIP","floor":10.0},{"not_picked":["Choke","Flying Knee"],"picked":"Adrenaline","floor":13.0},{"not_picked":["All Out Attack","Prepared","Well Laid Plans"],"picked":"SKIP","floor":14.0},{"not_picked":["Venomology","Grand Finale"],"picked":"After Image","floor":16.0},{"not_picked":["PiercingWail","Poisoned Stab"],"picked":"Noxious Fumes","floor":18.0},{"not_picked":["Skewer","Infinite Blades"],"picked":"Dodge and Roll","floor":23.0},{"not_picked":["Tools of the Trade","Infinite Blades"],"picked":"Setup+1","floor":28},{"not_picked":["Masterful Stab","All Out Attack","Predator"],"picked":"SKIP","floor":29},{"not_picked":["Cloak And Dagger","Accuracy"],"picked":"Prepared+1","floor":32}],"player_experience":215674,"relics_obtained":[{"floor":6.0,"key":"Boot"},{"floor":8.0,"key":"Lantern"},{"floor":9.0,"key":"Blood Vial"},{"floor":10.0,"key":"Vajra"},{"floor":13.0,"key":"Du-Vu Doll"},{"floor":23.0,"key":"Shovel"},{"floor":23.0,"key":"Ornamental Fan"},{"floor":26.0,"key":"Bag of Marbles"},{"floor":28,"key":"Anchor"},{"floor":28,"key":"Ginger"},{"floor":30,"key":"PreservedInsect"}],"event_choices":[{"damage_healed":0.0,"max_hp_gain":0.0,"max_hp_loss":0.0,"gold_gain":0.0,"event_name":"Upgrade Shrine","player_choice":"Upgraded","floor":2.0,"gold_loss":0.0,"damage_taken":0.0,"cards_upgraded":["Neutralize"]},{"damage_healed":17.0,"max_hp_gain":0.0,"max_hp_loss":0.0,"gold_gain":0.0,"event_name":"The Cleric","player_choice":"Healed","floor":7.0,"gold_loss":35.0,"damage_taken":0.0},{"cards_removed":["Footwork"],"damage_healed":38.0,"max_hp_gain":0.0,"max_hp_loss":0.0,"gold_gain":0.0,"event_name":"Bonfire Elementals","player_choice":"Offered Uncommon","floor":12.0,"gold_loss":0.0,"damage_taken":0.0},{"damage_healed":0.0,"max_hp_gain":0.0,"max_hp_loss":0.0,"gold_gain":0.0,"event_name":"The Library","player_choice":"Read","floor":20.0,"gold_loss":0.0,"damage_taken":0.0,"cards_obtained":["Backflip"]},{"damage_healed":0.0,"max_hp_gain":0.0,"max_hp_loss":0.0,"gold_gain":0.0,"event_name":"Drug Dealer","player_choice":"Inject Mutagens","floor":21.0,"gold_loss":0.0,"damage_taken":0.0,"relics_obtained":["MutagenicStrength"]},{"cards_removed":["Strike_G"],"damage_healed":0.0,"max_hp_gain":0.0,"max_hp_loss":0.0,"gold_gain":0.0,"event_name":"Wheel of Change","player_choice":"Card Removal","floor":22.0,"gold_loss":0.0,"damage_taken":0.0},{"damage_healed":0,"gold_gain":0,"player_choice":"Obtained Relic","damage_taken":0,"relics_obtained":["Dream Catcher"],"max_hp_gain":0,"max_hp_loss":0,"event_name":"Addict","floor":31,"gold_loss":85}],"is_beta":false,"boss_relics":[{"not_picked":["Runic Pyramid","Ectoplasm"],"picked":"Black Star"}],"items_purged_floors":[],"is_endless":false,"potions_floor_spawned":[1,3,8,10,18],"killed_by":"Automaton","ascension_level":6}}