{"host":"56xwnffi6e9z5l58","time":1613401960,"event":{"mods":["Aspiration","BaseMod","Better Match","Better Note","Better Sensory Stone","BetterRewards","Colored Map","Colored Powertips","Conspire","Downfall","GifTheSpireLib","Hermit","Highlight Path","Hubris","Infinite Spire","Key Reminder","Minty Spire (QoL Compilation)","Permanent Neow","Quick Restart","Rare Cards Sparkle","Replay The Spire","StSLib","Stuff the Spire","SuperFastMode","Unceasing Turn Reminder"],"gold_per_floor":[14,14,34,51,51,51,226,226,226,226,237,247,247,267,267,372,372,384,384,384,384],"floor_reached":19,"language":"ENG","playtime":492,"items_purged":[],"score":159,"play_id":"2f4e58be-69de-4917-8557-7ee5381d4ccc","local_time":"20210215231240","is_ascension_mode":false,"campfire_choices":[{"data":"hexamod:VolcanoVisage","floor":6,"key":"SMITH"},{"data":"hexamod:FlamesFromBeyond","floor":10,"key":"SMITH"},{"data":"hexamod:Sear","floor":13,"key":"SMITH"},{"floor":15,"key":"DIG"}],"circlet_count":0,"master_deck":["hexamod:Strike","hexamod:Strike","hexamod:Defend+1","hexamod:Defend","hexamod:Defend","hexamod:Sear+1","hexamod:Float","hexamod:RainOfEmbers+1","hexamod:FastForward","hexamod:FlamesFromBeyond+1","hexamod:VolcanoVisage+1","hexamod:FirstSeal","hexamod:HexaLevel","hexamod:GhostLash"],"relics":["hexamod:SpiritBrand","infinitespire:EmpoweringShard","hubris:BundleOfHerbs","HornCleat","Replay:Drink Me"],"acts_visited":["Exordium","TheCity"],"potions_floor_usage":[],"damage_taken":[{"damage":3,"enemies":"2 Louse","floor":1,"turns":3},{"damage":0,"enemies":"Small Slimes","floor":3,"turns":3},{"damage":1,"enemies":"Jaw Worm","floor":4,"turns":3},{"damage":5,"enemies":"Looter","floor":11,"turns":3},{"damage":7,"enemies":"Gremlin Gang","floor":12,"turns":5},{"damage":3,"enemies":"Exordium Wildlife","floor":14,"turns":3},{"damage":28,"enemies":"Fading Forest","floor":16,"turns":11},{"damage":40,"enemies":"Shell Parasite","floor":18,"turns":6},{"damage":20,"enemies":"Spheric Guardian","floor":19,"turns":5}],"seed_played":"5020436264947819221","potions_obtained":[{"floor":14,"key":"Ancient Potion"},{"floor":16,"key":"Toxic Potion"}],"is_trial":false,"path_per_floor":["M","?","M","M","?","R","?","?","T","R","M","M","R","M","R_BF","B",null,"M","M"],"character_chosen":"THE_SPIRIT","items_purchased":[],"campfire_rested":0,"item_purchase_floors":[],"current_hp_per_floor":[67,67,67,66,66,66,66,52,52,52,47,47,47,51,51,30,53,20,0,0,0],"gold":384,"neow_bonus":"TRANSFORM_TWO_CARDS","is_daily":false,"chose_seed":false,"campfire_upgraded":3,"win_rate":0.0,"timestamp":1613401960,"path_taken":["M","?","M","M","?","R","?","?","T","R","M","M","R","M","R_BF","BOSS","M","M"],"items_purchased_type":[],"build_version":"2020-12-22","purchased_purges":0,"victory":false,"max_hp_per_floor":[70,70,70,70,70,70,70,70,70,70,70,70,70,70,70,70,53,53,53,53,53],"card_choices":[{"not_picked":["hexamod:FastForward","hexamod:SwordOfDarkness"],"picked":"hexamod:FlamesFromBeyond","floor":1},{"not_picked":["hexamod:ThermalTransfer","hexamod:FlamesFromBeyond","hexamod:AdvancingGuard"],"picked":"SKIP","floor":3},{"not_picked":["hexamod:GhostLash","hexamod:Incineration"],"picked":"hexamod:VolcanoVisage","floor":4},{"not_picked":["hexamod:SwordOfDarkness","hexamod:Hexaguard"],"picked":"hexamod:FirstSeal","floor":11},{"not_picked":["hexamod:Haunt","hexamod:Hexaguard","hexamod:HeatMetal"],"picked":"SKIP","floor":12},{"not_picked":["hexamod:SwordOfDarkness","hexamod:GhostLash","hexamod:Hexaguard"],"picked":"SKIP","floor":14},{"not_picked":["hexamod:TimeWarp","hexamod:GiftsFromTheDead"],"picked":"hexamod:HexaLevel","floor":16},{"not_picked":["hexamod:Again+1","hexamod:FlamesFromBeyond+1"],"picked":"hexamod:GhostLash","floor":18}],"player_experience":1035854,"relics_obtained":[{"floor":9,"key":"hubris:BundleOfHerbs"},{"floor":15,"key":"HornCleat"}],"event_choices":[{"damage_healed":0,"gold_gain":0,"player_choice":"Leave","damage_taken":0,"max_hp_gain":0,"max_hp_loss":0,"event_name":"conspire:Investor","floor":2,"gold_loss":0},{"damage_healed":0,"gold_gain":175,"player_choice":"AGREE","damage_taken":0,"max_hp_gain":0,"max_hp_loss":0,"event_name":"Liars Game","floor":7,"gold_loss":0,"cards_obtained":["Doubt"]},{"damage_healed":0,"gold_gain":0,"player_choice":"Entered Light","damage_taken":14,"max_hp_gain":0,"max_hp_loss":0,"event_name":"Shining Light","floor":8,"gold_loss":0,"cards_upgraded":["hexamod:RainOfEmbers","hexamod:Defend"]}],"is_beta":false,"boss_relics":[{"not_picked":["Ectoplasm","Honey Jar"],"picked":"Replay:Drink Me"}],"items_purged_floors":[],"is_endless":false,"potions_floor_spawned":[14,16],"killed_by":"Spheric Guardian","ascension_level":0}}