{"host":"AZZAM","time":1613348805,"event":{"mods":["BaseMod","Colored Map","Highlight Path","Minty Spire (QoL Compilation)","Relic Stats","Unceasing Turn Reminder"],"gold_per_floor":[112,62,62,80,155,187,187,214,264,77,77,77,133,165,165,270,270,250,266,118,143,58,70,70],"floor_reached":23,"language":"ENG","playtime":754,"items_purged":["Strike_B","Strike_B"],"score":244,"play_id":"240fbd39-e9e3-46ab-96c3-bf45546d09cf","local_time":"20210215032645","is_ascension_mode":true,"campfire_choices":[{"floor":7,"key":"REST"},{"floor":12,"key":"REST"},{"floor":15,"key":"REST"}],"circlet_count":0,"master_deck":["Defend_B","Defend_B","Defend_B","Zap+1","Dualcast","Sweeping Beam","Aggregate","Ball Lightning+1","Coolheaded","Self Repair","Consume","Defragment","Doom and Gloom","Hologram","Fission","Meteor Strike","Double Energy","Turbo","Compile Driver","Turbo+1"],"relics":["Cracked Core","DataDisk","HornCleat","Juzu Bracelet","White Beast Statue","Calipers","Inserter","Red Mask","MawBank"],"acts_visited":["Exordium","TheCity"],"potions_floor_usage":[23],"damage_taken":[{"damage":3,"enemies":"Small Slimes","floor":1,"turns":2},{"damage":19,"enemies":"Jaw Worm","floor":4,"turns":4},{"damage":32,"enemies":"Gremlin Nob","floor":6,"turns":5},{"damage":14,"enemies":"Lagavulin","floor":8,"turns":7},{"damage":6,"enemies":"Gremlin Nob","floor":13,"turns":3},{"damage":16,"enemies":"3 Sentries","floor":14,"turns":5},{"damage":38,"enemies":"The Guardian","floor":16,"turns":12},{"damage":22,"enemies":"2 Thieves","floor":18,"turns":4},{"damage":26,"enemies":"Shell Parasite","floor":19,"turns":9},{"damage":8,"enemies":"Masked Bandits","floor":21,"turns":3},{"damage":41,"enemies":"Slavers","floor":23,"turns":3}],"seed_played":"3437705326105477972","potions_obtained":[{"floor":13,"key":"FairyPotion"},{"floor":14,"key":"FocusPotion"},{"floor":16,"key":"GamblersBrew"},{"floor":18,"key":"Dexterity Potion"}],"is_trial":false,"path_per_floor":["M","?","?","M","?","E","R","E","T","$","?","R","?","E","R","B",null,"M","M","$","?","?","E"],"character_chosen":"DEFECT","items_purchased":["Defragment","Doom and Gloom","Compile Driver"],"campfire_rested":3,"item_purchase_floors":[10,10,20],"current_hp_per_floor":[72,72,65,46,35,3,25,18,18,18,3,25,26,10,32,17,75,60,41,41,40,40,0,0],"gold":70,"neow_bonus":"TRANSFORM_TWO_CARDS","is_daily":false,"chose_seed":false,"campfire_upgraded":0,"win_rate":0.0,"timestamp":1613348805,"path_taken":["M","?","?","M","?","E","R","E","T","$","?","R","?","E","R","BOSS","M","M","$","?","?","E"],"items_purchased_type":["Card","Card","Card"],"build_version":"2020-12-18","purchased_purges":2,"victory":false,"max_hp_per_floor":[75,75,75,75,75,75,75,75,75,75,75,75,75,75,75,75,75,75,75,75,75,75,75,75],"relic_stats":{"Inserter":[9],"counters":[11,57],"Juzu Bracelet":1,"MawBank":12,"obtain_stats":[{"DataDisk":6,"HornCleat":8,"Calipers":14,"Inserter":17,"Juzu Bracelet":9,"Red Mask":21,"Cracked Core":0,"MawBank":22,"White Beast Statue":13},{"DataDisk":3,"HornCleat":4,"Calipers":6,"Inserter":7,"Juzu Bracelet":4,"Red Mask":10,"Cracked Core":0,"MawBank":10,"White Beast Statue":5},{"DataDisk":11,"HornCleat":18,"Calipers":26,"Inserter":38,"Juzu Bracelet":18,"Red Mask":54,"Cracked Core":0,"MawBank":54,"White Beast Statue":21}]},"card_choices":[{"not_picked":["Turbo","Chill"],"picked":"Ball Lightning","floor":1},{"not_picked":["Lockon","Rebound"],"picked":"Coolheaded","floor":4},{"not_picked":["Stack","Gash"],"picked":"Self Repair","floor":6},{"not_picked":["FTL","Rip and Tear"],"picked":"Consume","floor":8},{"not_picked":["Reprogram","Chaos"],"picked":"Hologram","floor":13},{"not_picked":["Rebound","Turbo"],"picked":"Fission","floor":14},{"not_picked":["Amplify","Core Surge"],"picked":"Meteor Strike","floor":16},{"not_picked":["Darkness","Beam Cell"],"picked":"Double Energy","floor":18},{"not_picked":["Steam+1","Beam Cell"],"picked":"Turbo","floor":19},{"not_picked":["Stack+1","Loop"],"picked":"Turbo+1","floor":21}],"player_experience":89735,"relics_obtained":[{"floor":6,"key":"DataDisk"},{"floor":8,"key":"HornCleat"},{"floor":9,"key":"Juzu Bracelet"},{"floor":13,"key":"White Beast Statue"},{"floor":14,"key":"Calipers"},{"floor":21,"key":"Red Mask"}],"event_choices":[{"cards_removed":["Normality"],"damage_healed":0,"gold_gain":0,"player_choice":"Card Removal","damage_taken":0,"max_hp_gain":0,"max_hp_loss":0,"event_name":"The Cleric","floor":2,"gold_loss":50},{"cards_removed":["Strike_B"],"damage_healed":0,"gold_gain":0,"player_choice":"Card Removal","damage_taken":7,"max_hp_gain":0,"max_hp_loss":0,"event_name":"Golden Wing","floor":3,"gold_loss":0},{"damage_healed":0,"gold_gain":75,"player_choice":"Gather Gold","damage_taken":11,"max_hp_gain":0,"max_hp_loss":0,"event_name":"World of Goop","floor":5,"gold_loss":0},{"damage_healed":0,"gold_gain":0,"player_choice":"Entered Light","damage_taken":15,"max_hp_gain":0,"max_hp_loss":0,"event_name":"Shining Light","floor":11,"gold_loss":0,"cards_upgraded":["Zap","Ball Lightning"]},{"damage_healed":0,"gold_gain":30,"player_choice":"Searched \u00273\u0027 times","damage_taken":0,"max_hp_gain":0,"max_hp_loss":0,"event_name":"Dead Adventurer","floor":13,"gold_loss":0},{"damage_healed":0,"gold_gain":0,"player_choice":"Fought Bandits","damage_taken":0,"max_hp_gain":0,"max_hp_loss":0,"event_name":"Masked Bandits","floor":21,"gold_loss":0},{"damage_healed":0,"gold_gain":0,"player_choice":"Obtained Relic","damage_taken":0,"relics_obtained":["MawBank"],"max_hp_gain":0,"max_hp_loss":0,"event_name":"Addict","floor":22,"gold_loss":85}],"is_beta":true,"boss_relics":[{"not_picked":["Black Star","FrozenCore"],"picked":"Inserter"}],"items_purged_floors":[10,20],"is_endless":false,"potions_floor_spawned":[13,14,16,18,19,21],"killed_by":"Slavers","ascension_level":4}}