{"host":"rylkjufw9dlhr07b","time":1613419049,"event":{"mods":["AchievementEnabler","BaseMod","Better Note","BetterRewards","Hubris","Minty Spire (QoL Compilation)","Quick Restart","StSLib"],"gold_per_floor":[119,131,131,151,175,175,203,203,203,237,254,529,549,559,559,661,661,680,140,140,140,159,188,198,198,198,198,213,229,63,63,63,168,168,183,193,193,193,207,207,207,207],"floor_reached":41,"language":"FRA","playtime":1916,"items_purged":["Regret"],"score":913,"play_id":"9cfcf521-3bb8-4f80-a0f1-7cc5c837369b","local_time":"20210215205729","is_ascension_mode":true,"campfire_choices":[{"data":"Eruption","floor":6,"key":"SMITH"},{"floor":8,"key":"REST"},{"floor":15,"key":"REST"},{"floor":25,"key":"REST"},{"floor":32,"key":"REST"},{"floor":40,"key":"REST"}],"circlet_count":0,"master_deck":["AscendersBane","Strike_P","Strike_P","Strike_P","Strike_P","Defend_P+1","Defend_P","Defend_P","Defend_P","Eruption+1","Vigilance","ThirdEye","CutThroughFate","Conclude","Prostrate","EmptyFist","Protect","Devotion+1","Wireheading+1","TalkToTheHand","ThirdEye","Brilliance","Nirvana+1","Nirvana+1","Prostrate","Flash of Steel","EmptyBody","Evaluate+1","DeusExMachina","White Noise","PathToVictory+1","Nirvana+1","hubris:DuctTapeCard","Devotion+1","CurseOfTheBell","PathToVictory+1","Finesse","Parasite","PathToVictory"],"relics":["PureWater","War Paint","Question Card","Frozen Egg 2","TeardropLocket","Fusion Hammer","Membership Card","Ginger","hubris:MysteriousPyramids","Vajra","Boot","Ornamental Fan","hubris:DuctTape","Calling Bell","Smiling Mask","hubris:TinFlute","hubris:Teleporter"],"acts_visited":["Exordium","TheCity","TheBeyond"],"potions_floor_usage":[7,16,16,23,28,31,33,33,36,41],"damage_taken":[{"damage":6,"enemies":"Cultist","floor":1,"turns":4},{"damage":0,"enemies":"Jaw Worm","floor":2,"turns":2},{"damage":0,"enemies":"2 Louse","floor":4,"turns":1},{"damage":40,"enemies":"Lagavulin","floor":7,"turns":9},{"damage":2,"enemies":"3 Sentries","floor":10,"turns":6},{"damage":2,"enemies":"Gremlin Gang","floor":11,"turns":4},{"damage":1,"enemies":"Blue Slaver","floor":13,"turns":3},{"damage":4,"enemies":"3 Louse","floor":14,"turns":3},{"damage":11,"enemies":"Hexaghost","floor":16,"turns":7},{"damage":3,"enemies":"Spheric Guardian","floor":18,"turns":4},{"damage":0,"enemies":"Chosen","floor":22,"turns":3},{"damage":27,"enemies":"Slavers","floor":23,"turns":7},{"damage":5,"enemies":"Snake Plant","floor":24,"turns":5},{"damage":0,"enemies":"Sentry and Sphere","floor":28,"turns":3},{"damage":0,"enemies":"Cultist and Chosen","floor":29,"turns":6},{"damage":29,"enemies":"Collector","floor":33,"turns":10},{"damage":26,"enemies":"3 Darklings","floor":35,"turns":6},{"damage":0,"enemies":"3 Shapes","floor":36,"turns":8},{"damage":22,"enemies":"Writhing Mass","floor":39,"turns":7},{"damage":57,"enemies":"3 Darklings","floor":41,"turns":3}],"seed_played":"222750960806341521","potions_obtained":[{"floor":1,"key":"ColorlessPotion"},{"floor":7,"key":"ColorlessPotion"},{"floor":11,"key":"SteroidPotion"},{"floor":18,"key":"BottledMiracle"},{"floor":24,"key":"Explosive Potion"},{"floor":28,"key":"ColorlessPotion"},{"floor":33,"key":"Block Potion"},{"floor":39,"key":"SteroidPotion"}],"is_trial":false,"path_per_floor":["M","M","?","M","T","R","E","R","T","E","M","?","M","M","R","B",null,"M","$","?","T","M","E","M","R","T","?","M","M","$","?","R","B",null,"M","M","?","?","M","R","M"],"character_chosen":"WATCHER","items_purchased":["Finesse","ThirdEye","LikeWater","CutThroughFate","Conclude","Membership Card","Nirvana+1","Prostrate","Ginger","Flash of Steel","hubris:MysteriousPyramids","Nirvana+1","hubris:DuctTape"],"campfire_rested":5,"item_purchase_floors":[0,0,0,0,0,19,19,19,19,19,19,30,30],"current_hp_per_floor":[44,44,72,72,72,72,32,53,53,51,49,49,48,44,65,54,68,65,65,65,65,65,38,33,54,54,54,54,54,54,40,63,34,66,40,40,40,43,21,45,0,0],"gold":207,"neow_bonus":"","is_daily":false,"chose_seed":false,"campfire_upgraded":1,"win_rate":0.0,"timestamp":1613419049,"path_taken":["M","M","?","?","?","R","E","R","T","E","?","?","M","M","R","BOSS","M","$","?","?","M","E","M","R","T","?","M","M","?","?","R","BOSS","M","?","?","?","M","R","M"],"items_purchased_type":["Card","Card","Card","Card","Card","Relic","Card","Card","Relic","Card","Relic","Card","Relic"],"build_version":"2020-12-22","purchased_purges":1,"victory":false,"max_hp_per_floor":[72,72,72,72,72,72,72,72,72,72,72,72,72,72,72,72,72,72,72,72,72,72,72,72,72,72,72,72,72,72,77,77,77,77,77,77,77,80,80,80,80,80],"card_choices":[{"not_picked":["WreathOfFlame","CrushJoints"],"picked":"Prostrate","floor":1},{"not_picked":["MentalFortress","Evaluate"],"picked":"FlurryOfBlows","floor":2},{"not_picked":["ThirdEye","JustLucky"],"picked":"EmptyFist","floor":4},{"not_picked":["Establishment","WindmillStrike"],"picked":"Protect","floor":7},{"not_picked":["CarveReality","TalkToTheHand","EmptyBody"],"picked":"Devotion+1","floor":10},{"not_picked":["BowlingBash","ForeignInfluence","FollowUp"],"picked":"Wireheading+1","floor":11},{"not_picked":["ReachHeaven","Prostrate","FlyingSleeves"],"picked":"TalkToTheHand","floor":13},{"not_picked":["TalkToTheHand","InnerPeace","Adaptation+1"],"picked":"ThirdEye","floor":14},{"not_picked":["Omniscience","DevaForm+1","SpiritShield"],"picked":"Brilliance","floor":16},{"not_picked":["FlurryOfBlows","LikeWater+1","EmptyBody"],"picked":"Nirvana+1","floor":18},{"not_picked":["FollowUp","Protect","TalkToTheHand"],"picked":"EmptyBody","floor":22},{"not_picked":["CutThroughFate","WreathOfFlame","Prostrate+1"],"picked":"Evaluate+1","floor":23},{"not_picked":["Vengeance+1","SandsOfTime","EmptyBody"],"picked":"DeusExMachina","floor":24},{"not_picked":["Protect+1","Prostrate","Tantrum"],"picked":"PathToVictory+1","floor":28},{"not_picked":["EmptyFist","Adaptation+1","Halt","ConjureBlade"],"picked":"SKIP","floor":29},{"not_picked":["Scrawl","Ragnarok","Wish"],"picked":"Devotion+1","floor":33},{"not_picked":["ThirdEye","EmptyBody+1","Protect"],"picked":"PathToVictory+1","floor":35},{"not_picked":["FlyingSleeves+1","EmptyBody+1","ReachHeaven+1","Protect"],"picked":"SKIP","floor":36},{"not_picked":["Mind Blast","Panacea","Blind"],"picked":"Finesse","floor":37},{"not_picked":["Consecrate+1","BowlingBash+1","CrushJoints+1"],"picked":"PathToVictory","floor":39}],"player_experience":597761,"relics_obtained":[{"floor":5,"key":"War Paint"},{"floor":7,"key":"Question Card"},{"floor":9,"key":"Frozen Egg 2"},{"floor":10,"key":"TeardropLocket"},{"floor":21,"key":"Vajra"},{"floor":23,"key":"Boot"},{"floor":26,"key":"Ornamental Fan"},{"floor":34,"key":"Smiling Mask"},{"floor":34,"key":"hubris:TinFlute"},{"floor":34,"key":"hubris:Teleporter"}],"event_choices":[{"cards_removed":["LikeWater"],"damage_healed":28,"gold_gain":0,"player_choice":"Offered Uncommon","damage_taken":0,"max_hp_gain":0,"max_hp_loss":0,"event_name":"Bonfire Elementals","floor":3,"gold_loss":0},{"damage_healed":0,"gold_gain":275,"player_choice":"Desecrate","damage_taken":0,"max_hp_gain":0,"max_hp_loss":0,"event_name":"Golden Shrine","floor":12,"gold_loss":0,"cards_obtained":["Regret"]},{"damage_healed":0,"gold_gain":0,"player_choice":"0 cards matched","damage_taken":0,"max_hp_gain":0,"max_hp_loss":0,"event_name":"Match and Keep!","floor":20,"gold_loss":0,"cards_obtained":[]},{"cards_removed":["Finesse"],"damage_healed":0,"gold_gain":0,"player_choice":"Take \u0026 Give","damage_taken":0,"max_hp_gain":0,"max_hp_loss":0,"event_name":"betterNote:BetterNote","floor":27,"gold_loss":0,"cards_obtained":["White Noise"]},{"damage_healed":0,"gold_gain":0,"player_choice":"POTION POTION ","damage_taken":19,"max_hp_gain":0,"max_hp_loss":0,"event_name":"Knowing Skull","floor":31,"potions_obtained":["Fruit Juice","StancePotion"],"gold_loss":0,"cards_obtained":[]},{"damage_healed":0,"gold_gain":0,"player_choice":"Memory 1","damage_taken":0,"max_hp_gain":0,"max_hp_loss":0,"event_name":"SensoryStone","floor":37,"gold_loss":0}],"is_beta":false,"boss_relics":[{"not_picked":["Sozu","Ectoplasm"],"picked":"Fusion Hammer"},{"not_picked":["Tiny House","Runic Pyramid"],"picked":"Calling Bell"}],"items_purged_floors":[19],"is_endless":false,"potions_floor_spawned":[1,7,11,18,24,28,33,39],"killed_by":"3 Darklings","ascension_level":11}}