{"host":"lnfs5t5iydkm2lft","time":1613365409,"event":{"mods":["AchievementEnabler","BaseMod","Better Third Choice","BetterRewards","Colored Powertips","Downfall","Hermit","Hubris","Infinite Spire","Marisa????????","Minty Spire (QoL Compilation)","Quick Restart","Replay The Spire","StSLib","The Runesmith","The Senshi","everything is the same but u backflip on backflip","slay the spire mod where everything is the same but ironclad has a cowboy hat"],"gold_per_floor":[112,112,112,129,143,143,143,160,187,212,230,249,266,266,266],"floor_reached":14,"language":"ENG","playtime":934,"items_purged":[],"score":118,"play_id":"e3ad918c-0d9a-4980-bf8c-1856f4ee6bb9","local_time":"20210214230329","is_ascension_mode":true,"campfire_choices":[{"floor":6,"key":"RECALL"}],"circlet_count":0,"master_deck":["Strike_R","Strike_R","Strike_R","Strike_R","Defend_R","Defend_R","Defend_R","Defend_R","Bash","ReplayTheSpireMod:LeadingStrike","ReplayTheSpireMod:Muscle Training","Inflame","hubris:ReadiedAction","Iron Wave"],"relics":["Burning Blood","NeowsBlessing","hubris:Icosahedron","Turnip"],"acts_visited":["Exordium"],"potions_floor_usage":[8,11,14,14],"damage_taken":[{"damage":0,"enemies":"2 Louse","floor":1,"turns":1},{"damage":6,"enemies":"Small Slimes","floor":4,"turns":2},{"damage":0,"enemies":"Cultist","floor":5,"turns":1},{"damage":17,"enemies":"Exordium Thugs","floor":8,"turns":4},{"damage":37,"enemies":"3 Sentries","floor":10,"turns":8},{"damage":14,"enemies":"Exordium Wildlife","floor":11,"turns":4},{"damage":2,"enemies":"2 Fungi Beasts","floor":12,"turns":2},{"damage":1,"enemies":"Looter","floor":13,"turns":2},{"damage":40,"enemies":"Gremlin Nob","floor":14,"turns":3}],"seed_played":"-1339367862113370556","potions_obtained":[{"floor":1,"key":"Explosive Potion"},{"floor":5,"key":"hexamod:SoulburnPotion"},{"floor":11,"key":"Venom Potion"},{"floor":13,"key":"PowerPotion"}],"is_trial":false,"path_per_floor":["M","?","?","M","M","R","?","M","T","E","M","M","M","E"],"character_chosen":"IRONCLAD","items_purchased":[],"campfire_rested":0,"item_purchase_floors":[],"current_hp_per_floor":[80,80,80,80,80,80,80,69,69,38,30,34,39,0,0],"gold":266,"neow_bonus":"THREE_ENEMY_KILL","is_daily":false,"chose_seed":false,"campfire_upgraded":0,"win_rate":0.0,"timestamp":1613365409,"path_taken":["M","?","?","M","M","R","?","M","T","E","?","M","M","E"],"items_purchased_type":[],"build_version":"2020-12-22","purchased_purges":0,"victory":false,"max_hp_per_floor":[80,80,80,80,80,80,80,80,80,80,80,80,80,80,80],"card_choices":[{"not_picked":["Havoc","Clash","Bloodletting"],"picked":"SKIP","floor":1},{"not_picked":["Perfected Strike","Clash"],"picked":"ReplayTheSpireMod:Muscle Training","floor":4},{"not_picked":["ReplayReversal","Havoc"],"picked":"Inflame","floor":5},{"not_picked":["Dark Embrace","Blood for Blood","Evolve"],"picked":"SKIP","floor":8},{"not_picked":["Headbutt","Seeing Red","Anger"],"picked":"SKIP","floor":10},{"not_picked":["Warcry","Power Through"],"picked":"hubris:ReadiedAction","floor":11},{"not_picked":["Clothesline","Hemokinesis"],"picked":"Iron Wave","floor":12},{"not_picked":["Replay:Undeath\u0027s Touch","Twin Strike","Abandon"],"picked":"SKIP","floor":13}],"player_experience":367867,"relics_obtained":[{"floor":10,"key":"Turnip"}],"event_choices":[{"cards_removed":["Strike_R"],"damage_healed":0,"gold_gain":0,"player_choice":"Offered Basic","damage_taken":0,"max_hp_gain":0,"max_hp_loss":0,"event_name":"Bonfire Elementals","floor":7,"gold_loss":0}],"is_beta":false,"boss_relics":[],"items_purged_floors":[],"is_endless":false,"potions_floor_spawned":[1,5,11,13],"killed_by":"Gremlin Nob","ascension_level":5}}