{"host":"c64dsqyrqv0ei9yn","time":1613428425,"event":{"mods":["BaseMod","Bestiary","Colored Map","Duelist Mod","LagranYue(ùfäiòNÅEåé)","Minty Spire (QoL Compilation)","Prisma Mod","Random Character Button","StSLib","The Alterego","The Servant 0.9.4"],"gold_per_floor":[110,110,110,121,18,18,36,36,36,36,56,56,56,70,70,169,169,152,163,182,195,205,205,231,146,146,176,101,101,113,133,133,235,235,249,260,260,273,46,46,61,72,99,99,111,111,29,39,39,39],"floor_reached":51,"language":"ENG","playtime":4862,"items_purged":["PrismaMod:IllyaCommonAttack"],"score":633,"play_id":"b8dd4dfa-125c-40c7-9723-d5ee64662748","local_time":"20210215223345","is_ascension_mode":false,"campfire_choices":[{"data":"PrismaMod:IllyaUncommonDefend","floor":6,"key":"SMITH"},{"data":"PrismaMod:IllyaHassanGift","floor":8,"key":"SMITH"},{"data":"Parasite","floor":12,"key":"PURGE"},{"data":"PrismaMod:IllyaStunPoison","floor":15,"key":"SMITH"},{"data":"PrismaMod:IllyaCheapAttack","floor":23,"key":"SMITH"},{"data":"PrismaMod:IllyaCarnivalDefend","floor":29,"key":"SMITH"},{"data":"PrismaMod:IllyaUncommonAttack","floor":32,"key":"SMITH"},{"data":"PrismaMod:IllyaDualEvoke","floor":40,"key":"SMITH"},{"data":"Parasite","floor":44,"key":"PURGE"},{"floor":49,"key":"REST"}],"circlet_count":0,"master_deck":["PrismaMod:IllyaCommonDefend","PrismaMod:IllyaCommonDefend","PrismaMod:IllyaCommonAttack","PrismaMod:IllyaCommonDefend","PrismaMod:IllyaCommonAttack","PrismaMod:IllyaCommonDefend","PrismaMod:IllyaCommonAttack","PrismaMod:IllyaCommonDefend","PrismaMod:IllyaUncommonAttack+1","PrismaMod:IllyaUncommonDefend+1","PrismaMod:IllyaCarnivalDefend+1","PrismaMod:IllyaHassanGift+1","PrismaMod:IllyaStunPoison+1","PrismaMod:IllyaSaphire+1","PrismaMod:IllyaFeed","PrismaMod:IllyaStunPoison+1","PrismaMod:IllyaBlindPoisonToss+1","PrismaMod:IllyaCommandSeal+1","PrismaMod:IllyaInstallCaster","PrismaMod:IllyaUberPoisonBlock+1","PrismaMod:IllyaBoysLove+1","PrismaMod:IllyaCheapAttack+1","PrismaMod:IllyaBride+1","PrismaMod:IllyaUberChannel+1","PrismaMod:IllyaUncommonAOEAttack+1","PrismaMod:IllyaUberPoisonBlock+1","PrismaMod:IllyaCheapChannelPoison+1","PrismaMod:IllyaSaphire+1","PrismaMod:IllyaSaphire+1","PrismaMod:IllyaDualEvoke+1","PrismaMod:IllyaUberPoisonBlock+1","PrismaMod:IllyaMinorReinForce+1","PrismaMod:IllyaUberChannel+1","PrismaMod:IllyaRubysPotion+1"],"relics":["PrismaMod:PrismaZwei","Toxic Egg 2","Peace Pipe","Philosopher\u0027s Stone","Bottled Flame","Bronze Scales","Pantograph","Boot","Juzu Bracelet"],"acts_visited":["Exordium","TheCity","TheBeyond"],"potions_floor_usage":[20,20,50,50],"damage_taken":[{"damage":0,"enemies":"2 Louse","floor":1,"turns":2},{"damage":0,"enemies":"Small Slimes","floor":4,"turns":4},{"damage":0,"enemies":"Cultist","floor":7,"turns":4},{"damage":0,"enemies":"Blue Slaver","floor":11,"turns":3},{"damage":13,"enemies":"Large Slime","floor":14,"turns":7},{"damage":20,"enemies":"The Guardian","floor":16,"turns":9},{"damage":3,"enemies":"2 Thieves","floor":18,"turns":4},{"damage":2,"enemies":"Spheric Guardian","floor":19,"turns":4},{"damage":37,"enemies":"Chosen and Byrds","floor":20,"turns":6},{"damage":1,"enemies":"Centurion and Healer","floor":21,"turns":7},{"damage":2,"enemies":"Snecko","floor":22,"turns":5},{"damage":11,"enemies":"Book of Stabbing","floor":24,"turns":5},{"damage":14,"enemies":"Gremlin Leader","floor":27,"turns":4},{"damage":8,"enemies":"Cultist and Chosen","floor":30,"turns":4},{"damage":8,"enemies":"Snake Plant","floor":31,"turns":3},{"damage":47,"enemies":"Champ","floor":33,"turns":10},{"damage":0,"enemies":"3 Shapes","floor":35,"turns":3},{"damage":0,"enemies":"3 Darklings","floor":36,"turns":5},{"damage":4,"enemies":"Writhing Mass","floor":38,"turns":4},{"damage":13,"enemies":"Spire Growth","floor":41,"turns":4},{"damage":19,"enemies":"4 Shapes","floor":42,"turns":4},{"damage":15,"enemies":"Maw","floor":45,"turns":7},{"damage":0,"enemies":"Transient","floor":48,"turns":5},{"damage":42,"enemies":"Awakened One","floor":50,"turns":13}],"seed_played":"1662404031225109621","potions_obtained":[{"floor":7,"key":"EssenceOfSteel"},{"floor":11,"key":"LiquidMemories"},{"floor":19,"key":"Regen Potion"},{"floor":20,"key":"Dexterity Potion"},{"floor":27,"key":"BlessingOfTheForge"}],"is_trial":false,"path_per_floor":["M","?","?","M","$","R","M","R","T","?","M","R","?","M","R","B",null,"M","M","M","M","M","R","E","?","T","E","?","R","M","M","R","B",null,"M","M","?","M","$","R","M","M","T","R","M","?","$","M","R","B",null],"character_chosen":"ILLYA","items_purchased":["PrismaMod:IllyaSaphire+1","PrismaMod:IllyaFeed","PrismaMod:IllyaDualEvoke","PrismaMod:IllyaUberPoisonBlock+1","PrismaMod:IllyaUberChannel+1"],"campfire_rested":1,"item_purchase_floors":[5,5,39,39,47],"current_hp_per_floor":[75,75,42,42,42,42,42,42,42,60,60,60,60,62,62,62,72,69,67,39,53,51,51,56,56,56,58,58,58,68,65,65,45,72,72,72,72,72,72,72,64,45,45,45,30,30,30,30,50,52],"gold":39,"neow_bonus":"ONE_RANDOM_RARE_CARD","is_daily":false,"chose_seed":false,"campfire_upgraded":7,"win_rate":0.0,"timestamp":1613428425,"path_taken":["M","?","?","M","$","R","M","R","T","?","M","R","?","M","R","BOSS","M","M","M","M","M","R","E","?","T","E","?","R","M","M","R","BOSS","M","M","?","M","$","R","M","M","T","R","M","?","?","M","R","BOSS"],"items_purchased_type":["Card","Card","Card","Card","Card"],"build_version":"2020-12-22","purchased_purges":1,"victory":true,"max_hp_per_floor":[75,75,75,75,75,75,75,75,75,75,75,72,72,72,72,72,72,72,72,72,72,72,72,72,72,72,72,72,72,72,72,72,72,72,72,72,72,72,72,72,72,72,72,69,69,69,69,69,69,69],"card_choices":[{"not_picked":["PrismaMod:IllyaStunPoison","PrismaMod:IllyaRubysPotion"],"picked":"PrismaMod:IllyaHassanGift","floor":1},{"not_picked":["PrismaMod:IllyaTestament","PrismaMod:IllyaRubysPotion+1"],"picked":"PrismaMod:IllyaStunPoison","floor":4},{"not_picked":["PrismaMod:IllyaUpgradeOrbs+1","PrismaMod:IllyaMinorZwei+1"],"picked":"PrismaMod:IllyaStunPoison","floor":7},{"not_picked":["PrismaMod:IllyaPoisonTippedWeapons","PrismaMod:IllyaPartialInstallAssassin+1"],"picked":"PrismaMod:IllyaBlindPoisonToss+1","floor":11},{"not_picked":["PrismaMod:IllyaCommonEvoke","PrismaMod:IllyaUncommonEvoke"],"picked":"PrismaMod:IllyaCommandSeal+1","floor":14},{"not_picked":["PrismaMod:IllyaUberAttackChannel+1","PrismaMod:IllyaCarnivalPrismaAstolfo+1"],"picked":"PrismaMod:IllyaInstallCaster","floor":16},{"not_picked":["PrismaMod:IllyaBride+1","PrismaMod:IllyaGrailKun+1"],"picked":"PrismaMod:IllyaUberPoisonBlock+1","floor":18},{"not_picked":["PrismaMod:IllyaDetonatingBlow","PrismaMod:IllyaGrailKun+1","PrismaMod:IllyaMinorZwei+1"],"picked":"SKIP","floor":19},{"not_picked":["PrismaMod:IllyaUncommonEvoke","PrismaMod:IllyaRussianRoulette+1"],"picked":"PrismaMod:IllyaBoysLove+1","floor":20},{"not_picked":["PrismaMod:IllyaDetonatingBlow+1","PrismaMod:IllyaMinorRapidFire+1"],"picked":"PrismaMod:IllyaCheapAttack","floor":21},{"not_picked":["PrismaMod:IllyaBerserCAR","PrismaMod:IllyaMinorRapidFire"],"picked":"PrismaMod:IllyaBride+1","floor":22},{"not_picked":["PrismaMod:IllyaUpgradeOrbs+1","PrismaMod:IllyaGrailKun+1"],"picked":"PrismaMod:IllyaUberChannel+1","floor":24},{"not_picked":["PrismaMod:IllyaBride+1","PrismaMod:IllyaRussianRoulette+1"],"picked":"PrismaMod:IllyaUncommonAOEAttack+1","floor":27},{"not_picked":["PrismaMod:IllyaRussianRoulette+1","PrismaMod:IllyaHassanGift+1"],"picked":"PrismaMod:IllyaUberPoisonBlock+1","floor":30},{"not_picked":["PrismaMod:IllyaPoisonTippedWeapons+1","PrismaMod:IllyaUncommonAttack+1"],"picked":"PrismaMod:IllyaCheapChannelPoison+1","floor":31},{"not_picked":["PrismaMod:IllyaCommonEvoke+1","PrismaMod:IllyaCheapChannelAttack+1"],"picked":"PrismaMod:IllyaSaphire+1","floor":35},{"not_picked":["PrismaMod:IllyaMinorZwei+1","PrismaMod:IllyaRapidFire"],"picked":"PrismaMod:IllyaSaphire+1","floor":36},{"not_picked":["PrismaMod:IllyaBoysLove+1","PrismaMod:IllyaRussianRoulette+1","PrismaMod:IllyaAlice+1"],"picked":"SKIP","floor":38},{"not_picked":["PrismaMod:IllyaMinorZwei+1","PrismaMod:IllyaUpgradeOrbs+1","PrismaMod:IllyaInstallCaster"],"picked":"SKIP","floor":41},{"not_picked":["PrismaMod:IllyaStunPoison+1","PrismaMod:IllyaCommonEvoke"],"picked":"PrismaMod:IllyaCommandSeal+1","floor":42},{"not_picked":["PrismaMod:IllyaGun","PrismaMod:IllyaGrailKun+1"],"picked":"PrismaMod:IllyaMinorReinForce+1","floor":45},{"not_picked":["PrismaMod:IllyaMinorZwei+1","PrismaMod:IllyaCheapChannelPoison+1"],"picked":"PrismaMod:IllyaRubysPotion+1","floor":48}],"player_experience":71123,"relics_obtained":[{"floor":9,"key":"Peace Pipe"},{"floor":24,"key":"Bottled Flame"},{"floor":26,"key":"Pantograph"},{"floor":27,"key":"Boot"},{"floor":43,"key":"Juzu Bracelet"}],"event_choices":[{"damage_healed":0,"gold_gain":0,"player_choice":"Leave","damage_taken":0,"max_hp_gain":0,"max_hp_loss":0,"event_name":"The Cleric","floor":2,"gold_loss":0},{"damage_healed":0,"gold_gain":0,"player_choice":"Success","damage_taken":33,"relics_obtained":["Toxic Egg 2"],"max_hp_gain":0,"max_hp_loss":0,"event_name":"Scrap Ooze","floor":3,"gold_loss":0},{"damage_healed":18,"gold_gain":0,"player_choice":"Healed and dodged fight","damage_taken":0,"max_hp_gain":0,"max_hp_loss":0,"event_name":"Mushrooms","floor":10,"gold_loss":0,"cards_obtained":["Parasite"]},{"damage_healed":0,"gold_gain":0,"player_choice":"Forge","damage_taken":0,"max_hp_gain":0,"max_hp_loss":0,"event_name":"Accursed Blacksmith","floor":13,"gold_loss":0,"cards_upgraded":["PrismaMod:IllyaStunPoison"]},{"damage_healed":0,"gold_gain":0,"player_choice":"Obtained Relic","damage_taken":0,"relics_obtained":["Bronze Scales"],"max_hp_gain":0,"max_hp_loss":0,"event_name":"Addict","floor":25,"gold_loss":85},{"cards_removed":["PrismaMod:IllyaCommonAttack"],"damage_healed":0,"gold_gain":0,"player_choice":"Gave Gold","damage_taken":0,"max_hp_gain":0,"max_hp_loss":0,"event_name":"Beggar","floor":28,"gold_loss":75},{"damage_healed":0,"gold_gain":0,"player_choice":"Ignored","damage_taken":0,"max_hp_gain":0,"max_hp_loss":0,"event_name":"Tomb of Lord Red Mask","floor":37,"gold_loss":0},{"cards_removed":["PrismaMod:IllyaCommandSeal"],"damage_healed":0,"gold_gain":0,"player_choice":"Removed Skill","damage_taken":0,"max_hp_gain":0,"max_hp_loss":0,"event_name":"Falling","floor":46,"gold_loss":0}],"is_beta":false,"boss_relics":[{"not_picked":["Empty Cage","SacredBark"],"picked":"Philosopher\u0027s Stone"},{"not_picked":["Sozu","LagranYue:SoulBurningRelic"],"picked":"PrismaMod:PrismaZwei"}],"items_purged_floors":[39],"is_endless":false,"potions_floor_spawned":[7,11,19,20,27,36,41],"ascension_level":0}}