{"host":"kda2p2afd6bvz6qo","time":1613357855,"event":{"mods":["BaseMod","Colored Map","Minty Spire (QoL Compilation)","Relic Stats"],"gold_per_floor":[114,127,127,147,26,26,51,51,74,134,148,148,174,186,186,283,283,293,293,44,54,73,73,102,102,102,116,130,130,144,158,158,257,257,272,282,296,346,346,381,381,406,455,475,505,525,121,131,131,131,131,131,34,69,69],"floor_reached":56,"language":"ENG","playtime":4628,"items_purged":["Strike_B","Strike_B"],"score":1527,"play_id":"df01e360-ea85-4b2b-ab40-35befd8bf46c","local_time":"20210215025735","is_ascension_mode":true,"campfire_choices":[{"data":"Zap","floor":6.0,"key":"SMITH"},{"data":"Ball Lightning","floor":8.0,"key":"SMITH"},{"data":"Doom and Gloom","floor":12.0,"key":"SMITH"},{"data":"Darkness","floor":15.0,"key":"SMITH"},{"data":"Fusion","floor":23.0,"key":"SMITH"},{"data":"Self Repair","floor":25.0,"key":"SMITH"},{"data":"Defragment","floor":29.0,"key":"SMITH"},{"data":"Machine Learning","floor":32.0,"key":"SMITH"},{"floor":41.0,"key":"RECALL"},{"data":"Coolheaded","floor":49,"key":"SMITH"},{"data":"Coolheaded","floor":52,"key":"SMITH"}],"circlet_count":0,"master_deck":["Strike_B","Defend_B","Defend_B","Defend_B","Defend_B","Zap+1","Dualcast","Consume+1","BootSequence","Doom and Gloom+1","Coolheaded+1","Ball Lightning+1","Conserve Battery","Machine Learning+1","Darkness+1","Multi-Cast","Hologram+1","Defragment+1","Fusion+1","Coolheaded+1","Self Repair+1","BootSequence","Multi-Cast","Multi-Cast","Darkness+1","Go for the Eyes+1","Undo+1","Fusion+1","Cold Snap"],"relics":["Inserter","Orichalcum","Blood Vial","Centennial Puzzle","InkBottle","Coffee Dripper","White Beast Statue","Bronze Scales","Busted Crown","Bird Faced Urn","Ornamental Fan","Pantograph","Oddly Smooth Stone","Cables","Frozen Eye","Mango"],"acts_visited":["Exordium","TheCity","TheBeyond","TheEnding"],"potions_floor_usage":[45,45,46,50,55,55,55],"damage_taken":[{"damage":3.0,"enemies":"Jaw Worm","floor":1.0,"turns":5.0},{"damage":6.0,"enemies":"Cultist","floor":2.0,"turns":4.0},{"damage":0.0,"enemies":"2 Louse","floor":4.0,"turns":3.0},{"damage":7.0,"enemies":"Lagavulin","floor":7.0,"turns":7.0},{"damage":7.0,"enemies":"Lagavulin Event","floor":10.0,"turns":7.0},{"damage":8.0,"enemies":"Gremlin Gang","floor":11.0,"turns":4.0},{"damage":8.0,"enemies":"3 Sentries","floor":13.0,"turns":5.0},{"damage":0.0,"enemies":"Lots of Slimes","floor":14.0,"turns":1.0},{"damage":13.0,"enemies":"Hexaghost","floor":16.0,"turns":7.0},{"damage":16.0,"enemies":"2 Thieves","floor":18.0,"turns":3.0},{"damage":3.0,"enemies":"3 Byrds","floor":21.0,"turns":3.0},{"damage":6.0,"enemies":"Shelled Parasite and Fungi","floor":22.0,"turns":4.0},{"damage":30.0,"enemies":"Gremlin Leader","floor":24.0,"turns":8.0},{"damage":13.0,"enemies":"Snake Plant","floor":27.0,"turns":4.0},{"damage":0.0,"enemies":"Cultist and Chosen","floor":28.0,"turns":7.0},{"damage":4.0,"enemies":"Shelled Parasite and Fungi","floor":30.0,"turns":5.0},{"damage":0.0,"enemies":"Snecko","floor":31.0,"turns":3.0},{"damage":44.0,"enemies":"Automaton","floor":33.0,"turns":8.0},{"damage":27.0,"enemies":"3 Darklings","floor":35.0,"turns":6.0},{"damage":8.0,"enemies":"Orb Walker","floor":36.0,"turns":5.0},{"damage":1.0,"enemies":"3 Darklings","floor":37.0,"turns":4.0},{"damage":0.0,"enemies":"Mind Bloom Boss Battle","floor":38.0,"turns":5.0},{"damage":17.0,"enemies":"Giant Head","floor":40.0,"turns":8.0},{"damage":6.0,"enemies":"Nemesis","floor":42.0,"turns":7.0},{"damage":23.0,"enemies":"4 Shapes","floor":44.0,"turns":6.0},{"damage":37,"enemies":"Reptomancer","floor":45,"turns":5},{"damage":0,"enemies":"Writhing Mass","floor":46,"turns":4},{"damage":1,"enemies":"Sphere and 2 Shapes","floor":48,"turns":4},{"damage":30,"enemies":"Awakened One","floor":50,"turns":12},{"damage":11,"enemies":"Shield and Spear","floor":54,"turns":5},{"damage":90,"enemies":"The Heart","floor":55,"turns":12}],"seed_played":"-1072077220650807106","potions_obtained":[{"floor":2.0,"key":"EntropicBrew"},{"floor":13.0,"key":"PowerPotion"},{"floor":21.0,"key":"EntropicBrew"},{"floor":27.0,"key":"DuplicationPotion"},{"floor":28.0,"key":"SkillPotion"},{"floor":30.0,"key":"Regen Potion"},{"floor":31.0,"key":"LiquidMemories"},{"floor":33.0,"key":"DistilledChaos"},{"floor":35.0,"key":"Energy Potion"},{"floor":36.0,"key":"PowerPotion"},{"floor":37.0,"key":"PotionOfCapacity"},{"floor":38.0,"key":"PotionOfCapacity"},{"floor":40.0,"key":"EssenceOfDarkness"},{"floor":44.0,"key":"SpeedPotion"},{"floor":45,"key":"BlessingOfTheForge"},{"floor":46,"key":"PowerPotion"},{"floor":48,"key":"BlessingOfTheForge"}],"is_trial":false,"path_per_floor":["M","M","?","M","$","R","E","R","T","?","M","R","E","M","R","B",null,"M","?","$","M","M","R","E","R","T","M","M","R","M","M","R","B",null,"M","M","M","?","?","E","R","E","T","M","E","M","$","M","R","B",null,"R","$","E","B",null],"character_chosen":"DEFECT","items_purchased":["Coolheaded","Defragment","Fusion","Cables","Frozen Eye","Cold Snap","Dexterity Potion"],"campfire_rested":0,"item_purchase_floors":[5,20,20,47,47,53,53],"current_hp_per_floor":[65,59,59,59,59,59,52,52,52,47,41,41,35,37,37,26,63,49,49,49,48,44,44,16,16,16,15,37,37,45,47,47,30,64,49,53,64,75,71,65,65,71,71,60,29,47,47,64,64,57,68,68,68,85,13],"gold":69,"neow_bonus":"BOSS_RELIC","is_daily":false,"chose_seed":false,"campfire_upgraded":10,"win_rate":0.0,"timestamp":1613357855,"path_taken":["M","M","?","?","?","R","E","R","T","?","M","R","E","M","R","BOSS","M","?","$","?","M","R","E","R","T","M","M","R","?","M","R","BOSS","M","M","?","?","?","E","R","E","T","M","E","M","$","M","R","BOSS","R","$","E","BOSS"],"items_purchased_type":["Card","Card","Card","Relic","Relic","Card","Potion"],"build_version":"2020-12-22","purchased_purges":2,"victory":true,"max_hp_per_floor":[75,75,75,75,75,75,75,75,75,75,75,75,75,75,75,75,75,75,75,75,75,75,75,75,75,75,75,75,75,75,75,75,75,75,75,75,75,75,71,71,71,71,71,71,71,71,71,71,71,71,71,71,71,85,85],"relic_stats":{"Inserter":[85],"counters":[31,171],"Orichalcum":[174],"Cables":[31,5,7,10,9],"Blood Vial":46,"Centennial Puzzle":[66],"Busted Crown":22,"Ornamental Fan":[8],"Bronze Scales":[483],"Bird Faced Urn":[52],"Pantograph":7,"obtain_stats":[{"Inserter":0,"Oddly Smooth Stone":45,"Mango":54,"Orichalcum":7,"White Beast Statue":24,"Cables":47,"Blood Vial":9,"Frozen Eye":47,"Centennial Puzzle":10,"Busted Crown":34,"Ornamental Fan":40,"Bronze Scales":26,"Bird Faced Urn":38,"Pantograph":42,"Coffee Dripper":17,"Cracked Core":0,"InkBottle":13},{"Inserter":0,"Oddly Smooth Stone":26,"Mango":30,"Orichalcum":4,"White Beast Statue":13,"Cables":27,"Blood Vial":4,"Frozen Eye":27,"Centennial Puzzle":4,"Busted Crown":18,"Ornamental Fan":23,"Bronze Scales":13,"Bird Faced Urn":22,"Pantograph":24,"Coffee Dripper":9,"Cracked Core":0,"InkBottle":7},{"Inserter":0,"Oddly Smooth Stone":134,"Mango":159,"Orichalcum":19,"White Beast Statue":61,"Cables":138,"Blood Vial":19,"Frozen Eye":138,"Centennial Puzzle":19,"Busted Crown":88,"Ornamental Fan":116,"Bronze Scales":61,"Bird Faced Urn":108,"Pantograph":123,"Coffee Dripper":43,"Cracked Core":0,"InkBottle":35}],"InkBottle":[62]},"card_choices":[{"not_picked":["Ball Lightning","Hologram"],"picked":"Consume","floor":1.0},{"not_picked":["Rebound","Streamline"],"picked":"BootSequence","floor":2.0},{"not_picked":["Scrape","Barrage"],"picked":"Doom and Gloom","floor":4.0},{"not_picked":["Leap","Barrage"],"picked":"Ball Lightning","floor":7.0},{"not_picked":["Compile Driver","Turbo"],"picked":"Conserve Battery","floor":10.0},{"not_picked":["Steam","Turbo","Gash"],"picked":"SKIP","floor":11.0},{"not_picked":["Hello World","Reprogram"],"picked":"Machine Learning","floor":13.0},{"not_picked":["Gash","BootSequence"],"picked":"Darkness","floor":14.0},{"not_picked":["Creative AI","Reboot"],"picked":"Multi-Cast","floor":16.0},{"not_picked":["Beam Cell","Storm"],"picked":"Hologram+1","floor":18.0},{"not_picked":["Steam+1","Conserve Battery","Compile Driver"],"picked":"SKIP","floor":21.0},{"not_picked":["Sweeping Beam","Barrage"],"picked":"Coolheaded","floor":22.0},{"not_picked":["Rebound","Lockon"],"picked":"Self Repair","floor":24.0},{"not_picked":["Reinforced Body","Stack+1"],"picked":"BootSequence","floor":27.0},{"not_picked":["Sweeping Beam","Gash","Scrape"],"picked":"SKIP","floor":28.0},{"not_picked":["Capacitor","Rebound","Go for the Eyes"],"picked":"SKIP","floor":30.0},{"not_picked":["Compile Driver","Chaos"],"picked":"Multi-Cast","floor":31.0},{"not_picked":["Hyperbeam","Thunder Strike"],"picked":"Multi-Cast","floor":33.0},{"not_picked":[],"picked":"Darkness+1","floor":35.0},{"not_picked":[],"picked":"Go for the Eyes+1","floor":36.0},{"not_picked":["Stack"],"picked":"SKIP","floor":37.0},{"not_picked":["Fusion"],"picked":"SKIP","floor":40.0},{"not_picked":["Gash+1"],"picked":"SKIP","floor":42.0},{"not_picked":["Steam"],"picked":"SKIP","floor":44.0},{"not_picked":[],"picked":"Undo+1","floor":45},{"not_picked":[],"picked":"Fusion+1","floor":46},{"not_picked":["Go for the Eyes"],"picked":"SKIP","floor":48},{"not_picked":["Compile Driver"],"picked":"SKIP","floor":54}],"player_experience":265431,"relics_obtained":[{"floor":7.0,"key":"Orichalcum"},{"floor":9.0,"key":"Blood Vial"},{"floor":13.0,"key":"InkBottle"},{"floor":24.0,"key":"White Beast Statue"},{"floor":26.0,"key":"Bronze Scales"},{"floor":38.0,"key":"Bird Faced Urn"},{"floor":40.0,"key":"Ornamental Fan"},{"floor":42.0,"key":"Pantograph"},{"floor":45,"key":"Oddly Smooth Stone"},{"floor":54,"key":"Mango"}],"event_choices":[{"damage_healed":0.0,"max_hp_gain":0.0,"max_hp_loss":0.0,"gold_gain":0.0,"event_name":"Upgrade Shrine","player_choice":"Upgraded","floor":3.0,"gold_loss":0.0,"damage_taken":0.0,"cards_upgraded":["Consume"]},{"damage_healed":0.0,"max_hp_gain":0.0,"max_hp_loss":0.0,"gold_gain":0.0,"event_name":"Dead Adventurer","player_choice":"Searched \u00272\u0027 times","floor":10.0,"gold_loss":0.0,"damage_taken":0.0,"relics_obtained":["Centennial Puzzle"]},{"cards_removed":["Strike_B"],"damage_healed":0.0,"max_hp_gain":0.0,"max_hp_loss":0.0,"gold_gain":0.0,"event_name":"Bonfire Elementals","player_choice":"Offered Basic","floor":19.0,"gold_loss":0.0,"damage_taken":0.0},{"damage_healed":0.0,"max_hp_gain":0.0,"max_hp_loss":0.0,"gold_gain":0.0,"event_name":"MindBloom","player_choice":"Fight","floor":38.0,"gold_loss":0.0,"damage_taken":0.0},{"damage_healed":0.0,"max_hp_gain":0.0,"max_hp_loss":4.0,"gold_gain":0.0,"event_name":"Winding Halls","player_choice":"Max HP","floor":39.0,"gold_loss":0.0,"damage_taken":0.0}],"is_beta":false,"boss_relics":[{"not_picked":["Cursed Key","Black Star"],"picked":"Coffee Dripper"},{"not_picked":["Sozu","Fusion Hammer"],"picked":"Busted Crown"}],"items_purged_floors":[5,20],"is_endless":false,"potions_floor_spawned":[2,13,14,21,27,28,30,31,33,35,36,37,38,40,42,44,45,46,48,54],"ascension_level":7}}