{"host":"xkmvu47k9fdstweo","time":1613422069,"event":{"mods":["BaseMod","Colored Map","Conspire","Hubris","Minty Spire (QoL Compilation)","Quick Restart","Shop Mod","StSLib"],"gold_per_floor":[109,109,184,197,197,197,212,245,245,258,273,273,289,305,305,406,406,420,420,420,0,11,11,36,36,86,117,117,117,132,145,145,241,291,311,330,330,103,115,141,156,156,156],"floor_reached":42,"language":"ENG","playtime":1883,"items_purged":["Strike_G"],"score":754,"play_id":"48a4e105-b449-40c1-af25-e7457479abbd","local_time":"20210215154749","is_ascension_mode":true,"campfire_choices":[{"data":"Poisoned Stab","floor":6.0,"key":"SMITH"},{"floor":12.0,"key":"REST"},{"floor":15.0,"key":"REST"},{"data":"hubris:EnhanceAbility","floor":23.0,"key":"SMITH"},{"floor":25.0,"key":"REST"},{"data":"Envenom","floor":29.0,"key":"SMITH"},{"floor":32,"key":"REST"}],"circlet_count":0,"master_deck":["AscendersBane","Strike_G","Strike_G","Strike_G","Strike_G","Defend_G","Defend_G+1","Defend_G+1","Defend_G","Defend_G","Survivor","Neutralize+1","Backflip","Poisoned Stab+1","PiercingWail+1","Bullet Time","Cloak And Dagger","Deflect","Adrenaline","conspire:DoublingDagger","Envenom+1","Dagger Spray+1","hubris:EnhanceAbility+1","Prepared","hubris:Despair","Adrenaline","Sucker Punch","Blur","Burst","Acrobatics+1","Sucker Punch+1","Dodge and Roll+1","Accuracy","Glass Knife","Riddle With Holes+1","Noxious Fumes","Prepared+1"],"relics":["Ring of the Snake","Torii","Vajra","InkBottle","Cursed Key","hubris:Towel","conspire:DecoderRing","Regal Pillow","hubris:ToyBattleship","hubris:FunFungus","Tiny House","hubris:GlazedTorus"],"acts_visited":["Exordium","TheCity","TheBeyond"],"potions_floor_usage":[30,33,39,39,40],"damage_taken":[{"damage":9.0,"enemies":"conspire:RoseBush","floor":1.0,"turns":5.0},{"damage":1.0,"enemies":"Jaw Worm","floor":4.0,"turns":7.0},{"damage":0.0,"enemies":"2 Louse","floor":7.0,"turns":3.0},{"damage":19.0,"enemies":"Lagavulin","floor":8.0,"turns":12.0},{"damage":0.0,"enemies":"Exordium Wildlife","floor":10.0,"turns":5.0},{"damage":0.0,"enemies":"3 Louse","floor":11.0,"turns":3.0},{"damage":0.0,"enemies":"Looter","floor":13.0,"turns":4.0},{"damage":1.0,"enemies":"Blue Slaver","floor":14.0,"turns":4.0},{"damage":44.0,"enemies":"The Guardian","floor":16.0,"turns":19.0},{"damage":11.0,"enemies":"Chosen","floor":18.0,"turns":5.0},{"damage":1.0,"enemies":"conspire:FuzzyDice","floor":22.0,"turns":7.0},{"damage":30.0,"enemies":"Book of Stabbing","floor":24.0,"turns":7.0},{"damage":7.0,"enemies":"Slavers","floor":27.0,"turns":4.0},{"damage":0,"enemies":"Shelled Parasite and Fungi","floor":30,"turns":2},{"damage":1,"enemies":"Chosen and Byrds","floor":31,"turns":4},{"damage":59,"enemies":"conspire:MysteriousRune","floor":33,"turns":8},{"damage":1,"enemies":"3 Darklings","floor":35,"turns":11},{"damage":0,"enemies":"Orb Walker","floor":36,"turns":3},{"damage":17,"enemies":"Transient","floor":39,"turns":5},{"damage":38,"enemies":"Reptomancer","floor":40,"turns":10},{"damage":7,"enemies":"Sphere and 2 Shapes","floor":41,"turns":5},{"damage":28,"enemies":"Nemesis","floor":42,"turns":2}],"seed_played":"6656983923282997477","potions_obtained":[{"floor":1.0,"key":"Explosive Potion"},{"floor":8.0,"key":"FearPotion"},{"floor":10.0,"key":"EntropicBrew"},{"floor":22.0,"key":"Strength Potion"},{"floor":24.0,"key":"Swift Potion"},{"floor":27.0,"key":"DuplicationPotion"},{"floor":34,"key":"PowerPotion"},{"floor":35,"key":"SkillPotion"},{"floor":39,"key":"GhostInAJar"}],"is_trial":false,"path_per_floor":["M","?","?","M","?","R","M","E","T","M","M","R","M","M","R","B",null,"M","?","?","$","M","R","E","R","T","E","?","R","M","M","R","B",null,"M","M","?","$","M","E","M","E"],"character_chosen":"THE_SILENT","items_purchased":["hubris:EnhanceAbility","conspire:DecoderRing","Accuracy","Glass Knife"],"campfire_rested":4,"item_purchase_floors":[21,21,38,38],"current_hp_per_floor":[54,54,43,42,29,29,29,10,10,10,10,28,28,27,45,1,48,37,37,37,37,36,36,6,39,39,32,32,32,32,31,63,4,53,55,57,68,68,52,17,10,0,0],"gold":156,"neow_bonus":"ONE_RARE_RELIC","is_daily":false,"chose_seed":false,"campfire_upgraded":3,"win_rate":0.0,"timestamp":1613422069,"path_taken":["M","?","?","M","?","R","?","E","T","M","M","R","M","M","R","BOSS","M","?","?","$","M","R","E","R","T","E","?","R","?","M","R","BOSS","M","M","?","$","?","E","M","E"],"items_purchased_type":["Card","Relic","Card","Card"],"build_version":"2020-12-22","purchased_purges":1,"victory":false,"max_hp_per_floor":[63,63,63,63,63,63,63,63,63,63,63,63,63,63,63,63,63,63,63,63,63,63,63,63,63,63,63,63,63,63,63,63,63,68,68,68,68,68,68,68,68,68,68],"card_choices":[{"not_picked":["Eviscerate","hubris:SlightOfHand"],"picked":"Backflip","floor":1.0},{"not_picked":["Choke","Footwork"],"picked":"Poisoned Stab","floor":4.0},{"not_picked":["Prepared","Acrobatics"],"picked":"PiercingWail","floor":7.0},{"not_picked":["Prepared","Infinite Blades"],"picked":"Bullet Time","floor":8.0},{"not_picked":["Predator","Dodge and Roll"],"picked":"Cloak And Dagger","floor":10.0},{"not_picked":["Choke","Outmaneuver"],"picked":"Deflect","floor":11.0},{"not_picked":["hubris:TrickCloak","Choke"],"picked":"Adrenaline","floor":13.0},{"not_picked":["Backflip","Sucker Punch"],"picked":"conspire:DoublingDagger","floor":14.0},{"not_picked":["Unload","Glass Knife"],"picked":"Envenom","floor":16.0},{"not_picked":["Flying Knee+1","Well Laid Plans+1"],"picked":"Dagger Spray+1","floor":18.0},{"not_picked":["conspire:PoisonWeapons+1","hubris:TrickCloak+1","Underhanded Strike"],"picked":"SKIP","floor":22.0},{"not_picked":["All Out Attack","Skewer"],"picked":"Prepared","floor":24.0},{"not_picked":["Skewer","Backstab"],"picked":"Adrenaline","floor":27.0},{"not_picked":["Dagger Throw","Blade Dance"],"picked":"Sucker Punch","floor":30},{"not_picked":["Concentrate+1","Tools of the Trade"],"picked":"Blur","floor":31},{"not_picked":["Doppelganger","Phantasmal Killer"],"picked":"Burst","floor":33},{"not_picked":["Dagger Throw+1","Underhanded Strike+1"],"picked":"Acrobatics+1","floor":34},{"not_picked":["Outmaneuver+1","Dodge and Roll+1"],"picked":"Sucker Punch+1","floor":35},{"not_picked":["Slice+1","Dagger Throw"],"picked":"Dodge and Roll+1","floor":36},{"not_picked":["Deflect+1","Dodge and Roll+1"],"picked":"Riddle With Holes+1","floor":39},{"not_picked":["Deflect+1","Slice+1"],"picked":"Noxious Fumes","floor":40},{"not_picked":["Poisoned Stab+1","Reflex"],"picked":"Prepared+1","floor":41}],"player_experience":317757,"relics_obtained":[{"floor":8.0,"key":"Vajra"},{"floor":9.0,"key":"InkBottle"},{"floor":24.0,"key":"Regal Pillow"},{"floor":26.0,"key":"hubris:ToyBattleship"},{"floor":27.0,"key":"hubris:FunFungus"},{"floor":40,"key":"hubris:GlazedTorus"}],"event_choices":[{"damage_healed":0.0,"max_hp_gain":0.0,"max_hp_loss":0.0,"gold_gain":75.0,"event_name":"World of Goop","player_choice":"Gather Gold","floor":3.0,"gold_loss":0.0,"damage_taken":11.0},{"damage_healed":0.0,"max_hp_gain":0.0,"max_hp_loss":0.0,"gold_gain":0.0,"event_name":"Shining Light","player_choice":"Entered Light","floor":5.0,"gold_loss":0.0,"damage_taken":13.0,"cards_upgraded":["Defend_G","Defend_G"]},{"damage_healed":0.0,"max_hp_gain":0.0,"max_hp_loss":0.0,"gold_gain":0.0,"event_name":"conspire:Investor","player_choice":"Leave","floor":19.0,"gold_loss":0.0,"damage_taken":0.0},{"damage_healed":0.0,"max_hp_gain":0.0,"max_hp_loss":0.0,"gold_gain":0.0,"event_name":"Ghosts","player_choice":"Ignored","floor":28.0,"gold_loss":0.0,"damage_taken":0.0},{"damage_healed":11,"gold_gain":0,"player_choice":"Full Heal","damage_taken":0,"max_hp_gain":0,"max_hp_loss":0,"event_name":"Wheel of Change","floor":37,"gold_loss":0}],"is_beta":false,"boss_relics":[{"not_picked":["Pandora\u0027s Box","Runic Pyramid"],"picked":"Cursed Key"},{"not_picked":["Velvet Choker","Busted Crown"],"picked":"Tiny House"}],"items_purged_floors":[38],"is_endless":false,"potions_floor_spawned":[1,8,10,22,24,27,35,39],"killed_by":"Nemesis","ascension_level":11}}