{"host":"126yiuos2nq86se7","time":1613370600,"event":{"mods":["2.2 Compatiblity","AchievementEnabler","Act Like it!","BaseMod","Colored Map","Colored Powertips","Friendly Minions","Highlight Path","Minty Spire (QoL Compilation)","StSLib","SuperFastMode"],"gold_per_floor":[118,118,128,144,0,0,0,19,19,31,31,63,75,93,93,196,196,212,112,127,146,158,178,206,47,47,47,65,65,65,79,79,175,175,194,194,44,55,74,74,74,74,74,74,0,0,11,29,29,29],"floor_reached":51,"language":"ENG","playtime":1582,"items_purged":["Normality","Zap","Dualcast","Strike_B"],"score":698,"play_id":"291126e1-0fca-4993-89a2-752e06a942d6","local_time":"20210215173000","is_ascension_mode":false,"campfire_choices":[{"floor":6,"key":"REST"},{"data":"Echo Form","floor":11,"key":"SMITH"},{"floor":15,"key":"REST"},{"floor":27,"key":"REST"},{"floor":30,"key":"REST"},{"floor":32,"key":"REST"},{"data":"Seek","floor":40,"key":"SMITH"},{"data":"Seek","floor":42,"key":"SMITH"},{"data":"Reboot","floor":46,"key":"SMITH"},{"data":"Master of Strategy","floor":49,"key":"SMITH"}],"circlet_count":0,"master_deck":["Strike_B","Strike_B","Strike_B","Defend_B","Defend_B","Defend_B","Apotheosis+1","Reprogram","Gash","Leap","Reinforced Body","Echo Form+1","Reinforced Body","Gash","Sweeping Beam","Seek+1","Gash","Gash","FTL","Seek+1","Compile Driver+1","Reboot+1","White Noise+1","Master of Strategy+1","Gash+1","Self Repair+1","Scrape+1"],"relics":["Cracked Core","Bag of Preparation","Meat on the Bone","Bronze Scales","Nuclear Battery","Matryoshka","Molten Egg 2","Centennial Puzzle","Inserter","Pen Nib","Eternal Feather","Red Mask"],"acts_visited":["Exordium","TheCity","TheBeyond"],"potions_floor_usage":[16,24,33,50],"damage_taken":[{"damage":2,"enemies":"Small Slimes","floor":1,"turns":3},{"damage":6,"enemies":"Cultist","floor":3,"turns":3},{"damage":5,"enemies":"Jaw Worm","floor":4,"turns":4},{"damage":0,"enemies":"Exordium Wildlife","floor":8,"turns":5},{"damage":0,"enemies":"Blue Slaver","floor":10,"turns":3},{"damage":24,"enemies":"Gremlin Nob","floor":12,"turns":4},{"damage":6,"enemies":"2 Fungi Beasts","floor":13,"turns":4},{"damage":14,"enemies":"Gremlin Gang","floor":14,"turns":5},{"damage":24,"enemies":"Hexaghost","floor":16,"turns":9},{"damage":10,"enemies":"Shell Parasite","floor":18,"turns":4},{"damage":0,"enemies":"Spheric Guardian","floor":20,"turns":4},{"damage":21,"enemies":"Centurion and Healer","floor":21,"turns":6},{"damage":30,"enemies":"Chosen and Byrds","floor":22,"turns":6},{"damage":36,"enemies":"3 Cultists","floor":23,"turns":6},{"damage":35,"enemies":"Gremlin Leader","floor":24,"turns":6},{"damage":28,"enemies":"Centurion and Healer","floor":28,"turns":4},{"damage":19,"enemies":"Shelled Parasite and Fungi","floor":31,"turns":4},{"damage":42,"enemies":"Automaton","floor":33,"turns":7},{"damage":0,"enemies":"Orb Walker","floor":35,"turns":3},{"damage":2,"enemies":"3 Darklings","floor":38,"turns":5},{"damage":10,"enemies":"Jaw Worm Horde","floor":39,"turns":5},{"damage":0,"enemies":"Sphere and 2 Shapes","floor":47,"turns":6},{"damage":0,"enemies":"Spire Growth","floor":48,"turns":4},{"damage":55,"enemies":"Donu and Deca","floor":50,"turns":6}],"seed_played":"6167137750275792608","potions_obtained":[{"floor":4,"key":"FairyPotion"},{"floor":10,"key":"FairyPotion"},{"floor":14,"key":"BlessingOfTheForge"},{"floor":18,"key":"DuplicationPotion"},{"floor":24,"key":"SteroidPotion"},{"floor":48,"key":"PowerPotion"}],"is_trial":false,"path_per_floor":["M","?","M","M","$","R","?","M","T","M","R","E","M","M","R","B",null,"M","$","M","M","M","M","E","$","T","R","M","$","R","M","R","B",null,"M","?","$","M","M","R","$","R","T","?","?","R","M","M","R","B",null],"character_chosen":"DEFECT","items_purchased":["Reinforced Body","FTL"],"campfire_rested":5,"item_purchase_floors":[5,25],"current_hp_per_floor":[73,61,55,50,50,72,72,72,72,72,72,48,42,40,62,38,75,65,65,65,44,26,25,28,28,28,50,34,34,56,49,71,41,75,75,75,75,73,63,63,63,63,63,63,63,75,75,75,75,42],"gold":29,"neow_bonus":"RANDOM_COLORLESS_2","is_daily":false,"chose_seed":false,"campfire_upgraded":5,"win_rate":0.0,"timestamp":1613370600,"path_taken":["M","?","M","M","$","R","?","?","T","M","R","E","M","M","R","BOSS","M","$","M","M","?","M","E","$","T","R","M","$","R","?","R","BOSS","M","?","$","M","M","R","$","R","T","?","?","R","M","M","R","BOSS"],"items_purchased_type":["Card","Card"],"build_version":"2020-12-22","purchased_purges":4,"victory":true,"max_hp_per_floor":[75,75,75,75,75,75,75,75,75,75,75,75,75,75,75,75,75,75,75,75,75,75,75,75,75,75,75,75,75,75,75,75,75,75,75,75,75,75,75,75,75,75,75,75,75,75,75,75,75,75],"card_choices":[{"not_picked":["Transmutation","Chrysalis"],"picked":"Apotheosis","floor":0},{"not_picked":["Rebound","Go for the Eyes"],"picked":"Reprogram","floor":1},{"not_picked":["Conserve Battery","Coolheaded"],"picked":"Gash","floor":3},{"not_picked":["Streamline","Turbo"],"picked":"Leap","floor":4},{"not_picked":["Stack","Steam","Barrage"],"picked":"SKIP","floor":8},{"not_picked":["Genetic Algorithm","Force Field"],"picked":"Echo Form","floor":10},{"not_picked":["Redo","Sweeping Beam"],"picked":"Reinforced Body","floor":12},{"not_picked":["Rebound","Redo"],"picked":"Gash","floor":13},{"not_picked":["Rip and Tear","Conserve Battery"],"picked":"Sweeping Beam","floor":14},{"not_picked":["Electrodynamics","Buffer"],"picked":"Seek","floor":16},{"not_picked":["Go for the Eyes","Beam Cell"],"picked":"Gash","floor":18},{"not_picked":["Genetic Algorithm","Cold Snap+1","Consume"],"picked":"SKIP","floor":20},{"not_picked":["Beam Cell","Barrage","Doom and Gloom"],"picked":"SKIP","floor":21},{"not_picked":["Beam Cell+1","Aggregate","Static Discharge"],"picked":"SKIP","floor":22},{"not_picked":["Defragment","Turbo"],"picked":"Gash","floor":23},{"not_picked":["Leap","Go for the Eyes","Barrage"],"picked":"SKIP","floor":24},{"not_picked":["Doom and Gloom+1","Barrage+1"],"picked":"Seek","floor":28},{"not_picked":["Beam Cell+1","Fusion"],"picked":"Compile Driver+1","floor":31},{"not_picked":["Multi-Cast","Electrodynamics"],"picked":"Reboot","floor":33},{"not_picked":["Chill+1","Streamline+1"],"picked":"White Noise+1","floor":35},{"not_picked":["Apotheosis","Transmutation"],"picked":"Master of Strategy","floor":36},{"not_picked":["Fusion+1","Consume"],"picked":"Gash+1","floor":38},{"not_picked":["Steam Power+1","Go for the Eyes+1"],"picked":"Self Repair+1","floor":39},{"not_picked":["Chaos","Turbo","Streamline+1"],"picked":"SKIP","floor":47},{"not_picked":["Steam+1","Beam Cell+1"],"picked":"Scrape+1","floor":48}],"player_experience":1509861,"relics_obtained":[{"floor":9,"key":"Meat on the Bone"},{"floor":12,"key":"Bronze Scales"},{"floor":24,"key":"Matryoshka"},{"floor":26,"key":"Molten Egg 2"},{"floor":26,"key":"Centennial Puzzle"},{"floor":43,"key":"Pen Nib"},{"floor":43,"key":"Eternal Feather"}],"event_choices":[{"damage_healed":0,"gold_gain":0,"player_choice":"Success","damage_taken":12,"relics_obtained":["Bag of Preparation"],"max_hp_gain":0,"max_hp_loss":0,"event_name":"Scrap Ooze","floor":2,"gold_loss":0},{"damage_healed":0,"gold_gain":0,"player_choice":"Forge","damage_taken":0,"max_hp_gain":0,"max_hp_loss":0,"event_name":"Accursed Blacksmith","floor":7,"gold_loss":0,"cards_upgraded":["Apotheosis"]},{"damage_healed":0,"gold_gain":0,"player_choice":"Memory 1","damage_taken":0,"max_hp_gain":0,"max_hp_loss":0,"event_name":"SensoryStone","floor":36,"gold_loss":0},{"cards_removed":["Defend_B"],"damage_healed":0,"gold_gain":0,"player_choice":"Removed Skill","damage_taken":0,"max_hp_gain":0,"max_hp_loss":0,"event_name":"Falling","floor":44,"gold_loss":0},{"damage_healed":0,"gold_gain":0,"player_choice":"Paid","damage_taken":0,"relics_obtained":["Red Mask"],"max_hp_gain":0,"max_hp_loss":0,"event_name":"Tomb of Lord Red Mask","floor":45,"gold_loss":74}],"is_beta":false,"boss_relics":[{"not_picked":["Philosopher\u0027s Stone","Empty Cage"],"picked":"Nuclear Battery"},{"not_picked":["Pandora\u0027s Box","Velvet Choker"],"picked":"Inserter"}],"items_purged_floors":[5,19,25,37],"is_endless":false,"potions_floor_spawned":[4,10,14,18,20,22,24,48],"ascension_level":0}}