{"host":"8e3sp1tozjyrh64l","time":1613412351,"event":{"mods":["Act Like it!","BaseMod","Better Altar","Better Match","Better Note","Better Sensory Stone","Better Silent Start","Better Skull","Better Third Choice","BetterRewards","Conspire","Curses Come First","Defuse TimeMaze Blight","Infinite Spire","Minty Spire (QoL Compilation)","Permanent Neow","Rare Cards Sparkle","Relic Sorter","Reliquary","Replay The Spire","Shop Mod","Spicy Shops","StSLib","SuperFastMode","The Jungle","The Necromancer","Wandering Minibosses"],"gold_per_floor":[110,123,123,133,133,166,166,197,197,197,212,225,225,71,71,166,166,178,194,521,532,546,546,546],"floor_reached":23,"language":"ENG","playtime":904,"items_purged":[],"score":203,"play_id":"64a424e5-75eb-4992-85dc-82ed26140961","local_time":"20210215110551","is_ascension_mode":false,"campfire_choices":[{"data":"Cloudkill","floor":7,"key":"SMITH"},{"data":"Death_March_Dance","floor":10,"key":"SMITH"},{"data":"Blood_Curse","floor":15,"key":"SMITH"}],"circlet_count":0,"master_deck":["Strike_W","Strike_W","Strike_W","Defend_W","Defend_W","Defend_W","Defend_W","Negative_Energy_Arrows","Bone_Wall","Death_March_Dance+1","Blood_Curse+1","Cloudkill+1","Skeleton_Dragon"],"relics":["conspire:SpecialSausage","Art of War","InkBottle","Anchor","GremlinMask","MerchantsRug","Snecko Eye"],"acts_visited":["Exordium","Exordium"],"potions_floor_usage":[6,8,16,23],"damage_taken":[{"damage":7,"enemies":"2 Louse","floor":1,"turns":2},{"damage":0,"enemies":"Cultist","floor":2,"turns":3},{"damage":0,"enemies":"Jaw Worm","floor":4,"turns":1},{"damage":19,"enemies":"3 Sentries","floor":6,"turns":9},{"damage":16,"enemies":"Lagavulin","floor":8,"turns":6},{"damage":0,"enemies":"Exordium Thugs","floor":11,"turns":2},{"damage":0,"enemies":"3 Louse","floor":12,"turns":2},{"damage":52,"enemies":"Fading Forest","floor":16,"turns":11},{"damage":10,"enemies":"theJungle:5_Spyders","floor":18,"turns":4},{"damage":16,"enemies":"theJungle:Flameango_and_Byrd","floor":19,"turns":5},{"damage":19,"enemies":"theJungle:SlimyTreeVines","floor":21,"turns":5},{"damage":9,"enemies":"theJungle:2_Flameangoes","floor":22,"turns":4},{"damage":6,"enemies":"theJungle:Cassacara","floor":23,"turns":2}],"seed_played":"6800553426504340434","potions_obtained":[{"floor":1,"key":"Adrenaline Potion"},{"floor":6,"key":"Swift Potion"},{"floor":11,"key":"Adrenaline Potion"},{"floor":12,"key":"Languid Potion"}],"is_trial":false,"path_per_floor":["M","M","?","M","$","E","R","E","T","R","M","M","?","$","R","B",null,"M","M","?","M","M","E"],"character_chosen":"NECROMANCER","items_purchased":["MerchantsRug"],"campfire_rested":0,"item_purchase_floors":[14],"current_hp_per_floor":[68,68,68,68,68,49,49,33,33,33,33,33,33,33,33,5,75,65,49,27,14,5,0,0],"gold":546,"neow_bonus":"BOSS_RELIC","is_daily":false,"chose_seed":false,"campfire_upgraded":3,"win_rate":0.0,"timestamp":1613412351,"path_taken":["M","M","?","M","$","E","R","E","T","R","?","M","?","?","R","BOSS","M","M","?","?","M","E"],"items_purchased_type":["Relic"],"build_version":"2020-12-22","purchased_purges":0,"victory":false,"max_hp_per_floor":[75,75,75,75,75,75,75,75,75,75,75,75,75,75,75,75,75,75,75,75,75,75,75,75],"card_choices":[{"not_picked":["Bone_Armor","Death_Coil"],"picked":"Death_March_Dance","floor":1},{"not_picked":["Negative_Energy_Javelin","Strike_from_Beyond"],"picked":"Blood_Curse","floor":2},{"not_picked":["Blood_Curse","Life_Tap"],"picked":"Cloudkill","floor":4},{"not_picked":["Blood_Whip","Violent_Necrosis","Scare"],"picked":"SKIP","floor":6},{"not_picked":["Scare","Corrupt"],"picked":"Skeleton_Dragon","floor":8},{"not_picked":["Blood_Curse","Bone_Bullets","Finger_Of_Death"],"picked":"SKIP","floor":11},{"not_picked":["Toxic_Smoke_Screen","Summon_Undead_Army","Vampiric_Strike"],"picked":"SKIP","floor":12},{"not_picked":["Negative_Energy_Mist+1","Bone_Shift","Death_March_Dance"],"picked":"SKIP","floor":18},{"not_picked":["Toxic_Smoke_Screen","Life_Tap+1","Vampiric_Strike"],"picked":"SKIP","floor":19},{"not_picked":["Scare","Death_Knell+1","Summon_Lich"],"picked":"SKIP","floor":21},{"not_picked":["Exploit","Finger_Of_Death+1","Corrupt"],"picked":"SKIP","floor":22}],"player_experience":958102,"relics_obtained":[{"floor":6,"key":"Art of War"},{"floor":8,"key":"InkBottle"},{"floor":9,"key":"Anchor"}],"event_choices":[{"cards_removed":["Strike_W"],"damage_healed":0,"gold_gain":0,"player_choice":"Offered Basic","damage_taken":0,"max_hp_gain":0,"max_hp_loss":0,"event_name":"Bonfire Elementals","floor":3,"gold_loss":0},{"damage_healed":0,"gold_gain":0,"player_choice":"Trade","damage_taken":0,"relics_obtained":["GremlinMask"],"max_hp_gain":0,"max_hp_loss":0,"event_name":"FaceTrader","floor":13,"gold_loss":0},{"damage_healed":0,"gold_gain":327,"player_choice":"GO GO GO ","damage_taken":25,"relics_obtained":[],"max_hp_gain":0,"max_hp_loss":0,"event_name":"betterSkull:BetterSkull","floor":20,"gold_loss":0,"cards_upgraded":[]}],"is_beta":false,"boss_relics":[{"not_picked":["Replay:Drink Me","Runic Dome"],"picked":"Snecko Eye"}],"items_purged_floors":[],"is_endless":false,"potions_floor_spawned":[1,6,11,12],"killed_by":"theJungle:Cassacara","ascension_level":0}}