{"host":"irqpc5dtltfquxh7","time":1613387654,"event":{"mods":["2.2 Compatiblity","AchievementEnabler","Act Like it!","BaseMod","Better Third Choice","BetterRewards","CapriCore","Colored Map","Colored Powertips","Friendly Minions","Hallownest","Highlight Path","Minty Spire (QoL Compilation)","Permanent Neow","Shop Mod","Spicy Shops","StSLib","The Bug Knight","Unknown Chances","Waifu the Spire"],"gold_per_floor":[118,118,118,145,145,174,194,223,301,314,274,293,293,305,305,305,305],"floor_reached":16,"language":"ENG","playtime":1998,"items_purged":[],"score":120,"play_id":"78850e5a-cab5-423e-8ecd-9c02db8ea515","local_time":"20210215171414","is_ascension_mode":false,"campfire_choices":[{"floor":13,"key":"REST"},{"floor":15,"key":"REST"}],"circlet_count":0,"master_deck":["HollowMod:NailStrikeStart","HollowMod:NailStrikeStart","HollowMod:NailStrikeStart","HollowMod:NailStrikeStart","HollowMod:QuickDashStart","HollowMod:QuickDashStart","HollowMod:QuickDashStart","HollowMod:QuickDashStart","HollowMod:FocusHealStart","HollowMod:PogoStrike","Discovery","HollowMod:VengefulVoid","HollowMod:WraithStrike","HollowMod:DescendingDark","HollowMod:VengefulVoid","HollowMod:SharpenedShadows"],"relics":["HollowMod:VesselMask","Hallownest:DreamNailRelic","Turnip","MealTicket","Orichalcum","HollowMod:LifeEnderRelic"],"acts_visited":["Hallownest:Greenpath"],"potions_floor_usage":[4,14,16],"damage_taken":[{"damage":8,"enemies":"Hallownest:monsterHuskGuard","floor":1,"turns":4},{"damage":33,"enemies":"Hallownest:eliteCrystalGuardian","floor":4,"turns":5},{"damage":20,"enemies":"Hallownest:eliteVengeflyKing","floor":6,"turns":14},{"damage":2,"enemies":"2_ Uuma","floor":7,"turns":3},{"damage":12,"enemies":"Hallownest:eliteMossKnight","floor":8,"turns":8},{"damage":1,"enemies":"Hallownest:2_Baldur","floor":10,"turns":2},{"damage":13,"enemies":"Hallownest:Wandering_and_Horned","floor":12,"turns":4},{"damage":5,"enemies":"Hallownest:MossCreep_and_Mosskin","floor":14,"turns":4},{"damage":66,"enemies":"Hallownest:BossHornet","floor":16,"turns":12}],"seed_played":"-2905264162923117388","potions_obtained":[{"floor":1,"key":"LiquidMemories"},{"floor":8,"key":"Swift Potion"},{"floor":10,"key":"Weak Potion"}],"is_trial":false,"path_per_floor":["M","?","?","?","$","E","M","E","T","M","?","M","R","M","R","B"],"character_chosen":"THE_BUGKNIGHT","items_purchased":[],"campfire_rested":2,"item_purchase_floors":[],"current_hp_per_floor":[67,67,67,40,40,20,18,6,6,5,40,27,49,44,66,0,0],"gold":305,"neow_bonus":"RANDOM_COLORLESS","is_daily":false,"chose_seed":false,"campfire_upgraded":0,"win_rate":0.0,"timestamp":1613387654,"path_taken":["M","?","?","?","?","E","M","E","T","M","?","M","R","?","R","BOSS"],"items_purchased_type":[],"build_version":"2020-12-22","purchased_purges":0,"victory":false,"max_hp_per_floor":[75,75,75,75,75,75,75,75,75,75,75,75,75,75,75,75,75],"card_choices":[{"not_picked":["Madness","Trip"],"picked":"Discovery","floor":0},{"not_picked":["HollowMod:ShadowDash","HollowMod:SoulSplash"],"picked":"HollowMod:VengefulVoid","floor":1},{"not_picked":["HollowMod:MonarchWings","HollowMod:PureVessel"],"picked":"HollowMod:WraithStrike","floor":4},{"not_picked":["HollowMod:HeavyBlow","HollowMod:DreamGate"],"picked":"HollowMod:DescendingDark","floor":6},{"not_picked":["HollowMod:SoulSplash","HollowMod:SharpenedNail"],"picked":"HollowMod:VengefulVoid","floor":7},{"not_picked":["HollowMod:ChannelNail","HollowMod:PureVessel"],"picked":"HollowMod:SharpenedShadows","floor":8},{"not_picked":["HollowMod:SharpenedNail","HollowMod:SoulSplash","HollowMod:HowlingWraiths"],"picked":"SKIP","floor":10},{"not_picked":["HollowMod:SoulSplash","HollowMod:GoodIntentions","HollowMod:PureNailStrike"],"picked":"SKIP","floor":12},{"not_picked":["HollowMod:Grubsong","HollowMod:CoiledNail","HollowMod:VengefulSpirit"],"picked":"SKIP","floor":14}],"player_experience":410243,"relics_obtained":[{"floor":4,"key":"Turnip"},{"floor":6,"key":"MealTicket"},{"floor":8,"key":"Orichalcum"},{"floor":9,"key":"HollowMod:LifeEnderRelic"}],"event_choices":[],"is_beta":false,"boss_relics":[],"items_purged_floors":[],"is_endless":false,"potions_floor_spawned":[1,8,10],"killed_by":"Hallownest:BossHornet","ascension_level":0}}