{"host":"gvmmh8a4dbuurnvz","time":1613389903,"event":{"mods":["AchievementEnabler","Aspiration","BaseMod","Better Vampires","BetterRewards","Colored Powertips","Highlight Path","Minty Spire (QoL Compilation)","MostiFishMod","Spicy Shops","StSLib","¡¾ÒÅÎï¿¨ÅÆ¡¿REMEMod"],"gold_per_floor":[112,187,198,198,214,247,72,72,72,116,136,136,155,196,196,327,327,345,345,345,345,345,376,400,439,462,462,478,478,494,528,528,659,659,677,693,643,664,689,729,729,767,767,767,717,780,780,801,801,801,801,801,751,791,791],"floor_reached":56,"language":"ZHS","playtime":2391,"items_purged":["Strike_P","Strike_P","Strike_P","Strike_P","Defend_P","Defend_P","Defend_P","Defend_P","MostiFishMod:Pointsdynamics","PathToVictory","PathToVictory+1"],"score":2535,"play_id":"53ae7cc8-70dc-44dc-b22d-6b55fed3f50e","local_time":"20210215195143","is_ascension_mode":true,"campfire_choices":[{"floor":8.0,"key":"RECALL"},{"data":"MostiFishMod:Speedup","floor":15.0,"key":"SMITH"},{"data":"MostiFishMod:StarWish","floor":27.0,"key":"SMITH"},{"data":"Adaptation","floor":29.0,"key":"SMITH"},{"data":"Scrawl","floor":32.0,"key":"SMITH"},{"data":"REME_EyeOfCthun","floor":41,"key":"SMITH"},{"data":"Eruption","floor":44,"key":"SMITH"},{"data":"Vigilance","floor":47,"key":"SMITH"},{"data":"PathToVictory","floor":49,"key":"SMITH"},{"floor":52,"key":"REST"}],"circlet_count":0,"master_deck":["Eruption+1","Vigilance+1","REME_EyeOfCthun+1","Scrawl+1","MostiFishMod:StarWish+1","MostiFishMod:Speedup+1","MentalFortress+1","InnerPeace+1","REME_HeartOfCthun+1","Adaptation+1","MostiFishMod:KamiSmash+1"],"relics":["PureWater","DaveBox","REME_ComplimentaryCards","DiscerningMonocle","MetatronsCube","Civilization","Lantern","FossilizedHelix","SynthV:TestCard","Golden Idol","Unceasing Top","Omamori","aspiration:HatOfInfinitePower","Toy Ornithopter","JellyFishMachine","HollowDreamFlower","Bag of Preparation","HandDrill","Molten Egg 2","CombinedTypeHook","ClockworkSouvenir","Bag of Marbles","Smiling Mask","ExusiaiGun","BirthdayGift-Tetrahedron","Nunchaku","Sundial","Technique","Juzu Bracelet","BionicSphere","Vajra","Sling"],"acts_visited":["Exordium","TheCity","TheBeyond","TheEnding"],"potions_floor_usage":[50],"damage_taken":[{"damage":0.0,"enemies":"Cultist","floor":1.0,"turns":2.0},{"damage":0.0,"enemies":"Jaw Worm","floor":3.0,"turns":1.0},{"damage":0.0,"enemies":"Small Slimes","floor":5.0,"turns":1.0},{"damage":1.0,"enemies":"3 Sentries","floor":6.0,"turns":6.0},{"damage":0.0,"enemies":"Gremlin Nob","floor":10.0,"turns":1.0},{"damage":0.0,"enemies":"Red Slaver","floor":11.0,"turns":2.0},{"damage":0.0,"enemies":"Gremlin Gang","floor":13.0,"turns":1.0},{"damage":10.0,"enemies":"3 Sentries","floor":14.0,"turns":9.0},{"damage":0.0,"enemies":"The Guardian","floor":16.0,"turns":5.0},{"damage":0.0,"enemies":"3 Byrds","floor":18.0,"turns":2.0},{"damage":0.0,"enemies":"Gremlin Leader","floor":23.0,"turns":1.0},{"damage":0.0,"enemies":"Chosen","floor":24.0,"turns":1.0},{"damage":0.0,"enemies":"Book of Stabbing","floor":25.0,"turns":2.0},{"damage":0.0,"enemies":"Snake Plant","floor":28.0,"turns":1.0},{"damage":0.0,"enemies":"Snecko","floor":30.0,"turns":1.0},{"damage":0.0,"enemies":"Slavers","floor":31.0,"turns":1.0},{"damage":0.0,"enemies":"Automaton","floor":33.0,"turns":4.0},{"damage":0.0,"enemies":"3 Darklings","floor":35.0,"turns":1.0},{"damage":0.0,"enemies":"3 Shapes","floor":36.0,"turns":1.0},{"damage":0,"enemies":"Spire Growth","floor":38,"turns":1},{"damage":0,"enemies":"4 Shapes","floor":39,"turns":1},{"damage":0,"enemies":"Nemesis","floor":40,"turns":1},{"damage":0,"enemies":"Reptomancer","floor":42,"turns":1},{"damage":0,"enemies":"Mind Bloom Boss Battle","floor":46,"turns":1},{"damage":0,"enemies":"3 Darklings","floor":48,"turns":1},{"damage":0,"enemies":"Time Eater","floor":50,"turns":1},{"damage":0,"enemies":"Shield and Spear","floor":54,"turns":1},{"damage":3,"enemies":"The Heart","floor":55,"turns":3}],"seed_played":"-8965461009623397346","potions_obtained":[{"floor":1.0,"key":"FairyPotion"},{"floor":3.0,"key":"Regen Potion"},{"floor":5.0,"key":"LiquidBronze"},{"floor":23.0,"key":"StancePotion"},{"floor":46,"key":"Ambrosia"}],"is_trial":false,"path_per_floor":["M","?","M","?","M","E","$","R","T","E","M","$","M","E","R","B",null,"M","?","$","?","$","E","M","E","T","R","M","R","M","E","R","B",null,"M","M","$","M","M","E","R","E","T","R","$","?","R","M","R","B",null,"R","$","E","B",null],"character_chosen":"WATCHER","items_purchased":["MetatronsCube","Civilization","PathToVictory","REME_EyeOfCthun","Lantern","MostiFishMod:StarWish","Regen Potion","Unceasing Top","Omamori","aspiration:HatOfInfinitePower","HollowDreamFlower","Bag of Preparation","HandDrill","REME_GoldPotion","Block Potion","Explosive Potion","Molten Egg 2","CombinedTypeHook","MentalFortress","InnerPeace","REME_HeartOfCthun+1","ClockworkSouvenir","BirthdayGift-Tetrahedron","BottledMiracle","Technique","Juzu Bracelet","BionicSphere","Vajra","Sling","MostiFishMod:KamiSmash+1"],"campfire_rested":1,"item_purchase_floors":[0,0,0,0,0,7,7,12,12,12,20,20,20,20,20,20,22,22,22,22,22,22,37,37,45,45,53,53,53,53],"current_hp_per_floor":[73,62,64,46,50,69,69,69,69,74,79,79,84,94,94,99,107,112,112,114,114,114,119,124,129,129,129,134,134,139,144,144,149,149,154,159,159,164,169,174,174,179,179,179,179,184,184,189,189,194,194,194,194,199,201],"gold":791,"neow_bonus":"","is_daily":false,"chose_seed":false,"campfire_upgraded":8,"win_rate":0.0,"timestamp":1613389903,"path_taken":["M","?","M","?","M","E","$","R","T","E","M","$","M","E","R","BOSS","M","?","$","?","$","E","?","E","T","R","?","R","M","E","R","BOSS","M","M","$","M","M","E","R","E","T","R","$","?","R","M","R","BOSS","R","$","E","BOSS"],"items_purchased_type":["Relic","Relic","Card","Card","Relic","Card","Potion","Relic","Relic","Relic","Relic","Relic","Relic","Potion","Potion","Potion","Relic","Relic","Card","Card","Card","Relic","Relic","Potion","Relic","Relic","Relic","Relic","Relic","Card"],"build_version":"2020-12-22","purchased_purges":11,"victory":true,"max_hp_per_floor":[73,73,75,75,79,84,84,84,84,89,94,94,99,104,104,109,109,114,114,114,114,114,119,124,129,129,129,134,134,139,144,144,149,149,154,159,159,164,169,174,174,179,179,179,179,184,184,189,189,194,194,194,194,199,204],"card_choices":[{"not_picked":["ReachHeaven","Adaptation","Consecrate"],"picked":"SKIP","floor":1.0},{"not_picked":["WheelKick","ThirdEye","Consecrate","FlurryOfBlows"],"picked":"Scrawl","floor":3.0},{"not_picked":["BattleHymn","FlyingSleeves","CrushJoints","CutThroughFate","FollowUp"],"picked":"SKIP","floor":5.0},{"not_picked":["EmptyBody","Protect","Halt","Prostrate","FearNoEvil"],"picked":"SKIP","floor":6.0},{"not_picked":["SignatureMove","WindmillStrike","SandsOfTime","Consecrate","EmptyBody"],"picked":"SKIP","floor":10.0},{"not_picked":["CutThroughFate","Evaluate","ClearTheMind","FollowUp","Consecrate"],"picked":"SKIP","floor":11.0},{"not_picked":["Prostrate","BattleHymn","SashWhip","ThirdEye"],"picked":"MostiFishMod:Speedup","floor":13.0},{"not_picked":["Perseverance","SashWhip","Scrawl","WindmillStrike","Fasting2"],"picked":"SKIP","floor":14.0},{"not_picked":["Establishment","Devotion","Alpha","MostiFishMod:Dust"],"picked":"MostiFishMod:Pointsdynamics","floor":16.0},{"not_picked":["EmptyBody+1","FlurryOfBlows","JustLucky","BowlingBash","Prostrate+1"],"picked":"SKIP","floor":18.0},{"not_picked":["JustLucky+1","CutThroughFate+1","FearNoEvil+1","SpiritShield","MostiFishMod:Pointsdynamics"],"picked":"SKIP","floor":23.0},{"not_picked":["BowlingBash+1","CrushJoints+1","Study","ForeignInfluence"],"picked":"Adaptation","floor":24.0},{"not_picked":["BowlingBash+1","Consecrate+1","Weave+1","FlyingSleeves+1","DevaForm"],"picked":"SKIP","floor":25.0},{"not_picked":["EmptyBody","FlurryOfBlows+1","JustLucky+1","Collect"],"picked":"PathToVictory","floor":28.0},{"not_picked":["CrushJoints+1","FlurryOfBlows+1","DeusExMachina","Sanctity","BattleHymn"],"picked":"SKIP","floor":30.0},{"not_picked":["EmptyMind+1","Crescendo+1","MostiFishMod:Adaptation","EmptyBody","FlyingSleeves+1"],"picked":"SKIP","floor":31.0},{"not_picked":["EmptyMind+1","Crescendo+1","MostiFishMod:Adaptation","EmptyBody","FlyingSleeves+1"],"picked":"SKIP","floor":31.0},{"not_picked":["EmptyBody+1","Vengeance+1","ClearTheMind+1","Worship","WindmillStrike+1"],"picked":"SKIP","floor":35.0},{"not_picked":["Conclude+1","EmptyBody+1","Nirvana","BowlingBash+1","CrushJoints+1"],"picked":"SKIP","floor":36.0},{"not_picked":["JustLucky+1","LikeWater+1","Crescendo","ThirdEye+1","Wireheading"],"picked":"SKIP","floor":38},{"not_picked":["JustLucky+1","FollowUp+1","Consecrate+1","Crescendo+1","Protect"],"picked":"SKIP","floor":39},{"not_picked":["MostiFishMod:Adaptation","ClearTheMind","Sanctity","Nirvana","Prostrate"],"picked":"SKIP","floor":40},{"not_picked":["Adaptation+1","Prostrate","SashWhip+1","Establishment","Indignation"],"picked":"SKIP","floor":42},{"not_picked":["Prostrate","TalkToTheHand+1","Nirvana+1","BowlingBash+1","Perseverance"],"picked":"SKIP","floor":48},{"not_picked":["Swivel","Prostrate","ThirdEye","SignatureMove+1","Consecrate+1"],"picked":"SKIP","floor":54}],"player_experience":324621,"relics_obtained":[{"floor":1.0,"key":"SynthV:TestCard"},{"floor":14.0,"key":"Toy Ornithopter"},{"floor":23.0,"key":"Bag of Marbles"},{"floor":31.0,"key":"Smiling Mask"},{"floor":40,"key":"Nunchaku"},{"floor":43,"key":"Sundial"}],"event_choices":[{"damage_healed":0.0,"max_hp_gain":0.0,"max_hp_loss":0.0,"gold_gain":75.0,"event_name":"World of Goop","player_choice":"Gather Gold","floor":2.0,"gold_loss":0.0,"damage_taken":11.0},{"damage_healed":0.0,"max_hp_gain":0.0,"max_hp_loss":0.0,"gold_gain":0.0,"event_name":"Golden Idol","player_choice":"Take Damage","floor":4.0,"gold_loss":0.0,"damage_taken":18.0,"relics_obtained":["Golden Idol"]},{"damage_healed":0.0,"max_hp_gain":0.0,"max_hp_loss":0.0,"gold_gain":0.0,"event_name":"Cursed Tome","player_choice":"Ignored","floor":19.0,"gold_loss":0.0,"damage_taken":0.0},{"cards_removed":["Defend_P"],"damage_healed":0.0,"max_hp_gain":0.0,"max_hp_loss":0.0,"gold_gain":0.0,"event_name":"Purifier","player_choice":"Purged","floor":21.0,"gold_loss":0.0,"damage_taken":0.0},{"damage_healed":0,"gold_gain":0,"player_choice":"Fight","damage_taken":0,"max_hp_gain":0,"max_hp_loss":0,"event_name":"MindBloom","floor":46,"gold_loss":0}],"is_beta":false,"boss_relics":[{"not_picked":["Tiny House","aspiration:DefectSkillbook"],"picked":"JellyFishMachine"},{"not_picked":["Calling Bell","aspiration:SecretTechniqueScroll"],"picked":"ExusiaiGun"}],"items_purged_floors":[0,0,0,7,7,12,20,22,37,45,53],"is_endless":false,"potions_floor_spawned":[1,3,5,23,24,33,40,46,48],"ascension_level":5}}