{"host":"q393yg6r5o2yq652","time":1613347638,"event":{"mods":["BaseMod","Colored Map","Minty Spire (QoL Compilation)","Relic Stats","everything is the same but u backflip on backflip"],"gold_per_floor":[211,286,296,296,308,308,342,342,367,384,384,384,409,287,287,287,287],"floor_reached":16,"language":"ENG","playtime":386,"items_purged":["Defend_R"],"score":130,"play_id":"235878c6-7d19-4412-bab1-e408bd0c578c","local_time":"20210214190718","is_ascension_mode":true,"campfire_choices":[{"data":"Sword Boomerang","floor":6.0,"key":"SMITH"},{"data":"Flex","floor":8,"key":"SMITH"},{"data":"Bash","floor":12,"key":"SMITH"},{"floor":15,"key":"RECALL"}],"circlet_count":0,"master_deck":["Strike_R","Strike_R","Strike_R","Strike_R","Strike_R","Defend_R","Bash+1","Sword Boomerang+1","Flex+1","Clash"],"relics":["Burning Blood","MealTicket","Pen Nib","Juzu Bracelet"],"acts_visited":["Exordium"],"potions_floor_usage":[13,16,16],"damage_taken":[{"damage":9.0,"enemies":"Jaw Worm","floor":1.0,"turns":5.0},{"damage":1.0,"enemies":"Cultist","floor":3.0,"turns":3.0},{"damage":3.0,"enemies":"2 Louse","floor":5.0,"turns":3.0},{"damage":44,"enemies":"Gremlin Nob","floor":7,"turns":5},{"damage":0,"enemies":"2 Fungi Beasts","floor":10,"turns":2},{"damage":25,"enemies":"Lagavulin","floor":13,"turns":4},{"damage":31,"enemies":"Hexaghost","floor":16,"turns":4}],"seed_played":"8549979320047695500","potions_obtained":[{"floor":3.0,"key":"Swift Potion"},{"floor":7,"key":"Fire Potion"},{"floor":10,"key":"SkillPotion"}],"is_trial":false,"path_per_floor":["M","?","M","?","M","R","E","R","T","M","?","R","E","$","R","B"],"character_chosen":"IRONCLAD","items_purchased":["Clash"],"campfire_rested":0,"item_purchase_floors":[14],"current_hp_per_floor":[77,66,71,71,74,74,36,36,36,42,35,35,16,31,31,0,0],"gold":287,"neow_bonus":"HUNDRED_GOLD","is_daily":false,"chose_seed":false,"campfire_upgraded":3,"win_rate":0.0,"timestamp":1613347638,"path_taken":["M","?","M","?","M","R","E","R","T","?","?","R","E","$","R","BOSS"],"items_purchased_type":["Card"],"build_version":"2020-12-22","purchased_purges":1,"victory":false,"max_hp_per_floor":[80,80,80,80,80,80,80,80,80,80,80,80,80,80,80,80,80],"relic_stats":{"counters":[7,26],"MealTicket":15,"Pen Nib":[2],"Juzu Bracelet":0,"obtain_stats":[{"MealTicket":7,"Pen Nib":9,"Juzu Bracelet":13,"Burning Blood":0},{"MealTicket":4,"Pen Nib":4,"Juzu Bracelet":6,"Burning Blood":0},{"MealTicket":16,"Pen Nib":16,"Juzu Bracelet":22,"Burning Blood":0}],"Burning Blood":36},"card_choices":[{"not_picked":["Iron Wave","Dual Wield","Heavy Blade"],"picked":"SKIP","floor":1.0},{"not_picked":["Cleave","Shrug It Off"],"picked":"Sword Boomerang","floor":3.0},{"not_picked":["Combust","Warcry","Armaments"],"picked":"SKIP","floor":5.0},{"not_picked":["Demon Form","Bloodletting"],"picked":"Flex","floor":7},{"not_picked":["Dark Embrace","Thunderclap","Seeing Red"],"picked":"SKIP","floor":10},{"not_picked":["Sentinel","Combust","Cleave"],"picked":"SKIP","floor":13}],"player_experience":324608,"relics_obtained":[{"floor":7,"key":"MealTicket"},{"floor":9,"key":"Pen Nib"},{"floor":13,"key":"Juzu Bracelet"}],"event_choices":[{"damage_healed":0.0,"max_hp_gain":0.0,"max_hp_loss":0.0,"gold_gain":75.0,"event_name":"World of Goop","player_choice":"Gather Gold","floor":2.0,"gold_loss":0.0,"damage_taken":11.0},{"cards_removed":["Defend_R"],"damage_healed":0.0,"max_hp_gain":0.0,"max_hp_loss":0.0,"gold_gain":0.0,"event_name":"Purifier","player_choice":"Purged","floor":4.0,"gold_loss":0.0,"damage_taken":0.0},{"cards_removed":["Defend_R"],"damage_healed":0,"gold_gain":0,"player_choice":"Card Removal","damage_taken":7,"max_hp_gain":0,"max_hp_loss":0,"event_name":"Golden Wing","floor":11,"gold_loss":0}],"is_beta":false,"boss_relics":[],"items_purged_floors":[14],"is_endless":false,"potions_floor_spawned":[3,7,10],"killed_by":"Hexaghost","ascension_level":4}}