{"host":"hrtq1r2z0jdgxy6l","time":1613392681,"event":{"mods":["AchievementEnabler","BaseMod","Bestiary","Colored Map","Colored Powertips","Downfall","Highlight Path","Minty Spire (QoL Compilation)","Permanent Neow","StSLib"],"gold_per_floor":[99,112,124,136,154,154,181,181,191,191,226,226,226,240,254,359,359,359,371,371,371,390,404,404,404,404,74,74,84,69,69,69],"floor_reached":31,"language":"ENG","playtime":3241,"items_purged":["Defend_B+1"],"score":237,"play_id":"05923021-cefb-4920-8eaf-b2fe586af9b4","local_time":"20210215203801","is_ascension_mode":false,"campfire_choices":[{"data":"Zap","floor":1.0,"key":"SMITH"},{"data":"Glacier","floor":8.0,"key":"SMITH"},{"data":"Doom and Gloom","floor":10.0,"key":"SMITH"},{"data":"Darkness","floor":13.0,"key":"SMITH"},{"data":"Defragment","floor":18.0,"key":"SMITH"},{"data":"Bandage Up","floor":28.0,"key":"SMITH"}],"circlet_count":0,"master_deck":["Strike_B+1","Strike_B+1","Strike_B+1","Strike_B+1","Defend_B+1","Defend_B+1","Defend_B+1","Zap+1","Dualcast","Glacier+1","Chill","Darkness+1","Blizzard","Doom and Gloom+1","Defragment+1","Biased Cognition+1","FTL+1","RitualDagger","Redo","Bandage Up+1"],"relics":["Sozu","Regal Pillow","Sundial","Black Star","Pen Nib","Oddly Smooth Stone"],"acts_visited":["Exordium","TheCity"],"potions_floor_usage":[],"damage_taken":[{"damage":0.0,"enemies":"Cultist","floor":2.0,"turns":3.0},{"damage":0.0,"enemies":"2 Louse","floor":3.0,"turns":2.0},{"damage":6.0,"enemies":"Jaw Worm","floor":4.0,"turns":3.0},{"damage":3.0,"enemies":"Red Slaver","floor":5.0,"turns":5.0},{"damage":0.0,"enemies":"Looter","floor":9.0,"turns":4.0},{"damage":6.0,"enemies":"3 Sentries","floor":11.0,"turns":5.0},{"damage":4.0,"enemies":"Blue Slaver","floor":14.0,"turns":3.0},{"damage":0.0,"enemies":"2 Fungi Beasts","floor":15.0,"turns":2.0},{"damage":32.0,"enemies":"IC_STATUS_ARCHETYPE","floor":16.0,"turns":10.0},{"damage":15.0,"enemies":"downfall:LooterAlt2","floor":19.0,"turns":4.0},{"damage":10.0,"enemies":"Spheric Guardian","floor":22.0,"turns":5.0},{"damage":9.0,"enemies":"3 Cultists","floor":23.0,"turns":5.0},{"damage":0.0,"enemies":"downfall:FleeingMerchant","floor":27.0,"turns":4.0},{"damage":21,"enemies":"Snake Plant","floor":29,"turns":3},{"damage":15,"enemies":"downfall:FleeingMerchant","floor":30,"turns":4},{"damage":10,"enemies":"Cultist and Chosen","floor":31,"turns":1}],"seed_played":"-9034471188896165785","potions_obtained":[],"is_trial":false,"path_per_floor":["R","M","M","M","M","?","T","R","M","R","E","T","R","M","M","B",null,"R","M","?","?","M","M","T","?","?","$","R","M","$","M"],"character_chosen":"DEFECT","items_purchased":["Oddly Smooth Stone","Bandage Up"],"campfire_rested":0,"item_purchase_floors":[27,27],"current_hp_per_floor":[75,75,75,69,66,51,51,51,51,51,45,45,45,41,41,9,75,75,60,54,54,44,35,35,35,27,27,27,12,3,0,0],"gold":69,"neow_bonus":"BOSS_RELIC","is_daily":false,"chose_seed":false,"campfire_upgraded":6,"win_rate":0.0,"timestamp":1613392681,"path_taken":["R","M","M","M","?","?","T","R","M","R","E","?","R","?","M","BOSS","R","M","?","?","M","M","T","?","?","$","R","M","$","?"],"items_purchased_type":["Relic","Card"],"build_version":"2020-12-22","purchased_purges":1,"victory":false,"max_hp_per_floor":[75,75,75,75,75,75,75,75,75,75,75,75,75,75,75,75,75,75,75,75,75,75,75,75,75,75,75,75,75,75,75,75],"card_choices":[{"not_picked":["Conserve Battery","Stack"],"picked":"Glacier","floor":2.0},{"not_picked":["Redo","Steam Power"],"picked":"Chill","floor":3.0},{"not_picked":["Beam Cell","Gash"],"picked":"Darkness","floor":4.0},{"not_picked":["FTL","Go for the Eyes"],"picked":"Blizzard","floor":5.0},{"not_picked":["Go for the Eyes","Leap"],"picked":"Doom and Gloom","floor":9.0},{"not_picked":["Tempest","Beam Cell","Steam"],"picked":"SKIP","floor":11.0},{"not_picked":["Gash","Compile Driver"],"picked":"Defragment","floor":14.0},{"not_picked":["Leap","Static Discharge"],"picked":"Biased Cognition","floor":15.0},{"not_picked":["Coolheaded","Beam Cell"],"picked":"FTL","floor":19.0},{"not_picked":["Reprogram","Steam","Sweeping Beam"],"picked":"SKIP","floor":22.0},{"not_picked":["Scrape","Reprogram+1"],"picked":"Redo","floor":23.0},{"not_picked":["Conserve Battery","Stack","Ball Lightning"],"picked":"SKIP","floor":27.0},{"not_picked":["Leap","Beam Cell","Barrage"],"picked":"SKIP","floor":29},{"not_picked":["Blizzard","Biased Cognition","Scrape"],"picked":"SKIP","floor":30}],"player_experience":43275,"relics_obtained":[{"floor":11.0,"key":"Regal Pillow"},{"floor":12.0,"key":"Sundial"},{"floor":24.0,"key":"Pen Nib"}],"event_choices":[{"damage_healed":0.0,"max_hp_gain":0.0,"max_hp_loss":0.0,"gold_gain":0.0,"event_name":"Shining Light","player_choice":"Entered Light","floor":6.0,"gold_loss":0.0,"damage_taken":15.0,"cards_upgraded":["Strike_B","Defend_B"]},{"damage_healed":0.0,"max_hp_gain":0.0,"max_hp_loss":0.0,"gold_gain":0.0,"event_name":"Back to Basics","player_choice":"Simplicity","floor":25.0,"gold_loss":0.0,"damage_taken":0.0,"cards_upgraded":["Strike_B","Strike_B","Strike_B","Defend_B","Defend_B","Defend_B"]}],"is_beta":false,"boss_relics":[{"not_picked":["Philosopher\u0027s Stone","Ectoplasm"],"picked":"Black Star"}],"items_purged_floors":[27],"is_endless":false,"potions_floor_spawned":[3,9,11,16,22],"killed_by":"Cultist and Chosen","ascension_level":0}}