{"host":"wbn3xdfsa5pc2kse","time":1613387873,"event":{"mods":["AchievementEnabler","BaseMod","Bestiary","Colored Map","Colored Powertips","Curses Come First","Highlight Path","Minty Spire (QoL Compilation)","Permanent Neow","Rare Cards Sparkle","Relic Stats","StSLib"],"gold_per_floor":[119,119,219,235,235,235,274,274,274,309,309,74,17,41,41,139,139,157,157,173,191,191,191,206,206,260,103,146,60,79,97,97,97,97],"floor_reached":33,"language":"ZHT","playtime":1269,"items_purged":["Strike_G","Writhe"],"score":536,"play_id":"da97b2cc-599a-4ccd-ad93-c26c8d4c0c33","local_time":"20210215191753","is_ascension_mode":true,"campfire_choices":[{"data":"Poisoned Stab","floor":6,"key":"SMITH"},{"floor":11,"key":"REST"},{"data":"Bouncing Flask","floor":15,"key":"SMITH"},{"floor":23,"key":"REST"},{"data":"Footwork","floor":25,"key":"SMITH"},{"floor":32,"key":"REST"}],"circlet_count":0,"master_deck":["AscendersBane","Strike_G","Strike_G","Defend_G","Defend_G","Defend_G","Defend_G","Defend_G","Survivor","Neutralize","Poisoned Stab+1","PiercingWail","Quick Slash","Glass Knife","Bouncing Flask+1","Night Terror","Acrobatics","Footwork+1","Reflex","Deadly Poison","Dodge and Roll"],"relics":["Ring of the Snake","NeowsBlessing","Golden Idol","Ice Cream","Vajra","Singing Bowl","Ginger","Lantern","Snecko Eye","Regal Pillow","Happy Flower","Centennial Puzzle"],"acts_visited":["Exordium","TheCity"],"potions_floor_usage":[16,18,28,30,33],"damage_taken":[{"damage":0,"enemies":"Small Slimes","floor":1,"turns":1},{"damage":0,"enemies":"Jaw Worm","floor":4,"turns":1},{"damage":0,"enemies":"3 Sentries","floor":7,"turns":1},{"damage":29,"enemies":"Lagavulin","floor":10,"turns":7},{"damage":0,"enemies":"Cultist","floor":14,"turns":2},{"damage":9,"enemies":"The Guardian","floor":16,"turns":8},{"damage":0,"enemies":"2 Thieves","floor":18,"turns":3},{"damage":20,"enemies":"Chosen","floor":20,"turns":5},{"damage":16,"enemies":"Shelled Parasite and Fungi","floor":21,"turns":8},{"damage":15,"enemies":"Cultist and Chosen","floor":24,"turns":5},{"damage":37,"enemies":"Gremlin Leader","floor":28,"turns":5},{"damage":0,"enemies":"Snake Plant","floor":30,"turns":3},{"damage":0,"enemies":"Chosen and Byrds","floor":31,"turns":3},{"damage":39,"enemies":"Collector","floor":33,"turns":8}],"seed_played":"7874964184755441977","potions_obtained":[{"floor":4,"key":"CultistPotion"},{"floor":16,"key":"BlessingOfTheForge"},{"floor":20,"key":"FearPotion"}],"is_trial":false,"path_per_floor":["M","?","?","M","?","R","E","?","T","E","R","$","$","M","R","B",null,"M","?","M","M","?","R","M","R","T","$","E","$","M","M","R","B"],"character_chosen":"THE_SILENT","items_purchased":["Lantern","SkillPotion","Deadly Poison","DistilledChaos"],"campfire_rested":3,"item_purchase_floors":[12,13,27,29],"current_hp_per_floor":[59,59,59,59,41,41,41,41,41,12,30,30,30,30,30,21,50,50,50,32,18,18,52,39,39,39,39,4,4,4,6,42,3,3],"gold":97,"neow_bonus":"THREE_ENEMY_KILL","is_daily":false,"chose_seed":false,"campfire_upgraded":3,"win_rate":0.0,"timestamp":1613387873,"path_taken":["M","?","?","?","?","R","E","?","T","E","R","?","$","M","R","BOSS","M","?","M","M","?","R","M","R","T","$","E","$","M","M","R","BOSS"],"items_purchased_type":["Relic","Potion","Card","Potion"],"build_version":"2020-12-22","purchased_purges":2,"victory":false,"max_hp_per_floor":[66,60,60,60,60,60,60,60,60,60,60,60,60,60,60,60,60,60,60,62,64,64,64,66,66,66,66,68,68,68,70,70,70,70],"relic_stats":{"Regal Pillow":30,"Centennial Puzzle":[3],"Singing Bowl":10,"Happy Flower":[6],"counters":[14,60],"Golden Idol":74,"Snecko Eye":[79,79,70,79],"Ginger":[8],"obtain_stats":[{"Ice Cream":5,"Lantern":12,"Regal Pillow":19,"Centennial Puzzle":28,"NeowsBlessing":0,"Singing Bowl":9,"Happy Flower":26,"Golden Idol":2,"Vajra":7,"Snecko Eye":17,"Ginger":10,"Ring of the Snake":0},{"Ice Cream":2,"Lantern":4,"Regal Pillow":7,"Centennial Puzzle":11,"NeowsBlessing":0,"Singing Bowl":3,"Happy Flower":10,"Golden Idol":1,"Vajra":3,"Snecko Eye":6,"Ginger":4,"Ring of the Snake":0},{"Ice Cream":2,"Lantern":10,"Regal Pillow":23,"Centennial Puzzle":46,"NeowsBlessing":0,"Singing Bowl":3,"Happy Flower":41,"Golden Idol":1,"Vajra":3,"Snecko Eye":20,"Ginger":10,"Ring of the Snake":0}],"Ring of the Snake":[28]},"card_choices":[{"not_picked":["Dagger Spray","Flying Knee"],"picked":"Poisoned Stab","floor":1},{"not_picked":["Outmaneuver","Prepared"],"picked":"PiercingWail","floor":4},{"not_picked":["Deflect","Poisoned Stab"],"picked":"Quick Slash","floor":7},{"not_picked":["Night Terror","Sucker Punch"],"picked":"Glass Knife","floor":10},{"not_picked":["Acrobatics","Crippling Poison"],"picked":"Bouncing Flask","floor":14},{"not_picked":["Grand Finale","Storm of Steel"],"picked":"Night Terror","floor":16},{"not_picked":["PiercingWail","Deflect"],"picked":"Acrobatics","floor":18},{"not_picked":["Cloak And Dagger","Bane","Infinite Blades"],"picked":"Singing Bowl","floor":20},{"not_picked":["Terror","Backstab","Prepared"],"picked":"Singing Bowl","floor":21},{"not_picked":["Dagger Throw","Poisoned Stab","Eviscerate"],"picked":"Singing Bowl","floor":24},{"not_picked":["Infinite Blades","Terror","Deflect"],"picked":"Singing Bowl","floor":28},{"not_picked":["Slice","Bane"],"picked":"Dodge and Roll","floor":30},{"not_picked":["Underhanded Strike","Masterful Stab","Blade Dance"],"picked":"Singing Bowl","floor":31}],"player_experience":822869,"relics_obtained":[{"floor":7,"key":"Vajra"},{"floor":9,"key":"Singing Bowl"},{"floor":10,"key":"Ginger"},{"floor":26,"key":"Happy Flower"},{"floor":28,"key":"Centennial Puzzle"}],"event_choices":[{"damage_healed":0,"gold_gain":0,"player_choice":"Lose Max HP","damage_taken":0,"relics_obtained":["Golden Idol"],"max_hp_gain":0,"max_hp_loss":6,"event_name":"Golden Idol","floor":2,"gold_loss":0},{"damage_healed":0,"gold_gain":100,"player_choice":"Gold","damage_taken":0,"max_hp_gain":0,"max_hp_loss":0,"event_name":"Wheel of Change","floor":3,"gold_loss":0},{"damage_healed":0,"gold_gain":0,"player_choice":"Success","damage_taken":18,"relics_obtained":["Ice Cream"],"max_hp_gain":0,"max_hp_loss":0,"event_name":"Scrap Ooze","floor":5,"gold_loss":0},{"damage_healed":0,"gold_gain":0,"player_choice":"Ignored","damage_taken":0,"max_hp_gain":0,"max_hp_loss":0,"event_name":"Liars Game","floor":8,"gold_loss":0},{"damage_healed":0,"gold_gain":0,"player_choice":"Opened","damage_taken":0,"relics_obtained":["Regal Pillow"],"max_hp_gain":0,"max_hp_loss":0,"event_name":"The Mausoleum","floor":19,"gold_loss":0,"cards_obtained":["Writhe"]},{"damage_healed":0,"gold_gain":0,"cards_transformed":["Strike_G","Strike_G"],"player_choice":"Became Test Subject","damage_taken":0,"max_hp_gain":0,"max_hp_loss":0,"event_name":"Drug Dealer","floor":22,"gold_loss":0,"cards_obtained":["Footwork","Reflex"]}],"is_beta":false,"boss_relics":[{"not_picked":["Calling Bell","WristBlade"],"picked":"Snecko Eye"}],"items_purged_floors":[12,27],"is_endless":false,"potions_floor_spawned":[4,14,16,20,21,24],"killed_by":"Collector","ascension_level":16}}