{"host":"t5vp0whyqzs05fb6","time":1613397060,"event":{"mods":["AchievementEnabler","BaseMod","Colored Map","Minty Spire (QoL Compilation)","Rare Cards Sparkle","SuperFastMode","everything is the same but u backflip on backflip"],"gold_per_floor":[210,224,224,242,253,285,285,285,334,346,357,367,382,69,69,165,165,175,185,18,36,135,168,179,179,203,220,238,257,257],"floor_reached":29,"language":"KOR","playtime":775,"items_purged":["Defend_R","Strike_R"],"score":255,"play_id":"f4a54d10-11e3-48c4-85b6-5eb2314f3170","local_time":"20210215225100","is_ascension_mode":false,"campfire_choices":[{"data":"Perfected Strike","floor":7,"key":"SMITH"},{"data":"Flex","floor":15,"key":"SMITH"},{"data":"Dual Wield","floor":25,"key":"SMITH"}],"circlet_count":0,"master_deck":["Strike_R","Strike_R","Strike_R","Strike_R","Defend_R+1","Defend_R","Defend_R+1","Bash","Sword Boomerang","Wild Strike","Flame Barrier","Flex+1","Perfected Strike+1","Shrug It Off","Clothesline","Demon Form","Double Tap","Pommel Strike+1","Inflame","Pommel Strike","Dual Wield+1"],"relics":["Burning Blood","Mercury Hourglass","Blood Vial","HornCleat","Runic Pyramid","Happy Flower","Bag of Preparation"],"acts_visited":["Exordium","TheCity"],"potions_floor_usage":[6,6,23],"damage_taken":[{"damage":2,"enemies":"2 Louse","floor":1,"turns":3},{"damage":6,"enemies":"Cultist","floor":2,"turns":3},{"damage":9,"enemies":"Small Slimes","floor":4,"turns":3},{"damage":12,"enemies":"2 Fungi Beasts","floor":5,"turns":4},{"damage":22,"enemies":"Lagavulin","floor":6,"turns":9},{"damage":0,"enemies":"Exordium Wildlife","floor":10,"turns":3},{"damage":1,"enemies":"Red Slaver","floor":11,"turns":3},{"damage":4,"enemies":"Blue Slaver","floor":12,"turns":2},{"damage":12,"enemies":"2 Fungi Beasts","floor":13,"turns":3},{"damage":17,"enemies":"Hexaghost","floor":16,"turns":7},{"damage":0,"enemies":"Spheric Guardian","floor":18,"turns":3},{"damage":6,"enemies":"Chosen","floor":19,"turns":4},{"damage":2,"enemies":"Snake Plant","floor":21,"turns":3},{"damage":15,"enemies":"Gremlin Leader","floor":23,"turns":5},{"damage":10,"enemies":"Shelled Parasite and Fungi","floor":24,"turns":3},{"damage":28,"enemies":"Centurion and Healer","floor":27,"turns":6},{"damage":0,"enemies":"Snake Plant","floor":28,"turns":2},{"damage":0,"enemies":"Sentry and Sphere","floor":29,"turns":2}],"seed_played":"-5668191492512054542","potions_obtained":[{"floor":2,"key":"BlessingOfTheForge"},{"floor":5,"key":"SkillPotion"},{"floor":11,"key":"BloodPotion"},{"floor":13,"key":"Ancient Potion"},{"floor":16,"key":"DistilledChaos"},{"floor":29,"key":"CultistPotion"}],"is_trial":false,"path_per_floor":["M","M","?","M","M","E","R","?","T","M","M","M","M","$","R","B",null,"M","M","$","M","?","E","M","R","T","M","M","M"],"character_chosen":"IRONCLAD","items_purchased":["HornCleat","Inflame"],"campfire_rested":0,"item_purchase_floors":[14,20],"current_hp_per_floor":[80,80,64,61,55,39,39,39,39,47,54,58,54,54,54,45,80,80,80,80,80,80,71,69,69,69,49,57,65,65],"gold":257,"neow_bonus":"HUNDRED_GOLD","is_daily":false,"chose_seed":false,"campfire_upgraded":3,"win_rate":0.0,"timestamp":1613397060,"path_taken":["M","M","?","M","M","E","R","?","T","M","M","M","M","$","R","BOSS","M","M","$","M","?","E","M","R","T","M","M","M"],"items_purchased_type":["Relic","Card"],"build_version":"2020-12-22","purchased_purges":2,"victory":false,"max_hp_per_floor":[80,80,80,80,80,80,80,80,80,80,80,80,80,80,80,80,80,80,80,80,80,80,80,80,80,80,80,80,80,80],"card_choices":[{"not_picked":["Thunderclap","Seeing Red"],"picked":"Sword Boomerang","floor":1},{"not_picked":["Sword Boomerang","Cleave"],"picked":"Wild Strike","floor":2},{"not_picked":["Fire Breathing","Twin Strike"],"picked":"Flame Barrier","floor":4},{"not_picked":["Heavy Blade","Double Tap"],"picked":"Flex","floor":5},{"not_picked":["Immolate","Bludgeon"],"picked":"Perfected Strike","floor":6},{"not_picked":["Headbutt","Heavy Blade"],"picked":"Clothesline","floor":10},{"not_picked":["Warcry","Clothesline","Sword Boomerang"],"picked":"SKIP","floor":11},{"not_picked":["Havoc","Second Wind"],"picked":"Demon Form","floor":12},{"not_picked":["Body Slam","Warcry","Wild Strike"],"picked":"SKIP","floor":13},{"not_picked":["Exhume","Demon Form"],"picked":"Double Tap","floor":16},{"not_picked":["Havoc","Cleave","Clash"],"picked":"SKIP","floor":18},{"not_picked":["Intimidate+1","Power Through"],"picked":"Pommel Strike+1","floor":19},{"not_picked":["Thunderclap","Rage"],"picked":"Pommel Strike","floor":21},{"not_picked":["Sentinel+1","Rampage+1","Thunderclap"],"picked":"SKIP","floor":23},{"not_picked":["Perfected Strike","Pommel Strike"],"picked":"Dual Wield","floor":24},{"not_picked":["Juggernaut","Flex","Shockwave"],"picked":"SKIP","floor":27},{"not_picked":["Dark Embrace+1","Body Slam+1","Dropkick"],"picked":"SKIP","floor":28}],"player_experience":229602,"relics_obtained":[{"floor":6,"key":"Mercury Hourglass"},{"floor":9,"key":"Blood Vial"},{"floor":23,"key":"Happy Flower"},{"floor":26,"key":"Bag of Preparation"}],"event_choices":[{"damage_healed":0,"gold_gain":0,"player_choice":"Entered Light","damage_taken":16,"max_hp_gain":0,"max_hp_loss":0,"event_name":"Shining Light","floor":3,"gold_loss":0,"cards_upgraded":["Defend_R","Defend_R"]},{"damage_healed":0,"gold_gain":0,"player_choice":"1 cards matched","damage_taken":0,"max_hp_gain":0,"max_hp_loss":0,"event_name":"Match and Keep!","floor":8,"gold_loss":0,"cards_obtained":["Shrug It Off"]},{"damage_healed":0,"gold_gain":99,"player_choice":"Stole From Cult","damage_taken":0,"max_hp_gain":0,"max_hp_loss":0,"event_name":"Nest","floor":22,"gold_loss":0}],"is_beta":false,"boss_relics":[{"not_picked":["Tiny House","Cursed Key"],"picked":"Runic Pyramid"}],"items_purged_floors":[14,20],"is_endless":false,"potions_floor_spawned":[2,5,11,13,16,19,29],"killed_by":"Sentry and Sphere","ascension_level":0}}