{"host":"mnpd8gh7cwxsn5kh","time":1613410608,"event":{"mods":["BaseMod","Bestiary","Block Reminder","Colored Map","Colored Powertips","Highlight Path","Minty Spire (QoL Compilation)","Relic Sorter","Relic Stats"],"gold_per_floor":[117,130,280,299,13,13,38,38,38,38,56,90,90,365,365,365,365],"floor_reached":16,"language":"ENG","playtime":1064,"items_purged":["Doubt"],"score":205,"play_id":"8c6515ae-e449-4bbe-99d0-a331d5a12b20","local_time":"20210215183648","is_ascension_mode":true,"campfire_choices":[{"data":"Combust","floor":6,"key":"SMITH"},{"data":"Clothesline","floor":8,"key":"SMITH"},{"data":"Bash","floor":10,"key":"SMITH"},{"data":"Body Slam","floor":15,"key":"SMITH"}],"circlet_count":0,"master_deck":["AscendersBane","Strike_R+1","Strike_R","Strike_R","Strike_R+1","Strike_R","Defend_R","Defend_R","Defend_R","Defend_R","Bash+1","Heavy Blade","Iron Wave","Combust+1","Clothesline+1","Impervious","Body Slam+1","Regret"],"relics":["Burning Blood","Anchor","Frozen Eye","StrikeDummy","Blue Candle","Smiling Mask"],"acts_visited":["Exordium"],"potions_floor_usage":[],"damage_taken":[{"damage":7,"enemies":"Cultist","floor":1,"turns":4},{"damage":0,"enemies":"2 Louse","floor":2,"turns":3},{"damage":2,"enemies":"Jaw Worm","floor":4,"turns":5},{"damage":24,"enemies":"3 Sentries","floor":7,"turns":7},{"damage":6,"enemies":"Exordium Thugs","floor":11,"turns":4},{"damage":9,"enemies":"Gremlin Nob","floor":12,"turns":4},{"damage":31,"enemies":"The Guardian","floor":16,"turns":8}],"seed_played":"3244257685313739694","potions_obtained":[{"floor":2,"key":"Strength Potion"},{"floor":11,"key":"Ancient Potion"}],"is_trial":false,"path_per_floor":["M","M","?","M","$","R","E","R","T","R","M","E","?","?","R","B"],"character_chosen":"IRONCLAD","items_purchased":["Combust","Frozen Eye"],"campfire_rested":0,"item_purchase_floors":[5,5],"current_hp_per_floor":[67,73,73,75,75,75,57,57,57,57,57,54,31,31,31,0,0],"gold":365,"neow_bonus":"RANDOM_COMMON_RELIC","is_daily":false,"chose_seed":false,"campfire_upgraded":4,"win_rate":0.0,"timestamp":1613410608,"path_taken":["M","M","?","M","$","R","E","R","T","R","M","E","?","?","R","BOSS"],"items_purchased_type":["Card","Relic"],"build_version":"2020-12-22","purchased_purges":1,"victory":false,"max_hp_per_floor":[75,75,75,75,75,75,75,75,75,75,75,75,75,75,75,75,75],"relic_stats":{"counters":[7,35],"Blue Candle":[1],"Smiling Mask":0,"obtain_stats":[{"Frozen Eye":5,"Anchor":0,"Blue Candle":9,"StrikeDummy":7,"Smiling Mask":12,"Burning Blood":0},{"Frozen Eye":3,"Anchor":0,"Blue Candle":4,"StrikeDummy":4,"Smiling Mask":6,"Burning Blood":0},{"Frozen Eye":12,"Anchor":0,"Blue Candle":19,"StrikeDummy":19,"Smiling Mask":27,"Burning Blood":0}],"Burning Blood":34},"card_choices":[{"not_picked":["True Grit","Thunderclap"],"picked":"Heavy Blade","floor":1},{"not_picked":["Warcry","Sever Soul","Reckless Charge"],"picked":"SKIP","floor":2},{"not_picked":["Clash","Wild Strike"],"picked":"Iron Wave","floor":4},{"not_picked":["True Grit","Clash"],"picked":"Clothesline","floor":7},{"not_picked":["Perfected Strike","Feel No Pain"],"picked":"Impervious","floor":11},{"not_picked":["Clothesline","Intimidate"],"picked":"Body Slam","floor":12}],"player_experience":557971,"relics_obtained":[{"floor":7,"key":"StrikeDummy"},{"floor":9,"key":"Blue Candle"},{"floor":12,"key":"Smiling Mask"}],"event_choices":[{"damage_healed":0,"gold_gain":150,"player_choice":"AGREE","damage_taken":0,"max_hp_gain":0,"max_hp_loss":0,"event_name":"Liars Game","floor":3,"gold_loss":0,"cards_obtained":["Doubt"]},{"damage_healed":0,"gold_gain":0,"player_choice":"Entered Light","damage_taken":23,"max_hp_gain":0,"max_hp_loss":0,"event_name":"Shining Light","floor":13,"gold_loss":0,"cards_upgraded":["Strike_R","Strike_R"]},{"damage_healed":0,"gold_gain":275,"player_choice":"Desecrate","damage_taken":0,"max_hp_gain":0,"max_hp_loss":0,"event_name":"Golden Shrine","floor":14,"gold_loss":0,"cards_obtained":["Regret"]}],"is_beta":false,"boss_relics":[],"items_purged_floors":[5],"is_endless":false,"potions_floor_spawned":[2,11],"killed_by":"The Guardian","ascension_level":18}}