{"host":"1xo5g347e5o4auts","time":1613414347,"event":{"mods":["BaseMod","Minty Spire (QoL Compilation)","Permanent Neow","StSLib"],"gold_per_floor":[115,132,132,132,132,132,158,221,221,241,241,267,291,336,348,360,360],"floor_reached":16,"language":"ENG","playtime":259,"items_purged":[],"score":236,"play_id":"73d61639-090b-478d-8565-c1a95f4f5688","local_time":"20210215203907","is_ascension_mode":true,"campfire_choices":[{"data":"Bash","floor":6,"key":"SMITH"},{"data":"Whirlwind","floor":15,"key":"SMITH"}],"circlet_count":0,"master_deck":["AscendersBane","Strike_R","Strike_R+1","Strike_R","Strike_R","Strike_R","Defend_R","Defend_R","Defend_R","Defend_R","Bash+1","Bludgeon+1","Cleave","Reckless Charge+1","Whirlwind+1","Battle Trance"],"relics":["Burning Blood","Shuriken","Mummified Hand","Eternal Feather","MawBank","Unceasing Top"],"acts_visited":["Exordium"],"potions_floor_usage":[12],"damage_taken":[{"damage":6,"enemies":"Cultist","floor":1,"turns":3},{"damage":2,"enemies":"2 Louse","floor":2,"turns":2},{"damage":25,"enemies":"Lagavulin","floor":7,"turns":5},{"damage":12,"enemies":"Jaw Worm","floor":10,"turns":2},{"damage":8,"enemies":"Gremlin Nob","floor":12,"turns":3},{"damage":6,"enemies":"2 Fungi Beasts","floor":13,"turns":3},{"damage":15,"enemies":"Lagavulin","floor":14,"turns":3},{"damage":15,"enemies":"Slime Boss","floor":16,"turns":7}],"seed_played":"-2104148641285546762","potions_obtained":[{"floor":2,"key":"DuplicationPotion"},{"floor":12,"key":"HeartOfIron"}],"is_trial":false,"path_per_floor":["M","M","?","?","T","R","E","?","T","M","?","E","M","E","R","B"],"character_chosen":"IRONCLAD","items_purchased":[],"campfire_rested":0,"item_purchase_floors":[],"current_hp_per_floor":[68,68,68,48,48,48,29,29,29,23,23,21,21,12,21,6,6],"gold":360,"neow_bonus":"THREE_RARE_CARDS","is_daily":false,"chose_seed":false,"campfire_upgraded":2,"win_rate":0.0,"timestamp":1613414347,"path_taken":["M","?","?","?","?","R","E","?","T","?","?","E","M","E","R","BOSS"],"items_purchased_type":[],"build_version":"2020-12-22","purchased_purges":0,"victory":false,"max_hp_per_floor":[68,68,68,68,68,68,68,68,68,68,68,68,68,68,68,68,68],"card_choices":[{"not_picked":["Impervious","Double Tap"],"picked":"Bludgeon","floor":0},{"not_picked":["Flex","Wild Strike"],"picked":"Cleave","floor":1},{"not_picked":["Entrench","Reckless Charge","Heavy Blade"],"picked":"SKIP","floor":2},{"not_picked":["Entrench","Heavy Blade"],"picked":"Reckless Charge","floor":2},{"not_picked":["Double Tap","Intimidate","Perfected Strike"],"picked":"SKIP","floor":7},{"not_picked":["Wild Strike","Reckless Charge","Rampage"],"picked":"SKIP","floor":10},{"not_picked":["Perfected Strike","Dropkick","Clash"],"picked":"SKIP","floor":12},{"not_picked":["True Grit","Reckless Charge"],"picked":"Whirlwind","floor":13},{"not_picked":["Sword Boomerang","Whirlwind"],"picked":"Battle Trance","floor":14}],"player_experience":1491796,"relics_obtained":[{"floor":5,"key":"Shuriken"},{"floor":7,"key":"Mummified Hand"},{"floor":9,"key":"Eternal Feather"},{"floor":12,"key":"MawBank"},{"floor":14,"key":"Unceasing Top"}],"event_choices":[{"damage_healed":0,"gold_gain":0,"player_choice":"Grow","damage_taken":0,"max_hp_gain":0,"max_hp_loss":0,"event_name":"Living Wall","floor":3,"gold_loss":0,"cards_upgraded":["Bludgeon"]},{"damage_healed":0,"gold_gain":0,"player_choice":"Entered Light","damage_taken":20,"max_hp_gain":0,"max_hp_loss":0,"event_name":"Shining Light","floor":4,"gold_loss":0,"cards_upgraded":["Reckless Charge","Strike_R"]},{"damage_healed":0,"gold_gain":63,"player_choice":"Gained Gold","damage_taken":0,"max_hp_gain":0,"max_hp_loss":0,"event_name":"Golden Wing","floor":8,"gold_loss":0},{"damage_healed":0,"gold_gain":0,"player_choice":"Ignored","damage_taken":0,"max_hp_gain":0,"max_hp_loss":0,"event_name":"Liars Game","floor":11,"gold_loss":0}],"is_beta":false,"boss_relics":[],"items_purged_floors":[],"is_endless":false,"potions_floor_spawned":[2,12],"killed_by":"Slime Boss","ascension_level":20}}