{"host":"zlmf7uudqr1sj8t0","time":1613354924,"event":{"mods":["BaseMod","Colored Map","DeckTracker","Highlight Path","Minty Spire (QoL Compilation)"],"gold_per_floor":[368,388,399,411,20,20,20,20,44,76,106,119,67,78,78,173,173,185,200,200,216,216,216,245,262,340,360,360,28,43,70,70,175,175,187,187,187,207,133,164,164,90,90,124,139,139,156,169,169,169,169,169,21,53,53,53],"floor_reached":55,"language":"ENG","playtime":5181,"items_purged":[],"score":948,"play_id":"0118be57-fe25-42cb-af07-d560f5fd034a","local_time":"20210214180844","is_ascension_mode":true,"campfire_choices":[{"data":"Trip","floor":6,"key":"SMITH"},{"data":"Dualcast","floor":8,"key":"SMITH"},{"floor":15,"key":"REST"},{"data":"Hologram","floor":23,"key":"SMITH"},{"floor":28,"key":"REST"},{"floor":32,"key":"REST"},{"floor":41,"key":"RECALL"},{"data":"Static Discharge","floor":49,"key":"SMITH"},{"data":"Static Discharge","floor":52,"key":"SMITH"}],"circlet_count":0,"master_deck":["Strike_B+1","Strike_B+1","Strike_B+1","Strike_B+1","Defend_B+1","Defend_B+1","Defend_B+1","Defend_B+1","Zap+1","Dualcast+1","Beam Cell+1","Gash+1","Gash+1","Auto Shields+1","All For One+1","Trip+1","Steam+1","Hologram+1","Gash+1","Hologram+1","All For One+1","Rebound+1","Beam Cell+1","Rip and Tear+1","Necronomicurse","Ball Lightning+1","Steam Power+1","Sadistic Nature+1","Reboot+1","FTL+1","Gash+1","Static Discharge+1","Static Discharge+1","Gash+1","Hologram+1","Gash+1","Aggregate+1"],"relics":["Cracked Core","Centennial Puzzle","Omamori","Molten Egg 2","Calling Bell","Smiling Mask","HornCleat","WingedGreaves","War Paint","Necronomicon","Blood Vial","Darkstone Periapt","PreservedInsect","Bird Faced Urn","Coffee Dripper","Mark of the Bloom","Emotion Chip","Cables","Kunai","DollysMirror","Pocketwatch"],"acts_visited":["Exordium","TheCity","TheBeyond","TheEnding"],"potions_floor_usage":[18,24,25,31,50,50,54,54,55],"damage_taken":[{"damage":7,"enemies":"2 Louse","floor":1,"turns":3},{"damage":0,"enemies":"Small Slimes","floor":2,"turns":3},{"damage":0,"enemies":"Cultist","floor":3,"turns":3},{"damage":8,"enemies":"Blue Slaver","floor":4,"turns":2},{"damage":26,"enemies":"Lagavulin","floor":10,"turns":4},{"damage":1,"enemies":"Gremlin Gang","floor":12,"turns":5},{"damage":4,"enemies":"Exordium Thugs","floor":14,"turns":4},{"damage":0,"enemies":"Slime Boss","floor":16,"turns":4},{"damage":0,"enemies":"Shell Parasite","floor":18,"turns":3},{"damage":1,"enemies":"Chosen","floor":19,"turns":3},{"damage":14,"enemies":"Centurion and Healer","floor":21,"turns":4},{"damage":1,"enemies":"Book of Stabbing","floor":24,"turns":3},{"damage":13,"enemies":"Snake Plant","floor":25,"turns":2},{"damage":18,"enemies":"Sentry and Sphere","floor":27,"turns":4},{"damage":8,"enemies":"Chosen and Byrds","floor":30,"turns":4},{"damage":15,"enemies":"Slavers","floor":31,"turns":3},{"damage":23,"enemies":"Collector","floor":33,"turns":7},{"damage":1,"enemies":"3 Darklings","floor":35,"turns":3},{"damage":0,"enemies":"3 Shapes","floor":38,"turns":2},{"damage":0,"enemies":"Giant Head","floor":40,"turns":4},{"damage":2,"enemies":"Nemesis","floor":44,"turns":5},{"damage":5,"enemies":"Spire Growth","floor":45,"turns":3},{"damage":10,"enemies":"Maw","floor":47,"turns":4},{"damage":0,"enemies":"Transient","floor":48,"turns":5},{"damage":21,"enemies":"Time Eater","floor":50,"turns":5},{"damage":19,"enemies":"Shield and Spear","floor":54,"turns":4},{"damage":10,"enemies":"The Heart","floor":55,"turns":2}],"seed_played":"-3205599559220563406","potions_obtained":[{"floor":2,"key":"DistilledChaos"},{"floor":3,"key":"Energy Potion"},{"floor":10,"key":"Block Potion"},{"floor":19,"key":"Strength Potion"},{"floor":27,"key":"ColorlessPotion"},{"floor":31,"key":"FocusPotion"},{"floor":35,"key":"Fire Potion"},{"floor":37,"key":"EntropicBrew"},{"floor":47,"key":"Regen Potion"}],"is_trial":false,"path_per_floor":["M","M","M","M","$","R","?","R","T","E","?","M","$","M","R","B",null,"M","M","?","M","?","R","E","M","T","M","R","$","M","E","R","B",null,"M","?","?","M","$","E","R","$","T","E","M","?","M","M","R","B",null,"R","$","E","B"],"character_chosen":"DEFECT","items_purchased":["Centennial Puzzle","All For One","Trip","Gash+1","PreservedInsect","Sadistic Nature","Static Discharge","Static Discharge","DollysMirror"],"campfire_rested":3,"item_purchase_floors":[5,5,5,13,29,29,39,42,53],"current_hp_per_floor":[61,61,61,53,53,53,53,53,53,27,27,26,26,22,42,42,68,68,67,67,53,37,37,36,25,25,9,29,29,23,10,30,11,68,67,67,67,67,67,67,67,67,67,65,60,60,50,50,50,29,29,29,29,10,0,0],"gold":53,"neow_bonus":"TWO_FIFTY_GOLD","is_daily":false,"chose_seed":false,"campfire_upgraded":5,"win_rate":0.0,"timestamp":1613354924,"path_taken":["M","M","M","M","$","R","?","R","T","E","?","M","$","M","R","BOSS","M","M","?","M","?","R","E","M","T","M","R","$","M","E","R","BOSS","M","?","?","?","$","E","R","$","T","E","M","?","?","M","R","BOSS","R","$","E","BOSS"],"items_purchased_type":["Relic","Card","Card","Card","Relic","Card","Card","Card","Relic"],"build_version":"2020-12-22","purchased_purges":0,"victory":false,"max_hp_per_floor":[68,68,68,68,68,68,68,68,68,68,68,68,68,68,68,68,68,68,68,68,68,68,68,68,68,68,68,68,68,68,68,68,68,68,68,68,68,68,68,68,68,68,68,68,68,68,68,68,68,68,68,68,68,68,68,68],"card_choices":[{"not_picked":["Cold Snap","Steam Power"],"picked":"Beam Cell","floor":1},{"not_picked":["Leap","Reinforced Body"],"picked":"Gash","floor":2},{"not_picked":["Barrage","Genetic Algorithm"],"picked":"Gash","floor":3},{"not_picked":["Aggregate","Steam"],"picked":"Auto Shields","floor":4},{"not_picked":["Conserve Battery","Turbo"],"picked":"Steam","floor":10},{"not_picked":["Leap","Meteor Strike+1"],"picked":"Hologram","floor":12},{"not_picked":["Turbo","Storm"],"picked":"Hologram","floor":14},{"not_picked":["Machine Learning","Electrodynamics"],"picked":"All For One+1","floor":16},{"not_picked":["Beam Cell+1","Rip and Tear+1"],"picked":"Rebound+1","floor":18},{"not_picked":["Stack","Steam"],"picked":"Beam Cell+1","floor":19},{"not_picked":["Skim","Consume"],"picked":"Rip and Tear+1","floor":21},{"not_picked":["BootSequence+1","Chill","Echo Form"],"picked":"SKIP","floor":24},{"not_picked":["Stack","Cold Snap+1"],"picked":"Ball Lightning+1","floor":25},{"not_picked":["Cold Snap+1","Reinforced Body"],"picked":"Steam Power","floor":27},{"not_picked":["Turbo","Cold Snap+1"],"picked":"Reboot","floor":30},{"not_picked":["Stack","Leap"],"picked":"FTL+1","floor":31},{"not_picked":["Leap","Capacitor+1"],"picked":"Gash+1","floor":35},{"not_picked":["Go for the Eyes+1","Tempest","Sunder+1"],"picked":"SKIP","floor":38},{"not_picked":["Coolheaded","Consume+1","Rebound+1"],"picked":"SKIP","floor":40},{"not_picked":["Amplify","Turbo","Redo"],"picked":"SKIP","floor":44},{"not_picked":["BootSequence","Streamline+1","Chaos"],"picked":"SKIP","floor":45},{"not_picked":["Loop","Coolheaded","Sunder+1"],"picked":"SKIP","floor":47},{"not_picked":["Steam+1","Compile Driver+1"],"picked":"Hologram+1","floor":48},{"not_picked":["Melter+1","Lockon+1"],"picked":"Aggregate+1","floor":54}],"player_experience":139450,"relics_obtained":[{"floor":10,"key":"Omamori"},{"floor":17,"key":"Smiling Mask"},{"floor":17,"key":"HornCleat"},{"floor":17,"key":"WingedGreaves"},{"floor":22,"key":"Necronomicon"},{"floor":24,"key":"Blood Vial"},{"floor":26,"key":"Darkstone Periapt"},{"floor":31,"key":"Bird Faced Urn"},{"floor":40,"key":"Emotion Chip"},{"floor":43,"key":"Cables"},{"floor":44,"key":"Kunai"},{"floor":54,"key":"Pocketwatch"}],"event_choices":[{"damage_healed":0,"gold_gain":0,"player_choice":"Grow","damage_taken":0,"max_hp_gain":0,"max_hp_loss":0,"event_name":"Living Wall","floor":7,"gold_loss":0,"cards_upgraded":["All For One"]},{"damage_healed":0,"gold_gain":30,"player_choice":"Searched \u00272\u0027 times","damage_taken":0,"relics_obtained":["Molten Egg 2"],"max_hp_gain":0,"max_hp_loss":0,"event_name":"Dead Adventurer","floor":11,"gold_loss":0},{"damage_healed":0,"gold_gain":0,"player_choice":"Opened","damage_taken":0,"relics_obtained":["War Paint"],"max_hp_gain":0,"max_hp_loss":0,"event_name":"The Mausoleum","floor":20,"gold_loss":0,"cards_obtained":["Writhe"]},{"damage_healed":0,"gold_gain":0,"player_choice":"Obtained Book","damage_taken":16,"max_hp_gain":0,"max_hp_loss":0,"event_name":"Cursed Tome","floor":22,"gold_loss":0},{"damage_healed":0,"gold_gain":0,"player_choice":"Upgrade","damage_taken":0,"relics_obtained":["Mark of the Bloom"],"max_hp_gain":0,"max_hp_loss":0,"event_name":"MindBloom","floor":36,"gold_loss":0,"cards_upgraded":["Strike_B","Strike_B","Strike_B","Strike_B","Defend_B","Defend_B","Defend_B","Defend_B","Beam Cell","Gash","Gash","Auto Shields","Steam","Steam Power","Sadistic Nature","Reboot"]},{"damage_healed":0,"gold_gain":0,"player_choice":"Got Potions","damage_taken":0,"max_hp_gain":0,"max_hp_loss":0,"event_name":"Lab","floor":37,"gold_loss":0},{"damage_healed":0,"gold_gain":0,"player_choice":"Copied","damage_taken":0,"max_hp_gain":0,"max_hp_loss":0,"event_name":"Duplicator","floor":46,"gold_loss":0,"cards_obtained":["Gash"]}],"is_beta":false,"boss_relics":[{"not_picked":["FrozenCore","Fusion Hammer"],"picked":"Calling Bell"},{"not_picked":["SlaversCollar","Empty Cage"],"picked":"Coffee Dripper"}],"items_purged_floors":[],"is_endless":false,"potions_floor_spawned":[2,3,10,16,19,27,31,35,45,47],"killed_by":"The Heart","ascension_level":2}}