{"host":"e14va605tljgvqtz","time":1613356028,"event":{"mods":["BaseMod","Colored Map","Highlight Path","Minty Spire (QoL Compilation)","Relic Stats"],"gold_per_floor":[110,129,141,154,167,167,202,259,259,275,200,222,222,256,256,360,360,380,295,305,305,205,205,230,230,230,230,240,251,251,282,282,379,379,390,440,440,440,450,478,478,494,521,521,536,411,411,411,411,411,411],"floor_reached":50,"language":"ENG","playtime":2877,"items_purged":["Strike_G","Strike_G","Masterful Stab+1"],"score":725,"play_id":"f8147efa-2f61-4f0c-83fa-d74494050404","local_time":"20210214182708","is_ascension_mode":true,"campfire_choices":[{"data":"Dash","floor":6,"key":"SMITH"},{"data":"Predator","floor":15,"key":"SMITH"},{"data":"Noxious Fumes","floor":23,"key":"SMITH"},{"floor":27,"key":"REST"},{"floor":30,"key":"REST"},{"floor":32,"key":"REST"},{"floor":41,"key":"REST"},{"floor":47,"key":"RECALL"},{"data":"Wraith Form v2","floor":49,"key":"SMITH"}],"circlet_count":0,"master_deck":["Defend_G","Defend_G","Defend_G","Defend_G","Survivor","Neutralize","Poisoned Stab","Predator+1","Dash+1","Dagger Throw","Blade Dance","Backflip","Noxious Fumes+1","Predator+1","Corpse Explosion+1","Deadly Poison+1","Catalyst+1","Wraith Form v2+1","Eviscerate+1","Dash+1","PiercingWail+1","Chrysalis+1"],"relics":["Sozu","Pen Nib","Juzu Bracelet","Centennial Puzzle","Odd Mushroom","InkBottle","Snecko Eye","Toxic Egg 2","Bronze Scales","Dream Catcher","Astrolabe","Turnip","Bag of Preparation","Strawberry"],"acts_visited":["Exordium","TheCity","TheBeyond"],"potions_floor_usage":[],"damage_taken":[{"damage":0,"enemies":"Small Slimes","floor":1,"turns":5},{"damage":0,"enemies":"2 Louse","floor":2,"turns":3},{"damage":7,"enemies":"Jaw Worm","floor":3,"turns":2},{"damage":7,"enemies":"2 Fungi Beasts","floor":4,"turns":3},{"damage":0,"enemies":"Blue Slaver","floor":5,"turns":3},{"damage":7,"enemies":"3 Sentries","floor":7,"turns":8},{"damage":12,"enemies":"Lagavulin Event","floor":8,"turns":5},{"damage":0,"enemies":"Gremlin Gang","floor":10,"turns":4},{"damage":4,"enemies":"The Mushroom Lair","floor":12,"turns":3},{"damage":4,"enemies":"Lagavulin","floor":14,"turns":6},{"damage":38,"enemies":"Slime Boss","floor":16,"turns":7},{"damage":0,"enemies":"Spheric Guardian","floor":18,"turns":3},{"damage":2,"enemies":"Shell Parasite","floor":20,"turns":4},{"damage":27,"enemies":"Book of Stabbing","floor":24,"turns":5},{"damage":15,"enemies":"Snake Plant","floor":28,"turns":3},{"damage":7,"enemies":"Cultist and Chosen","floor":29,"turns":3},{"damage":34,"enemies":"Slavers","floor":31,"turns":3},{"damage":25,"enemies":"Collector","floor":33,"turns":6},{"damage":2,"enemies":"3 Darklings","floor":35,"turns":3},{"damage":0,"enemies":"Mind Bloom Boss Battle","floor":36,"turns":5},{"damage":0,"enemies":"3 Shapes","floor":39,"turns":6},{"damage":21,"enemies":"Nemesis","floor":40,"turns":5},{"damage":10,"enemies":"Sphere and 2 Shapes","floor":42,"turns":5},{"damage":8,"enemies":"4 Shapes","floor":45,"turns":3},{"damage":38,"enemies":"Donu and Deca","floor":50,"turns":3}],"seed_played":"-6506360578466319196","potions_obtained":[],"is_trial":false,"path_per_floor":["M","M","M","M","M","R","E","?","T","M","$","?","?","E","R","B",null,"M","?","M","?","$","R","E","?","T","R","M","M","R","E","R","B",null,"M","?","?","T","M","E","R","M","T","?","M","$","R","?","R","B"],"character_chosen":"THE_SILENT","items_purchased":[],"campfire_rested":4,"item_purchase_floors":[],"current_hp_per_floor":[63,63,56,49,49,49,42,30,30,30,30,26,49,45,45,7,54,54,54,52,52,52,52,25,25,25,46,31,24,45,11,32,7,54,52,52,52,52,52,31,52,42,49,49,41,41,41,31,31,0,0],"gold":411,"neow_bonus":"BOSS_RELIC","is_daily":false,"chose_seed":false,"campfire_upgraded":4,"win_rate":0.0,"timestamp":1613356028,"path_taken":["M","M","M","M","M","R","E","?","T","M","$","?","?","E","R","BOSS","M","?","M","?","$","R","E","?","T","R","M","M","R","E","R","BOSS","M","?","?","?","M","E","R","M","T","?","M","$","R","?","R","BOSS"],"items_purchased_type":[],"build_version":"2020-12-22","purchased_purges":3,"victory":false,"max_hp_per_floor":[70,70,70,70,70,70,70,70,70,70,70,70,70,70,70,70,70,70,70,70,70,70,70,70,70,70,70,70,70,70,70,70,70,70,70,70,70,70,70,70,70,70,77,73,73,73,73,73,73,73,73],"relic_stats":{"counters":[25,106],"Astrolabe":["Masterful Stab","Eviscerate","Dash"],"Pen Nib":[21],"Juzu Bracelet":3,"Bag of Preparation":[6],"Sozu":10,"Centennial Puzzle":[42],"Dream Catcher":2,"Bronze Scales":[89],"Snecko Eye":[124,118,153,113],"Turnip":[5],"obtain_stats":[{"Astrolabe":34,"Pen Nib":7,"Juzu Bracelet":8,"Bag of Preparation":40,"Odd Mushroom":12,"Sozu":0,"Centennial Puzzle":9,"Dream Catcher":31,"Bronze Scales":26,"Strawberry":43,"Snecko Eye":17,"Turnip":36,"Toxic Egg 2":19,"InkBottle":14,"Ring of the Snake":0},{"Astrolabe":18,"Pen Nib":6,"Juzu Bracelet":6,"Bag of Preparation":22,"Odd Mushroom":9,"Sozu":0,"Centennial Puzzle":7,"Dream Catcher":17,"Bronze Scales":14,"Strawberry":23,"Snecko Eye":11,"Turnip":20,"Toxic Egg 2":12,"InkBottle":10,"Ring of the Snake":0},{"Astrolabe":76,"Pen Nib":24,"Juzu Bracelet":24,"Bag of Preparation":95,"Odd Mushroom":36,"Sozu":0,"Centennial Puzzle":29,"Dream Catcher":70,"Bronze Scales":61,"Strawberry":100,"Snecko Eye":49,"Turnip":84,"Toxic Egg 2":52,"InkBottle":42,"Ring of the Snake":0}],"InkBottle":[29]},"card_choices":[{"not_picked":["Cloak And Dagger","Deadly Poison"],"picked":"Poisoned Stab","floor":1},{"not_picked":["Dodge and Roll","PiercingWail"],"picked":"Predator","floor":2},{"not_picked":["Cloak And Dagger","Dodge and Roll"],"picked":"Dash","floor":3},{"not_picked":["Slice","Deflect","Escape Plan"],"picked":"SKIP","floor":4},{"not_picked":["Slice","Poisoned Stab"],"picked":"Dagger Throw","floor":5},{"not_picked":["Footwork","Backflip"],"picked":"Blade Dance","floor":7},{"not_picked":["Cloak And Dagger","Choke"],"picked":"Backflip","floor":8},{"not_picked":["Quick Slash","All Out Attack","Poisoned Stab"],"picked":"SKIP","floor":10},{"not_picked":["Reflex","Distraction"],"picked":"Noxious Fumes","floor":14},{"not_picked":["Dagger Throw","Tactician","Cloak And Dagger"],"picked":"SKIP","floor":18},{"not_picked":["Prepared+1","Blade Dance+1","Dagger Spray"],"picked":"SKIP","floor":20},{"not_picked":["Quick Slash","Sucker Punch"],"picked":"Corpse Explosion+1","floor":24},{"not_picked":["Eviscerate","Slice","Tactician+1"],"picked":"SKIP","floor":28},{"not_picked":["Sucker Punch+1","Blade Dance+1","Poisoned Stab+1"],"picked":"SKIP","floor":29},{"not_picked":["Expertise+1","After Image"],"picked":"Catalyst+1","floor":31},{"not_picked":["Venomology+1","Envenom"],"picked":"Wraith Form v2","floor":33},{"not_picked":["Reflex+1","Acrobatics+1"],"picked":"PiercingWail+1","floor":35},{"not_picked":["Setup+1","Underhanded Strike+1","Eviscerate+1"],"picked":"SKIP","floor":39},{"not_picked":["Infinite Blades","Phantasmal Killer+1","Blade Dance+1"],"picked":"SKIP","floor":40},{"not_picked":["Dagger Spray+1","Flying Knee","Setup+1"],"picked":"SKIP","floor":42},{"not_picked":["Quick Slash+1","Blur+1","Backstab"],"picked":"SKIP","floor":45},{"not_picked":["HandOfGreed","Purity+1"],"picked":"Chrysalis+1","floor":48}],"player_experience":321201,"relics_obtained":[{"floor":7,"key":"Pen Nib"},{"floor":9,"key":"Centennial Puzzle"},{"floor":12,"key":"Odd Mushroom"},{"floor":14,"key":"InkBottle"},{"floor":26,"key":"Bronze Scales"},{"floor":31,"key":"Dream Catcher"},{"floor":36,"key":"Turnip"},{"floor":40,"key":"Bag of Preparation"},{"floor":43,"key":"Strawberry"}],"event_choices":[{"damage_healed":0,"gold_gain":0,"player_choice":"Searched \u00273\u0027 times","damage_taken":0,"relics_obtained":["Juzu Bracelet"],"max_hp_gain":0,"max_hp_loss":0,"event_name":"Dead Adventurer","floor":8,"gold_loss":0},{"damage_healed":0,"gold_gain":0,"player_choice":"Fought Mushrooms","damage_taken":0,"max_hp_gain":0,"max_hp_loss":0,"event_name":"Mushrooms","floor":12,"gold_loss":0},{"damage_healed":23,"gold_gain":0,"player_choice":"Banana","damage_taken":0,"max_hp_gain":0,"max_hp_loss":0,"event_name":"Big Fish","floor":13,"gold_loss":0},{"damage_healed":0,"gold_gain":0,"player_choice":"Obtained Relic","damage_taken":0,"relics_obtained":["Toxic Egg 2"],"max_hp_gain":0,"max_hp_loss":0,"event_name":"Addict","floor":19,"gold_loss":85},{"damage_healed":0,"gold_gain":0,"player_choice":"Copied","damage_taken":0,"max_hp_gain":0,"max_hp_loss":0,"event_name":"Duplicator","floor":21,"gold_loss":0,"cards_obtained":["Predator"]},{"damage_healed":0,"gold_gain":0,"player_choice":"Read","damage_taken":0,"max_hp_gain":0,"max_hp_loss":0,"event_name":"The Library","floor":25,"gold_loss":0,"cards_obtained":["Deadly Poison"]},{"damage_healed":0,"gold_gain":0,"player_choice":"Fight","damage_taken":0,"max_hp_gain":0,"max_hp_loss":0,"event_name":"MindBloom","floor":36,"gold_loss":0},{"cards_removed":["Strike_G"],"damage_healed":0,"gold_gain":0,"player_choice":"Removed Attack","damage_taken":0,"max_hp_gain":0,"max_hp_loss":0,"event_name":"Falling","floor":37,"gold_loss":0},{"damage_healed":0,"gold_gain":0,"player_choice":"Max HP","damage_taken":0,"max_hp_gain":0,"max_hp_loss":4,"event_name":"Winding Halls","floor":44,"gold_loss":0},{"damage_healed":0,"gold_gain":0,"player_choice":"Memory 3","damage_taken":10,"max_hp_gain":0,"max_hp_loss":0,"event_name":"SensoryStone","floor":48,"gold_loss":0}],"is_beta":false,"boss_relics":[{"not_picked":["Black Star","Tiny House"],"picked":"Snecko Eye"},{"not_picked":["Pandora\u0027s Box","HoveringKite"],"picked":"Astrolabe"}],"items_purged_floors":[11,22,46],"is_endless":false,"potions_floor_spawned":[4,5,7,10,14,24,33,36,42,45],"killed_by":"Donu and Deca","ascension_level":8}}