{"host":"pgm1p3lvdjflie30","time":1613358536,"event":{"mods":["AchievementEnabler","Alarm Clock","Aspiration","BaseMod","Better-Laid Plans","Bossed Relics","Challenge The Spire","Colored Map","Colored Powertips","Conspire","Dark Map","Energized Spire","GungeonMod","Hermit","HornydragonMod","Jedi Mod","Minty Spire (QoL Compilation)","Quarter Circle Forward PUNCH!","Quick Restart","Reimu（博???）","Relic Stats","Reliquary","Replay The Spire","Robot Space Explorer","Spicy Shops","StSLib","The Blackbeard","The Bug Knight","The Cursed","The Hayseed","The IronCluck","The Jungle","The Marked","The Runesmith","Waifu the Spire","Yakumo Yukari mod","【功能Mod】混沌之?修复?丁","篝火指南"],"gold_per_floor":[118,118,137,147,162,162,175,185,210,38,52,52,13,28,28,132,132,146,146,156,156,176,176,187,204,258,277,291,291,291,291,291,388,388,402,402,1401,1412,1412,1412],"floor_reached":39,"language":"ZHS","playtime":2028,"items_purged":[],"score":604,"play_id":"c50b285c-fbe1-4c73-877b-90775b62bb86","local_time":"20210215110856","is_ascension_mode":false,"campfire_choices":[{"data":"ForeignInfluence","floor":6.0,"key":"SMITH"},{"data":"Eruption","floor":15.0,"key":"SMITH"},{"floor":23.0,"key":"REST"},{"data":"Blasphemy","floor":29.0,"key":"SMITH"},{"floor":32.0,"key":"REST"}],"circlet_count":0,"master_deck":["Strike_P","Strike_P","Strike_P","Strike_P","Defend_P","Defend_P","Defend_P","Defend_P","Eruption+1","Vigilance","Ragnarok+1","SashWhip","Establishment","EmptyFist","ForeignInfluence+1","Consecrate","FlyingSleeves","conspire:Banana","Meditate","FollowUp","JustLucky","Indignation","Crescendo","Replay:AllIn","CarveReality","Replay:BluntJabs","Replay:Battleflow+1","Blasphemy+1","ClearTheMind","EmptyFist+1","Replay:DivineShield","Blasphemy","CarveReality+1","Writhe","Normality","Normality","Tantrum+1"],"relics":["PureWater"],"acts_visited":["Exordium","TheCity","TheBeyond"],"potions_floor_usage":[39],"damage_taken":[{"damage":0.0,"enemies":"2 Louse","floor":1.0,"turns":2.0},{"damage":0.0,"enemies":"Cultist","floor":3.0,"turns":2.0},{"damage":0.0,"enemies":"Small Slimes","floor":4.0,"turns":2.0},{"damage":0.0,"enemies":"2 Fungi Beasts","floor":5.0,"turns":2.0},{"damage":12.0,"enemies":"conspire:2 RoseBushes","floor":7.0,"turns":3.0},{"damage":4.0,"enemies":"Blue Slaver","floor":8.0,"turns":2.0},{"damage":0.0,"enemies":"Exordium Thugs","floor":11.0,"turns":2.0},{"damage":0.0,"enemies":"Exordium Wildlife","floor":14.0,"turns":1.0},{"damage":15.0,"enemies":"The Guardian","floor":16.0,"turns":5.0},{"damage":0.0,"enemies":"Spheric Guardian","floor":18.0,"turns":2.0},{"damage":0.0,"enemies":"conspire:FuzzyDice","floor":20.0,"turns":2.0},{"damage":25.0,"enemies":"Snake Plant","floor":22.0,"turns":3.0},{"damage":15.0,"enemies":"Snecko","floor":24.0,"turns":3.0},{"damage":12.0,"enemies":"Centurion and Healer","floor":25.0,"turns":4.0},{"damage":0.0,"enemies":"Sentry and Sphere","floor":27.0,"turns":2.0},{"damage":13.0,"enemies":"Snecko","floor":28.0,"turns":3.0},{"damage":34.0,"enemies":"Automaton","floor":33.0,"turns":6.0},{"damage":19.0,"enemies":"Orb Walker","floor":35.0,"turns":4.0},{"damage":47.0,"enemies":"3 Shapes","floor":38.0,"turns":5.0},{"damage":36,"enemies":"3 Darklings","floor":39,"turns":2}],"seed_played":"-898708590924582226","potions_obtained":[{"floor":1.0,"key":"SteroidPotion"},{"floor":5.0,"key":"StancePotion"},{"floor":7.0,"key":"GrandPatriotsElixir:ReiMu"},{"floor":16.0,"key":"jedi:StrikingPotion"},{"floor":22.0,"key":"SpeedPotion"},{"floor":24.0,"key":"Explosive Potion"},{"floor":25.0,"key":"jedi:StrikingPotion"},{"floor":28.0,"key":"SpeedPotion"},{"floor":38.0,"key":"jedi:StrikingPotion"}],"is_trial":false,"path_per_floor":["M","?","M","M","M","R","M","M","T","$","M","?","$","M","R","B",null,"M","?","M","?","M","R","M","M","T","M","M","R","?","?","R","B",null,"M","?","?","M","M"],"character_chosen":"WATCHER","items_purchased":["conspire:Banana","Meditate","FollowUp","Indignation"],"campfire_rested":2,"item_purchase_floors":[10,10,10,13],"current_hp_per_floor":[72,72,72,72,72,72,60,56,56,56,56,56,56,57,57,43,74,74,74,74,71,46,69,55,43,43,43,30,30,30,30,54,21,81,62,81,81,34,0,0],"gold":1412,"neow_bonus":"ONE_RANDOM_RARE_CARD","is_daily":false,"chose_seed":false,"campfire_upgraded":3,"win_rate":0.0,"timestamp":1613358536,"path_taken":["M","?","?","M","M","R","M","M","T","$","?","?","$","M","R","BOSS","M","?","M","?","?","R","M","M","T","M","M","R","?","?","R","BOSS","M","?","?","?","M"],"items_purchased_type":["Card","Card","Card","Card"],"build_version":"2020-12-22","purchased_purges":0,"victory":false,"max_hp_per_floor":[72,72,72,72,72,72,72,72,72,72,72,72,72,73,73,74,74,74,74,74,79,79,79,80,80,80,80,80,80,80,80,80,81,81,81,81,81,81,82,82],"relic_stats":{"counters":[20,57],"obtain_stats":[{"DemoMod:GlassGuonStoneRelic":1,"PureWater":0},{"DemoMod:GlassGuonStoneRelic":1,"PureWater":0},{"DemoMod:GlassGuonStoneRelic":2,"PureWater":0}]},"card_choices":[{"not_picked":["Wallop","SignatureMove"],"picked":"SashWhip","floor":1.0},{"not_picked":["Fasting2","ClearTheMind"],"picked":"Establishment","floor":3.0},{"not_picked":["InnerPeace","ClearTheMind"],"picked":"EmptyFist","floor":4.0},{"not_picked":["Replay:BluntJabs","Swivel"],"picked":"ForeignInfluence","floor":5.0},{"not_picked":["Perseverance","InnerPeace"],"picked":"Consecrate","floor":7.0},{"not_picked":["Replay:Hum","Evaluate"],"picked":"FlyingSleeves","floor":8.0},{"not_picked":["Study","Nirvana"],"picked":"JustLucky","floor":11.0},{"not_picked":["WaveOfTheHand","Study"],"picked":"Crescendo","floor":14.0},{"not_picked":["MasterReality","Establishment"],"picked":"Replay:AllIn","floor":16.0},{"not_picked":["Evaluate+1","EmptyFist"],"picked":"CarveReality","floor":18.0},{"not_picked":["Replay:ManipulateFuture","FollowUp"],"picked":"Replay:BluntJabs","floor":20.0},{"not_picked":["ClearTheMind+1","Replay:BluntJabs+1"],"picked":"Replay:Battleflow+1","floor":22.0},{"not_picked":["FollowUp","Adaptation"],"picked":"Blasphemy","floor":24.0},{"not_picked":["EmptyFist","EmptyMind+1"],"picked":"ClearTheMind","floor":25.0},{"not_picked":["Halt","Replay:ManipulateFuture"],"picked":"EmptyFist+1","floor":27.0},{"not_picked":["MasterReality","Halt+1"],"picked":"Replay:DivineShield","floor":28.0},{"not_picked":["Ragnarok","MasterReality"],"picked":"Blasphemy","floor":33.0},{"not_picked":["Replay:BluntJabs+1","Replay:ManipulateFuture"],"picked":"CarveReality+1","floor":35.0},{"not_picked":["FollowUp+1","Wireheading"],"picked":"Tantrum+1","floor":38.0}],"player_experience":532537,"relics_obtained":[],"event_choices":[{"damage_healed":0.0,"max_hp_gain":0.0,"max_hp_loss":0.0,"gold_gain":0.0,"event_name":"Accursed Blacksmith","player_choice":"Forge","floor":2.0,"gold_loss":0.0,"damage_taken":0.0,"cards_upgraded":["Ragnarok"]},{"damage_healed":0.0,"max_hp_gain":0.0,"max_hp_loss":0.0,"gold_gain":0.0,"event_name":"Vampires","player_choice":"Ignored","floor":31.0,"gold_loss":0.0,"damage_taken":0.0},{"damage_healed":20.0,"max_hp_gain":0.0,"max_hp_loss":0.0,"gold_gain":0.0,"event_name":"Winding Halls","player_choice":"Writhe","floor":36.0,"gold_loss":0.0,"damage_taken":0.0,"cards_obtained":["Writhe"]},{"damage_healed":0.0,"max_hp_gain":0.0,"max_hp_loss":0.0,"gold_gain":999.0,"event_name":"MindBloom","player_choice":"Gold","floor":37.0,"gold_loss":0.0,"damage_taken":0.0,"cards_obtained":["Normality","Normality"]}],"is_beta":false,"boss_relics":[{"not_picked":["Replay:Ancient Bell","reliquary:Craggleroot","reliquary:Ember"]},{"not_picked":["aspiration:PoetsPen_weak","qcfpunch:Crimson_Sash","Replay:Wanted Poster"]}],"items_purged_floors":[],"is_endless":false,"potions_floor_spawned":[1,5,7,8,11,16,22,24,25,28,38],"killed_by":"3 Darklings","ascension_level":0}}