{"host":"c83fcgyuu74iknko","time":1613383285,"event":{"mods":["BaseMod","BetterRewards","Colored Map","Colored Powertips","Minty Spire (QoL Compilation)","Quick Restart","StSLib","The Animator","The Senshi"],"gold_per_floor":[119,119,119,119,44,44,44,44,44,58,58,102,126,226,226,347,347,367,367,53,66,89,89,89,4,4,4,4,35,56,70,70,201,201,217,65,83,98,121,121,121,137,137,137,156,156,156,489,489,489,489],"floor_reached":50,"language":"ENG","playtime":1850,"items_purged":["Strike_P","Strike_B"],"score":583,"play_id":"d2b7cddc-1fd3-4231-b882-0891b336906a","local_time":"20210215020125","is_ascension_mode":false,"campfire_choices":[{"data":"SignatureMove","floor":6,"key":"SMITH"},{"data":"Eruption","floor":8,"key":"SMITH"},{"data":"ForeignInfluence","floor":15,"key":"SMITH"},{"data":"Ragnarok","floor":24,"key":"SMITH"},{"data":"WreathOfFlame","floor":28,"key":"SMITH"},{"data":"ClearTheMind","floor":32,"key":"SMITH"},{"data":"FlurryOfBlows","floor":40,"key":"SMITH"},{"data":"CrushJoints","floor":44,"key":"SMITH"},{"data":"Secret Technique","floor":47,"key":"SMITH"},{"data":"SashWhip","floor":49,"key":"SMITH"}],"circlet_count":0,"master_deck":["Defend_P","Defend_P","Eruption+1","Vigilance","FlurryOfBlows","SignatureMove+1","ThirdEye","ForeignInfluence+1","SashWhip+1","Ragnarok+1","CrushJoints+1","FlurryOfBlows+1","EmptyBody","WreathOfFlame+1","FlurryOfBlows","ClearTheMind+1","Worship","Crescendo+1","InnerPeace","FollowUp","Judgement","Vengeance","BowlingBash+1","Sanctity","ClearTheMind+1","WreathOfFlame+1","FlurryOfBlows+1","Secret Technique+1"],"relics":["PureWater","NeowsBlessing","GoldenEye","TungstenRod","Coffee Dripper","Bronze Scales","Thread and Needle","Bottled Lightning","Pantograph","Philosopher\u0027s Stone","Bag of Preparation","theSenshi:SuperSailorFukuRelic","White Beast Statue"],"acts_visited":["Exordium","TheCity","TheBeyond"],"potions_floor_usage":[16,33,39,42,50],"damage_taken":[{"damage":0,"enemies":"Cultist","floor":1,"turns":1},{"damage":0,"enemies":"Jaw Worm","floor":10,"turns":1},{"damage":0,"enemies":"Lagavulin","floor":12,"turns":1},{"damage":0,"enemies":"2 Louse","floor":13,"turns":2},{"damage":29,"enemies":"Hexaghost","floor":16,"turns":8},{"damage":0,"enemies":"3 Byrds","floor":18,"turns":3},{"damage":0,"enemies":"Chosen","floor":21,"turns":3},{"damage":0,"enemies":"Snake Plant","floor":22,"turns":3},{"damage":10,"enemies":"Slavers","floor":29,"turns":3},{"damage":10,"enemies":"Shelled Parasite and Fungi","floor":30,"turns":2},{"damage":0,"enemies":"Chosen and Byrds","floor":31,"turns":2},{"damage":43,"enemies":"Collector","floor":33,"turns":4},{"damage":3,"enemies":"3 Shapes","floor":35,"turns":2},{"damage":6,"enemies":"3 Darklings","floor":37,"turns":2},{"damage":8,"enemies":"Jaw Worm Horde","floor":38,"turns":3},{"damage":11,"enemies":"Spire Growth","floor":39,"turns":3},{"damage":0,"enemies":"Sphere and 2 Shapes","floor":42,"turns":2},{"damage":0,"enemies":"Maw","floor":45,"turns":4},{"damage":89,"enemies":"Time Eater","floor":50,"turns":3}],"seed_played":"-2359958556958581615","potions_obtained":[{"floor":1,"key":"DuplicationPotion"},{"floor":10,"key":"PowerPotion"},{"floor":18,"key":"SmokeBomb"},{"floor":30,"key":"Explosive Potion"},{"floor":33,"key":"StancePotion"},{"floor":39,"key":"Fire Potion"},{"floor":45,"key":"PowerPotion"}],"is_trial":false,"path_per_floor":["M","?","?","?","$","R","?","R","T","M","$","E","M","?","R","B",null,"M","?","$","M","M","?","R","?","T","$","R","E","M","M","R","B",null,"M","$","M","M","M","R","?","M","T","R","M","?","R","?","R","B"],"character_chosen":"WATCHER","items_purchased":["FlurryOfBlows","EmptyBody","Bronze Scales","Bag of Preparation"],"campfire_rested":0,"item_purchase_floors":[20,20,20,36],"current_hp_per_floor":[72,77,77,58,58,58,58,58,58,58,58,58,58,58,58,29,77,77,77,77,77,77,77,77,77,77,77,77,67,57,57,57,34,77,74,74,68,60,49,49,49,49,49,49,49,49,49,49,49,0,0],"gold":489,"neow_bonus":"THREE_ENEMY_KILL","is_daily":false,"chose_seed":false,"campfire_upgraded":10,"win_rate":0.0,"timestamp":1613383285,"path_taken":["M","?","?","?","$","R","?","R","T","M","$","E","?","?","R","BOSS","M","?","$","?","M","?","R","?","T","?","R","E","M","M","R","BOSS","M","$","M","M","M","R","?","?","T","R","M","?","R","?","R","BOSS"],"items_purchased_type":["Card","Card","Relic","Relic"],"build_version":"2020-12-22","purchased_purges":2,"victory":false,"max_hp_per_floor":[72,77,77,77,77,77,77,77,77,77,77,77,77,77,77,77,77,77,77,77,77,77,77,77,77,77,77,77,77,77,77,77,77,77,77,77,77,77,77,77,77,77,77,77,77,77,77,77,77,77,77],"card_choices":[{"not_picked":["Indignation","EmptyBody"],"picked":"FlurryOfBlows","floor":1},{"not_picked":["Prostrate","CutThroughFate"],"picked":"ThirdEye","floor":10},{"not_picked":["MentalFortress","Collect"],"picked":"ForeignInfluence","floor":12},{"not_picked":["Wireheading","Crescendo"],"picked":"SashWhip","floor":13},{"not_picked":["Scrawl","Establishment"],"picked":"Ragnarok","floor":16},{"not_picked":["EmptyFist","Evaluate+1"],"picked":"CrushJoints","floor":18},{"not_picked":["PathToVictory","CutThroughFate"],"picked":"WreathOfFlame","floor":21},{"not_picked":["WreathOfFlame","BowlingBash"],"picked":"FlurryOfBlows","floor":22},{"not_picked":["TalkToTheHand+1","Meditate"],"picked":"Crescendo+1","floor":29},{"not_picked":["Weave","ConjureBlade"],"picked":"InnerPeace","floor":30},{"not_picked":["JustLucky","Crescendo"],"picked":"FollowUp","floor":31},{"not_picked":["DeusExMachina","Ragnarok"],"picked":"Judgement","floor":33},{"not_picked":["EmptyFist+1","Worship"],"picked":"Vengeance","floor":35},{"not_picked":["CrushJoints+1","Consecrate+1"],"picked":"BowlingBash+1","floor":37},{"not_picked":["Pray+1","PathToVictory+1"],"picked":"Sanctity","floor":38},{"not_picked":["Protect+1","PathToVictory+1"],"picked":"ClearTheMind+1","floor":39},{"not_picked":["Fasting2+1","ForeignInfluence"],"picked":"WreathOfFlame+1","floor":42},{"not_picked":["FollowUp","Swivel"],"picked":"FlurryOfBlows+1","floor":45},{"not_picked":["Apotheosis","Bandage Up"],"picked":"Secret Technique","floor":46}],"player_experience":231256,"relics_obtained":[{"floor":9,"key":"GoldenEye"},{"floor":12,"key":"TungstenRod"},{"floor":26,"key":"Bottled Lightning"},{"floor":29,"key":"Pantograph"},{"floor":43,"key":"White Beast Statue"}],"event_choices":[{"damage_healed":0,"gold_gain":0,"player_choice":"Donut","damage_taken":0,"max_hp_gain":5,"max_hp_loss":0,"event_name":"Big Fish","floor":2,"gold_loss":0},{"damage_healed":0,"gold_gain":0,"cards_transformed":["Strike_P"],"player_choice":"Change","damage_taken":0,"max_hp_gain":0,"max_hp_loss":0,"event_name":"Living Wall","floor":3,"gold_loss":0,"cards_obtained":["SignatureMove"]},{"damage_healed":0,"gold_gain":0,"player_choice":"Take Damage","damage_taken":19,"relics_obtained":["Golden Idol"],"max_hp_gain":0,"max_hp_loss":0,"event_name":"Golden Idol","floor":4,"gold_loss":0},{"cards_removed":["Strike_P"],"damage_healed":0,"gold_gain":0,"player_choice":"Took Card","damage_taken":0,"max_hp_gain":0,"max_hp_loss":0,"event_name":"NoteForYourself","floor":7,"gold_loss":0,"cards_obtained":["Strike_B"]},{"damage_healed":0,"gold_gain":100,"player_choice":"Pray","damage_taken":0,"max_hp_gain":0,"max_hp_loss":0,"event_name":"Golden Shrine","floor":14,"gold_loss":0},{"cards_removed":["Strike_P"],"damage_healed":0,"gold_gain":0,"player_choice":"Purged","damage_taken":0,"max_hp_gain":0,"max_hp_loss":0,"event_name":"Purifier","floor":19,"gold_loss":0},{"damage_healed":0,"gold_gain":0,"cards_transformed":["Defend_P","Defend_P"],"player_choice":"Became Test Subject","damage_taken":0,"max_hp_gain":0,"max_hp_loss":0,"event_name":"Drug Dealer","floor":23,"gold_loss":0,"cards_obtained":["ClearTheMind","Worship"]},{"damage_healed":0,"gold_gain":0,"player_choice":"Obtained Relic","damage_taken":0,"relics_obtained":["Thread and Needle"],"max_hp_gain":0,"max_hp_loss":0,"event_name":"Addict","floor":25,"gold_loss":85},{"damage_healed":0,"gold_gain":0,"player_choice":"Gave Potion","damage_taken":0,"relics_obtained":["theSenshi:SuperSailorFukuRelic"],"max_hp_gain":0,"max_hp_loss":0,"event_name":"WeMeetAgain","floor":41,"gold_loss":0},{"damage_healed":0,"gold_gain":0,"player_choice":"Memory 1","damage_taken":0,"max_hp_gain":0,"max_hp_loss":0,"event_name":"SensoryStone","floor":46,"gold_loss":0},{"damage_healed":0,"gold_gain":333,"player_choice":"Gave Idol","damage_taken":0,"max_hp_gain":0,"max_hp_loss":0,"event_name":"The Moai Head","floor":48,"relics_lost":["Golden Idol"],"gold_loss":0}],"is_beta":false,"boss_relics":[{"not_picked":["Tiny House","Cursed Key"],"picked":"Coffee Dripper"},{"not_picked":["Astrolabe","Velvet Choker"],"picked":"Philosopher\u0027s Stone"}],"items_purged_floors":[5,20],"is_endless":false,"potions_floor_spawned":[1,10,18,30,33,38,39,45],"killed_by":"Time Eater","ascension_level":0}}