{"host":"gaqyve1328ta0etl","time":1613388439,"event":{"mods":["BaseMod","Colored Map","Colored Powertips","Duelist Mod","Googly Eyes","Hero for Fun","Minty Spire (QoL Compilation)","Shop Mod","StSLib","SuperFastMode","The Hierophant","The Runesmith"],"gold_per_floor":[137,137,156,172,74,74,74,22,22,22,22,53,72,91,91,219,219,238,263,279,279,279,279,297,330,330,330,330,330,357,112,112,210,210,220,63,80,98,98,98,98,98,98],"floor_reached":42,"language":"ENG","playtime":1202,"items_purged":["theDuelist:Sparks","theDuelist:CastleWalls"],"score":563,"play_id":"98866ba0-cc8e-4df8-94e6-e01625f6c1bb","local_time":"20210215032719","is_ascension_mode":true,"campfire_choices":[{"data":"Blind","floor":6,"key":"SMITH"},{"data":"theDuelist:BoosterDragon","floor":10,"key":"SMITH"},{"floor":15,"key":"REST"},{"floor":23,"key":"REST"},{"data":"theDuelist:Lancephorhynchus","floor":27,"key":"SMITH"},{"data":"theDuelist:FireDarts+1","floor":29,"key":"SMITH"},{"data":"theDuelist:WingedDragonRa","floor":32,"key":"SMITH"},{"data":"theDuelist:StardustDragon","floor":40,"key":"SMITH"}],"circlet_count":0,"master_deck":["theDuelist:BabyDragon","theDuelist:BloodSparks+1","theDuelist:CaveDragon","theDuelist:CaveDragon","theDuelist:LesserDragon","theDuelist:LesserDragon+1","theDuelist:YamataDragon","Blind+1","theDuelist:BoosterDragon+1","theDuelist:MirageDragon","theDuelist:CoralDragon","theDuelist:CyberDragonNachster","theDuelist:CastleDragonSouls+1","theDuelist:Lancephorhynchus+1","theDuelist:FireDarts+2","Necronomicurse","theDuelist:WingedDragonRa+1","theDuelist:StardustDragon+1"],"relics":["theDuelist:MillenniumPuzzle","theDuelist:CardPoolRelic","theDuelist:CardPoolBasicRelic","theDuelist:BoosterPackPoolRelic","theDuelist:CardPoolAddRelic","theDuelist:CardPoolMinusRelic","theDuelist:CardPoolSaveRelic","theDuelist:CardPoolOptionsRelic","Bloody Idol","Paper Crane","Akabeko","theDuelist:GamblerChip","MutagenicStrength","theDuelist:MetronomeRelicB","theDuelist:BoosterPackHealer","Necronomicon","Inserter","ClockworkSouvenir"],"acts_visited":["Exordium","TheCity","TheBeyond"],"potions_floor_usage":[12,38],"damage_taken":[{"damage":0,"enemies":"Jaw Worm","floor":1,"turns":1},{"damage":0,"enemies":"Small Slimes","floor":3,"turns":2},{"damage":0,"enemies":"2 Louse","floor":4,"turns":2},{"damage":0,"enemies":"Gremlin Nob","floor":12,"turns":2},{"damage":6,"enemies":"Exordium Wildlife","floor":13,"turns":3},{"damage":6,"enemies":"Gremlin Gang","floor":14,"turns":4},{"damage":0,"enemies":"Slime Boss","floor":16,"turns":6},{"damage":13,"enemies":"3 Byrds","floor":18,"turns":5},{"damage":12,"enemies":"Spheric Guardian","floor":19,"turns":4},{"damage":6,"enemies":"Snecko","floor":20,"turns":5},{"damage":0,"enemies":"Cultist and Chosen","floor":24,"turns":3},{"damage":5,"enemies":"theDuelist:KaibaA2","floor":25,"turns":6},{"damage":31,"enemies":"Automaton","floor":33,"turns":8},{"damage":16,"enemies":"3 Shapes","floor":35,"turns":2},{"damage":27,"enemies":"Orb Walker","floor":37,"turns":4},{"damage":23,"enemies":"3 Darklings","floor":38,"turns":4},{"damage":58,"enemies":"Nemesis","floor":42,"turns":3}],"seed_played":"-2891007946253596041","potions_obtained":[{"floor":1,"key":"theDuelist:WhiteBottle"},{"floor":4,"key":"Strength Potion"},{"floor":14,"key":"theDuelist:DebuffFuryPotion"},{"floor":20,"key":"theDuelist:SealedPackC"}],"is_trial":false,"path_per_floor":["M","?","M","M","$","R","?","$","T","R","?","E","M","M","R","B",null,"M","M","M","?","?","R","M","E","T","R","?","R","?","$","R","B",null,"M","$","M","M","$","R","$","E"],"character_chosen":"THE_DUELIST","items_purchased":["theDuelist:ViceDragon","theDuelist:CyberDragonNachster","theDuelist:WingedDragonRa","ClockworkSouvenir"],"campfire_rested":2,"item_purchase_floors":[5,8,31,36],"current_hp_per_floor":[80,60,60,64,64,64,64,64,64,64,47,51,45,43,70,70,92,83,71,65,65,65,93,100,100,100,100,84,84,89,89,89,63,100,93,93,75,57,57,57,57,0,0],"gold":98,"neow_bonus":"RANDOM_COLORLESS","is_daily":false,"chose_seed":false,"campfire_upgraded":6,"win_rate":0.0,"timestamp":1613388439,"path_taken":["M","?","M","M","$","R","?","$","T","R","?","E","?","M","R","BOSS","M","M","?","?","?","R","M","E","T","R","?","R","?","$","R","BOSS","M","$","M","M","$","R","?","E"],"items_purchased_type":["Card","Card","Card","Relic"],"build_version":"2020-12-22","purchased_purges":2,"victory":false,"max_hp_per_floor":[80,80,80,84,84,84,84,84,84,84,84,88,88,92,92,92,92,96,96,96,96,96,96,100,100,100,100,100,100,100,100,100,100,100,100,100,100,100,100,100,100,100,100],"card_choices":[{"not_picked":["theDuelist:GreenGraveOni","theDuelist:LabyrinthWall"],"picked":"Blind","floor":0},{"not_picked":["theDuelist:TotemDragon","theDuelist:JurassicImpact","theDuelist:AutorokketDragon"],"picked":"theDuelist:BoosterDragon","floor":1},{"not_picked":["theDuelist:TwinBarrelDragon","theDuelist:MegafleetDragon","theDuelist:CaveDragon","theDuelist:MaskedDragon"],"picked":"theDuelist:MirageDragon","floor":3},{"not_picked":["theDuelist:CyberDinosaur","theDuelist:Anthrosaurus","theDuelist:DefenseZone","theDuelist:SnowDragon"],"picked":"theDuelist:CoralDragon","floor":4},{"not_picked":["theDuelist:BlackStego","theDuelist:DefenseZone","theDuelist:Beatraptor","theDuelist:Earthquake","theDuelist:BabyDragon"],"picked":"SKIP","floor":12},{"not_picked":["theDuelist:Vandalgyon+1","theDuelist:TyrantWing+1","theDuelist:WhiteHornDragon+1","theDuelist:DragonTreasure+1"],"picked":"theDuelist:CastleDragonSouls+1","floor":13},{"not_picked":["theDuelist:YamataDragon","theDuelist:Pyrorex","theDuelist:Kabazauls","theDuelist:BlackStego","theDuelist:RedEyesZombie"],"picked":"SKIP","floor":14},{"not_picked":["theDuelist:VoidOgreDragon","theDuelist:QueenDragunDjinn","theDuelist:DefensiveTactics","theDuelist:CyberDragonInfinity"],"picked":"theDuelist:Lancephorhynchus","floor":16},{"not_picked":["theDuelist:SpiralSpearStrike+1","theDuelist:SafeZone+1","theDuelist:DefenseZone+1","theDuelist:DefenseDraw"],"picked":"theDuelist:FireDarts+1","floor":18},{"not_picked":["theDuelist:LesserDragon","theDuelist:Kabazauls","theDuelist:MoltenDestruction","theDuelist:CyberDragonNachster","theDuelist:AncientRules"],"picked":"SKIP","floor":19},{"not_picked":["theDuelist:BigFire","theDuelist:BigEye+1","theDuelist:GreenGraveOni","theDuelist:Hinotama+1","theDuelist:BlockGolem"],"picked":"SKIP","floor":20},{"not_picked":["theDuelist:ViceDragon","theDuelist:Pyrorex","theDuelist:MirageDragon","theDuelist:BlackStego","theDuelist:RedEyesZombie"],"picked":"SKIP","floor":24},{"not_picked":["theDuelist:TrihornedDragon+1","theDuelist:GiantRex","theDuelist:BlackTyranno","theDuelist:MadSwordBeast+1","theDuelist:BarrelDragon"],"picked":"SKIP","floor":25},{"not_picked":["theDuelist:VoidOgreDragon","theDuelist:GaiaDragonChamp","theDuelist:BusterBladerDDS","theDuelist:ArmedProtectorDragon"],"picked":"theDuelist:StardustDragon","floor":33},{"not_picked":["theDuelist:TwinHeadedFire+1","theDuelist:CyberDinosaur","theDuelist:Hydrogeddon","theDuelist:BlackBrachios","theDuelist:AncientGearGadjiltron+1"],"picked":"SKIP","floor":35},{"not_picked":["theDuelist:AtomicScrapDragon+1","theDuelist:BusterDrake+1","theDuelist:CyberEndDragon+1","theDuelist:WhiteNightDragon+1"],"picked":"theDuelist:BeserkDragon","floor":37},{"not_picked":["theDuelist:YamataDragon+1","theDuelist:Freezadon+1","theDuelist:TwinHeadedFire","theDuelist:MadSwordBeast","theDuelist:CyberEltanin+1"],"picked":"SKIP","floor":38}],"player_experience":2199132,"relics_obtained":[{"floor":9,"key":"Paper Crane"},{"floor":12,"key":"Akabeko"},{"floor":25,"key":"theDuelist:MetronomeRelicB"},{"floor":26,"key":"theDuelist:BoosterPackHealer"},{"floor":28,"key":"Necronomicon"}],"event_choices":[{"damage_healed":0,"gold_gain":0,"player_choice":"Take Damage","damage_taken":20,"relics_obtained":["Golden Idol"],"max_hp_gain":0,"max_hp_loss":0,"event_name":"Golden Idol","floor":2,"gold_loss":0},{"cards_removed":["theDuelist:CastleWalls"],"damage_healed":0,"gold_gain":0,"player_choice":"Forget","damage_taken":0,"max_hp_gain":0,"max_hp_loss":0,"event_name":"Living Wall","floor":7,"gold_loss":0},{"damage_healed":0,"gold_gain":0,"player_choice":"Entered Light","damage_taken":17,"max_hp_gain":0,"max_hp_loss":0,"event_name":"Shining Light","floor":11,"gold_loss":0,"cards_upgraded":["theDuelist:BloodSparks","theDuelist:LesserDragon"]},{"damage_healed":0,"gold_gain":0,"player_choice":"Gave Idol","damage_taken":0,"relics_obtained":["Bloody Idol"],"max_hp_gain":0,"max_hp_loss":0,"event_name":"Forgotten Altar","floor":21,"relics_lost":["Golden Idol"],"gold_loss":0},{"damage_healed":0,"gold_gain":0,"player_choice":"Inject Mutagens","damage_taken":0,"relics_obtained":["MutagenicStrength"],"max_hp_gain":0,"max_hp_loss":0,"event_name":"Drug Dealer","floor":22,"gold_loss":0},{"damage_healed":0,"gold_gain":0,"player_choice":"Obtained Book","damage_taken":16,"max_hp_gain":0,"max_hp_loss":0,"event_name":"Cursed Tome","floor":28,"gold_loss":0},{"damage_healed":0,"gold_gain":0,"player_choice":"Sold Vice Dragon for 27 Gold.","duelist":true,"damage_taken":0,"max_hp_gain":0,"max_hp_loss":0,"event_name":"Card Trader","floor":30,"gold_loss":0}],"is_beta":false,"boss_relics":[{"not_picked":["SlaversCollar","Calling Bell"],"picked":"theDuelist:GamblerChip"},{"not_picked":["Velvet Choker","Cursed Key"],"picked":"Inserter"}],"items_purged_floors":[5,31],"is_endless":false,"potions_floor_spawned":[1,4,14,20,25,33],"killed_by":"Nemesis","ascension_level":2}}