{"host":"rb2p2z6v6vieend5","time":1613360594,"event":{"mods":["BaseMod","Block Reminder","Colored Map","DeckTracker","Highlight Path","Minty Spire (QoL Compilation)","Random Character Button","Relic Stats"],"gold_per_floor":[115,134,284,130,130,163,163,190,190,190,152,168,191,209,209,281,281,301,301,365,465,483,483,483,483],"floor_reached":24,"language":"ENG","playtime":773,"items_purged":["Doubt"],"score":367,"play_id":"8b4013c9-11c7-4970-8c61-e382432a24d5","local_time":"20210215044314","is_ascension_mode":true,"campfire_choices":[{"data":"Fiend Fire","floor":7,"key":"SMITH"},{"floor":10,"key":"REST"},{"data":"Whirlwind","floor":15,"key":"SMITH"},{"floor":23,"key":"REST"}],"circlet_count":0,"master_deck":["AscendersBane","Strike_R","Strike_R","Strike_R","Strike_R","Strike_R","Defend_R","Defend_R","Defend_R","Defend_R","Bash","Injury","Fiend Fire+1","Rampage","Thunderclap","Fire Breathing","Clothesline","Whirlwind+1","Flame Barrier","Feed","Uppercut"],"relics":["Burning Blood","Pen Nib","InkBottle","Torii","The Courier","Odd Mushroom","Mark of Pain","SsserpentHead"],"acts_visited":["Exordium","TheCity"],"potions_floor_usage":[13,18],"damage_taken":[{"damage":4,"enemies":"Small Slimes","floor":1,"turns":3},{"damage":2,"enemies":"2 Louse","floor":2,"turns":3},{"damage":35,"enemies":"Lagavulin","floor":6,"turns":6},{"damage":32,"enemies":"Gremlin Nob","floor":8,"turns":4},{"damage":0,"enemies":"Jaw Worm","floor":12,"turns":1},{"damage":16,"enemies":"The Mushroom Lair","floor":13,"turns":4},{"damage":9,"enemies":"Looter","floor":14,"turns":3},{"damage":23,"enemies":"Slime Boss","floor":16,"turns":6},{"damage":22,"enemies":"2 Thieves","floor":18,"turns":4},{"damage":23,"enemies":"Spheric Guardian","floor":20,"turns":4},{"damage":19,"enemies":"Snake Plant","floor":22,"turns":4},{"damage":47,"enemies":"Book of Stabbing","floor":24,"turns":5}],"seed_played":"8292429487725510296","potions_obtained":[{"floor":1,"key":"Strength Potion"},{"floor":2,"key":"Regen Potion"},{"floor":13,"key":"EssenceOfSteel"}],"is_trial":false,"path_per_floor":["M","M","?","$","?","E","R","E","T","R","?","M","?","M","R","B",null,"M","?","M","?","M","R","E"],"character_chosen":"IRONCLAD","items_purchased":["Fire Breathing"],"campfire_rested":2,"item_purchase_floors":[4],"current_hp_per_floor":[70,74,74,74,69,40,40,14,14,36,36,42,44,41,41,24,62,46,46,29,29,19,42,0,0],"gold":483,"neow_bonus":"THREE_RARE_CARDS","is_daily":false,"chose_seed":false,"campfire_upgraded":2,"win_rate":0.0,"timestamp":1613360594,"path_taken":["M","M","?","$","?","E","R","E","T","R","?","M","?","?","R","BOSS","M","?","?","?","M","R","E"],"items_purchased_type":["Card"],"build_version":"2020-12-22","purchased_purges":1,"victory":false,"max_hp_per_floor":[75,75,75,75,75,75,75,75,75,75,75,75,75,75,75,75,75,75,75,75,75,78,78,78,78],"relic_stats":{"SsserpentHead":100,"Torii":17,"counters":[12,47],"Pen Nib":[6],"obtain_stats":[{"SsserpentHead":19,"Torii":8,"Pen Nib":5,"The Courier":9,"Mark of Pain":17,"Odd Mushroom":13,"Burning Blood":0,"InkBottle":6},{"SsserpentHead":9,"Torii":4,"Pen Nib":2,"The Courier":4,"Mark of Pain":8,"Odd Mushroom":6,"Burning Blood":0,"InkBottle":3},{"SsserpentHead":34,"Torii":16,"Pen Nib":6,"The Courier":16,"Mark of Pain":30,"Odd Mushroom":21,"Burning Blood":0,"InkBottle":12}],"Burning Blood":66,"InkBottle":[5]},"card_choices":[{"not_picked":["Double Tap","Offering"],"picked":"Fiend Fire","floor":0},{"not_picked":["Pummel","Wild Strike"],"picked":"Rampage","floor":1},{"not_picked":["Havoc","Perfected Strike"],"picked":"Thunderclap","floor":2},{"not_picked":["Anger","Perfected Strike","Hemokinesis"],"picked":"SKIP","floor":6},{"not_picked":["Second Wind","Fire Breathing"],"picked":"Clothesline","floor":8},{"not_picked":["Thunderclap","Flex","Havoc"],"picked":"SKIP","floor":12},{"not_picked":["Demon Form","Perfected Strike"],"picked":"Whirlwind","floor":13},{"not_picked":["Pummel","Rampage"],"picked":"Flame Barrier","floor":14},{"not_picked":["Fiend Fire","Immolate"],"picked":"Feed","floor":16},{"not_picked":["Clash","Entrench","Dropkick"],"picked":"SKIP","floor":18},{"not_picked":["Intimidate","Clothesline"],"picked":"Uppercut","floor":20},{"not_picked":["Flame Barrier","Feel No Pain","Pummel"],"picked":"SKIP","floor":22}],"player_experience":750901,"relics_obtained":[{"floor":6,"key":"InkBottle"},{"floor":8,"key":"Torii"},{"floor":9,"key":"The Courier"},{"floor":13,"key":"Odd Mushroom"}],"event_choices":[{"damage_healed":0,"gold_gain":150,"player_choice":"AGREE","damage_taken":0,"max_hp_gain":0,"max_hp_loss":0,"event_name":"Liars Game","floor":3,"gold_loss":0,"cards_obtained":["Doubt"]},{"damage_healed":0,"gold_gain":0,"player_choice":"Success","damage_taken":5,"relics_obtained":["Pen Nib"],"max_hp_gain":0,"max_hp_loss":0,"event_name":"Scrap Ooze","floor":5,"gold_loss":0},{"damage_healed":0,"gold_gain":0,"player_choice":"Left Gold","damage_taken":0,"max_hp_gain":0,"max_hp_loss":0,"event_name":"World of Goop","floor":11,"gold_loss":38},{"damage_healed":0,"gold_gain":0,"player_choice":"Fought Mushrooms","damage_taken":0,"max_hp_gain":0,"max_hp_loss":0,"event_name":"Mushrooms","floor":13,"gold_loss":0},{"damage_healed":0,"gold_gain":0,"player_choice":"Trade","damage_taken":0,"relics_obtained":["SsserpentHead"],"max_hp_gain":0,"max_hp_loss":0,"event_name":"FaceTrader","floor":19,"gold_loss":0},{"damage_healed":0,"gold_gain":50,"player_choice":"Stole From Cult","damage_taken":0,"max_hp_gain":0,"max_hp_loss":0,"event_name":"Nest","floor":21,"gold_loss":0}],"is_beta":false,"boss_relics":[{"not_picked":["SacredBark","Snecko Eye"],"picked":"Mark of Pain"}],"items_purged_floors":[4],"is_endless":false,"potions_floor_spawned":[1,2,12,13],"killed_by":"Book of Stabbing","ascension_level":16}}