{"host":"am8lvo9xvzrux3wx","time":1613427403,"event":{"mods":["2.2 Compatiblity","AchievementEnabler","Aspiration","BaseMod","Block Reminder","Colored Map","Downfall","Halation","Minty Spire (QoL Compilation)","Random Character Mod","Reliquary","Replay The Spire","StSLib","The Bug Knight","The Construct","The Cursed","The Forsaken","The Runesmith"],"gold_per_floor":[99,112,112,128,146,178,178,194,94,94,94,106,16,34,51,156,156,156,176,195,195,195,195,195,215,225,235,99,99,117,28,45,145,145,45,55,86,86,86,86],"floor_reached":38,"language":"ENG","playtime":4417,"items_purged":["Slimebound:Tackle"],"score":430,"play_id":"4e5ec7df-2127-4cb1-8224-31f4c65b9e0f","local_time":"20210215171643","is_ascension_mode":false,"campfire_choices":[{"data":"Slimebound:CorrosiveSpit","floor":1,"key":"SMITH"},{"data":"Slimebound:Equalize","floor":9,"key":"SMITH"},{"data":"Slimebound:Split","floor":11,"key":"SMITH"},{"data":"Slimebound:HauntingLick","floor":18,"key":"SMITH"},{"data":"Slimebound:HauntingLick","floor":23,"key":"SMITH"},{"data":"Slimebound:OozeBath","floor":29,"key":"SMITH"},{"data":"Slimebound:Gluttony","floor":35,"key":"SMITH"}],"circlet_count":0,"master_deck":["Slimebound:Strike_Slimebound","Slimebound:Strike_Slimebound","Slimebound:Strike_Slimebound","Slimebound:Defend_Slimebound","Slimebound:Defend_Slimebound","Slimebound:Defend_Slimebound","Slimebound:Split+1","Slimebound:CorrosiveSpit+1","Slimebound:Equalize+1","Slimebound:FinishingTackle","Slimebound:HauntingLick+1","Slimebound:MegaLick+1","Slimebound:SplitMire","Slimebound:HauntingLick+1","Slimebound:TongueLash+1","Slimebound:AcidTongue","Slimebound:Schlurp","Slimebound:OozeBath+1","Slimebound:LeechEnergy","Slimebound:RejuvenatingLick","Slimebound:GoopSpray+1","Slimebound:Schlurp","Slimebound:RainOfGoop+1","Slimebound:ItLooksTasty","Slimebound:Gluttony+1","Slimebound:ViciousTackle","Slimebound:LeechLife"],"relics":["Slimebound:AbsorbEndCombat","Runesmith:AutoHammer","reliquary:Aerogel","Replay:Accelerometer","downfall:HeartBlessingGreen","theForsaken:PaleLantern","halation:PinkSoulGem","downfall:HeartBlessingBlue","Guide Book"],"acts_visited":["Exordium","TheCity","TheBeyond"],"potions_floor_usage":[15,20,26,38,38,38],"damage_taken":[{"damage":4,"enemies":"Cultist","floor":2,"turns":4},{"damage":1,"enemies":"Jaw Worm","floor":4,"turns":4},{"damage":0,"enemies":"Small Slimes","floor":5,"turns":3},{"damage":32,"enemies":"Lagavulin","floor":6,"turns":6},{"damage":12,"enemies":"Blue Slaver","floor":8,"turns":2},{"damage":19,"enemies":"Exordium Thugs","floor":12,"turns":3},{"damage":8,"enemies":"downfall:FleeingMerchant","floor":13,"turns":4},{"damage":13,"enemies":"Red Slaver","floor":14,"turns":2},{"damage":0,"enemies":"Blue Slaver","floor":15,"turns":3},{"damage":21,"enemies":"WA_ARCHETYPE_RETAIN","floor":16,"turns":5},{"damage":4,"enemies":"Chosen","floor":19,"turns":4},{"damage":13,"enemies":"Shell Parasite","floor":20,"turns":3},{"damage":33,"enemies":"Shelled Parasite and Fungi","floor":25,"turns":5},{"damage":15,"enemies":"Centurion and Healer","floor":26,"turns":5},{"damage":24,"enemies":"Snake Plant","floor":27,"turns":2},{"damage":0,"enemies":"downfall:FleeingMerchant","floor":28,"turns":4},{"damage":17,"enemies":"3 Cultists","floor":30,"turns":4},{"damage":8,"enemies":"downfall:FleeingMerchant","floor":31,"turns":4},{"damage":4,"enemies":"Cultist and Chosen","floor":32,"turns":4},{"damage":46,"enemies":"IC_MUSHROOM_ARCHETYPE","floor":33,"turns":7},{"damage":69,"enemies":"3 Darklings","floor":36,"turns":5},{"damage":0,"enemies":"downfall:FleeingMerchant","floor":37,"turns":2},{"damage":29,"enemies":"downfall:FleeingMerchant","floor":38,"turns":2}],"seed_played":"1506970707965614680","potions_obtained":[{"floor":5,"key":"Death Potion"},{"floor":6,"key":"Energy Potion"},{"floor":12,"key":"SteroidPotion"},{"floor":14,"key":"Block Potion"},{"floor":19,"key":"bronze:BurnAndBuffPotion"},{"floor":25,"key":"Adrenaline Potion"},{"floor":26,"key":"FearPotion"}],"is_trial":false,"path_per_floor":["R","M","?","M","M","E","T","M","R","?","R","M","$","M","M","B",null,"R","M","M","?","?","R","T","M","M","M","$","R","M","$","M","B",null,"R","M","$","?"],"character_chosen":"SLIMEBOUND","items_purchased":["Slimebound:TongueLash","Slimebound:ItLooksTasty","Slimebound:Gluttony","Guide Book","Slimebound:LeechLife"],"campfire_rested":0,"item_purchase_floors":[13,28,31,37,37],"current_hp_per_floor":[65,61,61,65,65,40,40,40,40,47,47,36,40,31,49,48,65,65,65,65,54,54,54,54,39,44,24,30,30,33,45,61,35,70,80,19,23,0,0,0],"gold":86,"neow_bonus":"RANDOM_COMMON_RELIC","is_daily":false,"chose_seed":false,"campfire_upgraded":7,"win_rate":0.0,"timestamp":1613427403,"path_taken":["R","M","?","M","?","E","T","M","R","?","R","?","$","M","M","BOSS","R","M","M","?","?","R","T","?","M","M","$","R","M","?","M","BOSS","R","M","$","?"],"items_purchased_type":["Card","Card","Card","Relic","Card"],"build_version":"2020-12-22","purchased_purges":1,"victory":false,"max_hp_per_floor":[65,65,65,65,65,65,65,65,65,65,65,65,65,65,65,65,65,65,65,65,70,70,70,70,70,70,70,70,70,70,70,70,70,70,80,80,80,80,80,80],"card_choices":[{"not_picked":["Slimebound:Prepare","Slimebound:GoopTackle"],"picked":"Slimebound:Equalize","floor":2},{"not_picked":["Slimebound:Equalize","Slimebound:ProtectTheBoss"],"picked":"Slimebound:FinishingTackle","floor":4},{"not_picked":["Slimebound:GoopTackle","Slimebound:Equalize"],"picked":"Slimebound:HauntingLick","floor":5},{"not_picked":["Slimebound:LeechingTouch","Slimebound:LeechEnergy"],"picked":"Slimebound:MegaLick","floor":6},{"not_picked":["Slimebound:OneTwoCombo","Slimebound:GrowthPunch"],"picked":"Slimebound:SplitMire","floor":8},{"not_picked":["Slimebound:FlameTackle","Slimebound:RollThrough"],"picked":"Slimebound:HauntingLick","floor":12},{"not_picked":["Slimebound:CheckThePlaybook","Slimebound:LivingWall","Slimebound:SplitMire"],"picked":"SKIP","floor":13},{"not_picked":["Slimebound:Nibble","Slimebound:SamplingLick"],"picked":"Slimebound:AcidTongue","floor":14},{"not_picked":["Slimebound:SplitLeeching","Slimebound:PrepareCrush"],"picked":"Slimebound:Schlurp","floor":15},{"not_picked":["Slimebound:DouseInSlime","Slimebound:Darklings"],"picked":"Slimebound:OozeBath","floor":16},{"not_picked":["Slimebound:SplitLeeching","Slimebound:SlimeBrawl+1"],"picked":"Slimebound:LeechEnergy","floor":19},{"not_picked":["Slimebound:HauntingLick","Slimebound:DivideAndConquer"],"picked":"Slimebound:RejuvenatingLick","floor":20},{"not_picked":["Slimebound:RejuvenatingLick","Slimebound:HauntingLick","Slimebound:GoopTackle"],"picked":"SKIP","floor":25},{"not_picked":["Slimebound:LeechingTouch","Slimebound:FinishingTackle"],"picked":"Slimebound:GoopSpray+1","floor":26},{"not_picked":["Slimebound:FinishingTackle+1","Slimebound:ComboTackle"],"picked":"Slimebound:Schlurp","floor":27},{"not_picked":["Slimebound:Equalize+1","Slimebound:CheckThePlaybook"],"picked":"Slimebound:RainOfGoop+1","floor":28},{"not_picked":["Slimebound:PressTheAttack","Slimebound:ComboTackle","Slimebound:FinishingTackle"],"picked":"SKIP","floor":30},{"not_picked":["Slimebound:Schlurp","Slimebound:HauntingLick","Slimebound:GoopSpray"],"picked":"SKIP","floor":31},{"not_picked":["Slimebound:GoopTackle","Slimebound:SplitLeeching"],"picked":"Slimebound:ViciousTackle","floor":32},{"not_picked":["Slimebound:PressTheAttack","Slimebound:FinishingTackle","Slimebound:ItLooksTasty+1"],"picked":"SKIP","floor":36},{"not_picked":["Slimebound:CheckThePlaybook","Slimebound:Schlurp","Slimebound:FinishingTackle"],"picked":"SKIP","floor":37}],"player_experience":150867,"relics_obtained":[{"floor":6,"key":"reliquary:Aerogel"},{"floor":7,"key":"Replay:Accelerometer"}],"event_choices":[],"is_beta":false,"boss_relics":[{"not_picked":["Kintsugi","aspiration:SilentSkillbook"],"picked":"theForsaken:PaleLantern"},{"not_picked":["Abe\u0027s Treasure","Painkiller Herb","Runic Dome"]}],"items_purged_floors":[28],"is_endless":false,"potions_floor_spawned":[5,6,12,14,19,25,26,30,33],"killed_by":"downfall:FleeingMerchant","ascension_level":0}}