{"host":"uv5ws9rdk87e8i5k","time":1613353479,"event":{"mods":["AchievementEnabler","BaseMod","Colored Map","Minty Spire (QoL Compilation)","Permanent Neow","Quick Restart","StSLib","SuperFastMode","The Necromancer"],"gold_per_floor":[114,114,129,145,168,199,199,218,218,251,272,286,327,348,348,467,467,482,507,507,422,434,434,469,469,469,500,69,88,88,3,3,101,101,118,118,168,215,226,226,252,270,270,27,27,54,54,74,74,74],"floor_reached":51,"language":"ENG","playtime":1495,"items_purged":["Strike_B","Strike_B","Strike_B"],"score":903,"play_id":"cec0ed95-4e42-4af9-b726-9561eaf465b8","local_time":"20210214194439","is_ascension_mode":true,"campfire_choices":[{"floor":7.0,"key":"REST"},{"floor":15.0,"key":"REST"},{"data":"Defragment","floor":23.0,"key":"SMITH"},{"floor":25.0,"key":"REST"},{"floor":30.0,"key":"REST"},{"data":"Machine Learning","floor":32.0,"key":"SMITH"},{"data":"Loop","floor":40,"key":"SMITH"},{"data":"Buffer","floor":45,"key":"SMITH"},{"data":"Creative AI","floor":47,"key":"SMITH"},{"data":"Heatsinks","floor":49,"key":"SMITH"}],"circlet_count":0,"master_deck":["Strike_B","Defend_B","Defend_B","Defend_B","Defend_B","Zap","Dualcast","Echo Form","Turbo","Cold Snap","Coolheaded+1","Steam Power","Machine Learning+1","Defragment+1","Ball Lightning","Storm","Turbo+1","Capacitor","Creative AI+1","CurseOfTheBell","Redo+1","Cold Snap","Coolheaded+1","Loop+1","Loop","Reinforced Body","Capacitor","Buffer+1","FTL","Loop+1","Hello World+1","Heatsinks+1","FTL+1"],"relics":["Cracked Core","Bloody Idol","Smiling Mask","Toy Ornithopter","Anchor","Letter Opener","Calling Bell","War Paint","Mummified Hand","StoneCalendar","Bronze Scales","Potion Belt","Dream Catcher","Art of War","Orichalcum","Blood Vial","Runic Dome","Turnip","Gambling Chip","Pear","Lee\u0027s Waffle","Bag of Marbles"],"acts_visited":["Exordium","TheCity","TheBeyond"],"potions_floor_usage":[35,50],"damage_taken":[{"damage":2.0,"enemies":"Jaw Worm","floor":1.0,"turns":3.0},{"damage":6.0,"enemies":"2 Louse","floor":3.0,"turns":3.0},{"damage":7.0,"enemies":"Small Slimes","floor":4.0,"turns":3.0},{"damage":14.0,"enemies":"Exordium Wildlife","floor":5.0,"turns":4.0},{"damage":14.0,"enemies":"Lagavulin","floor":6.0,"turns":9.0},{"damage":8.0,"enemies":"Large Slime","floor":8.0,"turns":5.0},{"damage":19.0,"enemies":"Gremlin Nob","floor":10.0,"turns":4.0},{"damage":3.0,"enemies":"Looter","floor":11.0,"turns":3.0},{"damage":6.0,"enemies":"3 Louse","floor":12.0,"turns":3.0},{"damage":19.0,"enemies":"Lagavulin","floor":13.0,"turns":6.0},{"damage":0.0,"enemies":"Exordium Wildlife","floor":14.0,"turns":2.0},{"damage":27.0,"enemies":"Slime Boss","floor":16.0,"turns":7.0},{"damage":15.0,"enemies":"3 Byrds","floor":18.0,"turns":4.0},{"damage":2.0,"enemies":"Chosen","floor":19.0,"turns":3.0},{"damage":24.0,"enemies":"Sentry and Sphere","floor":22.0,"turns":4.0},{"damage":26.0,"enemies":"Gremlin Leader","floor":24.0,"turns":6.0},{"damage":26.0,"enemies":"Slavers","floor":27.0,"turns":4.0},{"damage":9.0,"enemies":"3 Cultists","floor":29.0,"turns":4.0},{"damage":28.0,"enemies":"Collector","floor":33.0,"turns":5.0},{"damage":29,"enemies":"3 Darklings","floor":35,"turns":3},{"damage":0,"enemies":"Mind Bloom Boss Battle","floor":37,"turns":5},{"damage":19,"enemies":"2 Orb Walkers","floor":38,"turns":5},{"damage":4,"enemies":"Orb Walker","floor":39,"turns":3},{"damage":4,"enemies":"Nemesis","floor":41,"turns":5},{"damage":0,"enemies":"3 Darklings","floor":42,"turns":4},{"damage":1,"enemies":"Giant Head","floor":46,"turns":8},{"damage":3,"enemies":"4 Shapes","floor":48,"turns":3},{"damage":17,"enemies":"Donu and Deca","floor":50,"turns":6}],"seed_played":"3917655689352084809","potions_obtained":[{"floor":4.0,"key":"FearPotion"},{"floor":5.0,"key":"Block Potion"},{"floor":8.0,"key":"Strength Potion"},{"floor":10.0,"key":"EssenceOfSteel"},{"floor":11.0,"key":"Fire Potion"},{"floor":14.0,"key":"LiquidMemories"},{"floor":22.0,"key":"SpeedPotion"},{"floor":29.0,"key":"BlessingOfTheForge"},{"floor":33.0,"key":"AttackPotion"},{"floor":37,"key":"Ancient Potion"},{"floor":38,"key":"PowerPotion"},{"floor":46,"key":"LiquidMemories"},{"floor":48,"key":"Weak Potion"}],"is_trial":false,"path_per_floor":["M","?","M","M","M","E","R","M","T","E","M","M","E","M","R","B",null,"M","M","?","?","M","R","E","R","T","E","$","M","R","$","R","B",null,"M","?","?","?","M","R","E","M","T","$","R","E","R","M","R","B",null],"character_chosen":"DEFECT","items_purchased":["Loop","Orichalcum","Blood Vial","Capacitor","Heatsinks","Lee\u0027s Waffle"],"campfire_rested":4,"item_purchase_floors":[28,28,28,31,44,44],"current_hp_per_floor":[73,69,63,56,42,28,48,40,40,26,23,22,8,13,33,11,69,54,52,52,52,33,33,17,37,37,16,16,14,34,34,34,18,69,50,50,57,45,48,48,61,68,68,86,86,86,86,86,86,69],"gold":74,"neow_bonus":"ONE_RANDOM_RARE_CARD","is_daily":false,"chose_seed":false,"campfire_upgraded":6,"win_rate":0.0,"timestamp":1613353479,"path_taken":["M","?","M","M","M","E","R","M","T","E","M","M","E","M","R","BOSS","M","M","?","?","M","R","E","R","T","E","?","M","R","$","R","BOSS","M","?","?","?","M","R","E","M","T","$","R","E","R","M","R","BOSS"],"items_purchased_type":["Card","Relic","Relic","Card","Card","Relic"],"build_version":"2020-12-22","purchased_purges":3,"victory":true,"max_hp_per_floor":[75,69,69,69,69,69,69,69,69,69,69,69,69,69,69,69,69,69,69,69,69,69,69,69,69,69,69,69,69,69,69,69,69,69,69,69,69,69,69,69,79,79,79,86,86,86,86,86,86,86],"card_choices":[{"not_picked":["Barrage","Stack"],"picked":"Sweeping Beam","floor":1.0},{"not_picked":["Sunder","Rebound"],"picked":"Turbo","floor":3.0},{"not_picked":["Beam Cell","Consume"],"picked":"Cold Snap","floor":4.0},{"not_picked":["Gash","Sweeping Beam"],"picked":"Coolheaded","floor":5.0},{"not_picked":["Steam","Gash"],"picked":"Steam Power","floor":6.0},{"not_picked":["Blizzard","Barrage"],"picked":"Machine Learning","floor":8.0},{"not_picked":["Gash","Conserve Battery"],"picked":"Defragment","floor":10.0},{"not_picked":["Darkness","Reinforced Body"],"picked":"Ball Lightning","floor":11.0},{"not_picked":["Leap","Doom and Gloom"],"picked":"Storm","floor":12.0},{"not_picked":["Melter","Leap"],"picked":"Turbo","floor":13.0},{"not_picked":["Lockon","Redo"],"picked":"Capacitor","floor":14.0},{"not_picked":["Core Surge","Thunder Strike"],"picked":"Creative AI","floor":16.0},{"not_picked":["Steam Power","Compile Driver+1"],"picked":"Redo+1","floor":18.0},{"not_picked":["Sweeping Beam","Turbo"],"picked":"Cold Snap","floor":19.0},{"not_picked":["Go for the Eyes","Reprogram"],"picked":"Coolheaded+1","floor":22.0},{"not_picked":["Streamline","Beam Cell","All For One"],"picked":"SKIP","floor":24.0},{"not_picked":["Steam Power+1","Steam"],"picked":"Loop","floor":27.0},{"not_picked":["Steam","Lockon"],"picked":"Reinforced Body","floor":29.0},{"not_picked":["All For One","Creative AI"],"picked":"Buffer","floor":33.0},{"not_picked":["Beam Cell","Blizzard","Turbo+1"],"picked":"SKIP","floor":35},{"not_picked":["Beam Cell","Static Discharge+1"],"picked":"FTL","floor":37},{"not_picked":["Cold Snap","Steam","Doom and Gloom+1"],"picked":"SKIP","floor":39},{"not_picked":["Genetic Algorithm+1","Reboot"],"picked":"Loop+1","floor":41},{"not_picked":["Sunder+1","Coolheaded"],"picked":"Hello World+1","floor":42},{"not_picked":["Compile Driver","Genetic Algorithm","Cold Snap+1"],"picked":"SKIP","floor":46},{"not_picked":["Core Surge","Ball Lightning+1"],"picked":"FTL+1","floor":48}],"player_experience":187747,"relics_obtained":[{"floor":6.0,"key":"Smiling Mask"},{"floor":9.0,"key":"Toy Ornithopter"},{"floor":10.0,"key":"Anchor"},{"floor":13.0,"key":"Letter Opener"},{"floor":17.0,"key":"War Paint"},{"floor":17.0,"key":"Mummified Hand"},{"floor":17.0,"key":"StoneCalendar"},{"floor":24.0,"key":"Potion Belt"},{"floor":26.0,"key":"Dream Catcher"},{"floor":27.0,"key":"Art of War"},{"floor":37,"key":"Turnip"},{"floor":38,"key":"Gambling Chip"},{"floor":41,"key":"Pear"},{"floor":46,"key":"Bag of Marbles"}],"event_choices":[{"damage_healed":0.0,"max_hp_gain":0.0,"max_hp_loss":6.0,"gold_gain":0.0,"event_name":"Golden Idol","player_choice":"Lose Max HP","floor":2.0,"gold_loss":0.0,"damage_taken":0.0,"relics_obtained":["Golden Idol"]},{"damage_healed":0.0,"max_hp_gain":0.0,"max_hp_loss":0.0,"gold_gain":0.0,"event_name":"Forgotten Altar","player_choice":"Gave Idol","floor":20.0,"relics_lost":["Golden Idol"],"gold_loss":0.0,"damage_taken":0.0,"relics_obtained":["Bloody Idol"]},{"damage_healed":0.0,"max_hp_gain":0.0,"max_hp_loss":0.0,"gold_gain":0.0,"event_name":"Addict","player_choice":"Obtained Relic","floor":21.0,"gold_loss":85.0,"damage_taken":0.0,"relics_obtained":["Bronze Scales"]},{"cards_removed":["Sweeping Beam"],"damage_healed":0,"gold_gain":0,"player_choice":"Removed Attack","damage_taken":0,"max_hp_gain":0,"max_hp_loss":0,"event_name":"Falling","floor":36,"gold_loss":0},{"damage_healed":0,"gold_gain":0,"player_choice":"Fight","damage_taken":0,"max_hp_gain":0,"max_hp_loss":0,"event_name":"MindBloom","floor":37,"gold_loss":0},{"damage_healed":0,"gold_gain":0,"player_choice":"Fight","damage_taken":0,"max_hp_gain":0,"max_hp_loss":0,"event_name":"Mysterious Sphere","floor":38,"gold_loss":0}],"is_beta":false,"boss_relics":[{"not_picked":["Black Star","Empty Cage"],"picked":"Calling Bell"},{"not_picked":["SacredBark","Pandora\u0027s Box"],"picked":"Runic Dome"}],"items_purged_floors":[28,31,44],"is_endless":false,"potions_floor_spawned":[4,5,8,10,11,14,22,29,33,37,38,46,48],"ascension_level":3}}