{"host":"ec2wu4mdnvke243f","time":1613388420,"event":{"mods":["2.2 Compatiblity","AchievementEnabler","BaseMod","Defuse TimeMaze Blight","Downfall","Hermit","Infinite Spire","Minty Spire (QoL Compilation)","StSLib","The Cursed","The Disciple","The Jungle","The Servant 0.9.4"],"gold_per_floor":[117,117,117,132,144,170,170,170,170,182,182,193,193,211,211,313,313,300,311,325,325,325,265,285,285],"floor_reached":24,"language":"POL","playtime":1447,"items_purged":[],"score":208,"play_id":"ce52d402-604e-4bd5-96ef-59ffae5b95de","local_time":"20210215122700","daily_mods":["Colorless Cards","Flight"],"is_ascension_mode":true,"campfire_choices":[{"floor":8,"key":"REST"},{"floor":15,"key":"REST"}],"circlet_count":0,"master_deck":["hermit:Strike_Hermit","hermit:Strike_Hermit","hermit:Strike_Hermit","hermit:Strike_Hermit","hermit:Defend_Hermit","hermit:Defend_Hermit","hermit:Defend_Hermit","hermit:Defend_Hermit","hermit:Snapshot+1","hermit:Covet","hermit:WideOpen","hermit:Maintenance","hermit:Misfire","hermit:Vantage","hermit:Malice","hermit:Dive","HandOfGreed","hermit:HighCaliber","hermit:WideOpen+1","hermit:TrackingShot","Trip"],"relics":["hermit:ClaspedLocket","White Beast Statue","Singing Bowl","Frozen Egg 2","Mummified Hand"],"acts_visited":["Exordium","TheCity"],"potions_floor_usage":[10,12,18,18,19,20,20,24],"damage_taken":[{"damage":9,"enemies":"2 Louse","floor":1,"turns":2},{"damage":0,"enemies":"Cultist","floor":4,"turns":3},{"damage":6,"enemies":"Jaw Worm","floor":5,"turns":3},{"damage":35,"enemies":"Gremlin Nob","floor":6,"turns":4},{"damage":0,"enemies":"Large Slime","floor":10,"turns":3},{"damage":5,"enemies":"Exordium Thugs","floor":12,"turns":2},{"damage":8,"enemies":"Gremlin Gang","floor":14,"turns":4},{"damage":41,"enemies":"Hexaghost","floor":16,"turns":12},{"damage":9,"enemies":"2 Thieves","floor":18,"turns":4},{"damage":23,"enemies":"Shell Parasite","floor":19,"turns":8},{"damage":15,"enemies":"Snecko","floor":20,"turns":4},{"damage":41,"enemies":"3 Cultists","floor":24,"turns":5}],"seed_played":"7357320370895208469","potions_obtained":[{"floor":4,"key":"BlessingOfTheForge"},{"floor":5,"key":"Ancient Potion"},{"floor":10,"key":"Fire Potion"},{"floor":12,"key":"Swift Potion"},{"floor":13,"key":"Energy Potion"},{"floor":13,"key":"SneckoOil"},{"floor":18,"key":"FearPotion"},{"floor":19,"key":"sneckomod:MuddlingPotion"},{"floor":20,"key":"SpeedPotion"}],"is_trial":true,"path_per_floor":["M","?","?","M","M","E","?","R","T","M","?","M","?","M","R","B",null,"M","M","M","?","T","?","M"],"character_chosen":"HERMIT","items_purchased":[],"campfire_rested":2,"item_purchase_floors":[],"current_hp_per_floor":[66,66,66,66,60,25,25,47,47,47,47,42,42,34,56,15,75,66,43,28,28,28,28,0,0],"gold":285,"neow_bonus":"","is_daily":false,"chose_seed":false,"campfire_upgraded":0,"win_rate":0.0,"timestamp":1613388420,"path_taken":["M","?","?","M","?","E","?","R","T","M","?","?","?","?","R","BOSS","M","M","M","?","?","?","?"],"items_purchased_type":[],"build_version":"2020-12-22","purchased_purges":0,"victory":false,"max_hp_per_floor":[75,75,75,75,75,75,75,75,75,75,75,75,75,75,75,75,75,75,75,75,75,75,75,75,75],"card_choices":[{"not_picked":["hermit:ItchyTrigger","hermit:Feint"],"picked":"hermit:WideOpen","floor":1},{"not_picked":["hermit:FatalDesire","hermit:WideOpen"],"picked":"hermit:Maintenance","floor":4},{"not_picked":["hermit:Scavenge","hermit:HoleUp"],"picked":"hermit:Misfire","floor":5},{"not_picked":["Mind Blast","hermit:Vantage"],"picked":"hermit:LuckOfTheDraw","floor":6},{"not_picked":["hermit:Manifest","hermit:LowProfile"],"picked":"hermit:Vantage","floor":10},{"not_picked":["hermit:Roulette","hermit:Snipe"],"picked":"hermit:Malice","floor":12},{"not_picked":["hermit:CalledShot","hermit:LoneWolf"],"picked":"hermit:Dive","floor":14},{"not_picked":["hermit:Dissolve","hermit:FatalDesire+1"],"picked":"HandOfGreed","floor":16},{"not_picked":["hermit:HoleUp","Dark Shackles"],"picked":"Impatience","floor":18},{"not_picked":["hermit:Dive","Impatience"],"picked":"hermit:HighCaliber","floor":19},{"not_picked":["hermit:Misfire","hermit:Desperado+1"],"picked":"hermit:WideOpen+1","floor":20}],"player_experience":603795,"relics_obtained":[{"floor":6,"key":"White Beast Statue"},{"floor":9,"key":"Singing Bowl"},{"floor":22,"key":"Mummified Hand"}],"event_choices":[{"damage_healed":0,"gold_gain":0,"player_choice":"Leave","damage_taken":0,"max_hp_gain":0,"max_hp_loss":0,"event_name":"The Cleric","floor":2,"gold_loss":0},{"damage_healed":0,"gold_gain":0,"player_choice":"Forge","damage_taken":0,"max_hp_gain":0,"max_hp_loss":0,"event_name":"Accursed Blacksmith","floor":3,"gold_loss":0,"cards_upgraded":["hermit:Snapshot"]},{"damage_healed":0,"gold_gain":0,"player_choice":"Ignored","damage_taken":0,"max_hp_gain":0,"max_hp_loss":0,"event_name":"Shining Light","floor":7,"gold_loss":0},{"damage_healed":0,"gold_gain":0,"player_choice":"Gave Potion","damage_taken":0,"relics_obtained":["Frozen Egg 2"],"max_hp_gain":0,"max_hp_loss":0,"event_name":"WeMeetAgain","floor":11,"gold_loss":0},{"damage_healed":0,"gold_gain":0,"player_choice":"Got Potions","damage_taken":0,"max_hp_gain":0,"max_hp_loss":0,"event_name":"Lab","floor":13,"gold_loss":0},{"damage_healed":0,"gold_gain":0,"cards_transformed":["hermit:LuckOfTheDraw","Impatience"],"player_choice":"Transformed Cards","damage_taken":0,"max_hp_gain":0,"max_hp_loss":0,"event_name":"Designer","floor":23,"gold_loss":60,"cards_obtained":["hermit:TrackingShot","Trip"]}],"is_beta":false,"boss_relics":[{"not_picked":["Cursed Key","Calling Bell"],"picked":"hermit:ClaspedLocket"}],"items_purged_floors":[],"is_endless":false,"potions_floor_spawned":[4,5,10,12,14,16,18,19,20],"killed_by":"3 Cultists","ascension_level":1}}