{"host":"7j2n82b2zha9fuyn","time":1613347794,"event":{"mods":["BaseMod","Block Reminder","Minty Spire (QoL Compilation)","StSLib"],"gold_per_floor":[118,37,37,37,57,92,108,108,108],"floor_reached":8,"language":"ENG","playtime":328,"items_purged":[],"score":158,"play_id":"44d80cc3-9ec2-4582-906f-674277242aa6","local_time":"20210214170954","is_ascension_mode":true,"campfire_choices":[],"circlet_count":0,"master_deck":["AscendersBane","Strike_B","Strike_B","Strike_B","Strike_B","Defend_B","Defend_B","Defend_B","Defend_B","Zap","Dualcast","Sweeping Beam","Pain","Genetic Algorithm","Glacier","Compile Driver"],"relics":["Cracked Core","NeowsBlessing","Blue Candle","WarpedTongs","Bronze Scales"],"acts_visited":["Exordium"],"potions_floor_usage":[8],"damage_taken":[{"damage":0,"enemies":"Jaw Worm","floor":1,"turns":1},{"damage":0,"enemies":"Cultist","floor":5,"turns":1},{"damage":0,"enemies":"3 Sentries","floor":6,"turns":1},{"damage":1,"enemies":"2 Louse","floor":7,"turns":3},{"damage":57,"enemies":"Gremlin Nob","floor":8,"turns":4}],"seed_played":"-3540244269449255683","potions_obtained":[],"is_trial":false,"path_per_floor":["M","$","?","?","M","E","M","E"],"character_chosen":"DEFECT","items_purchased":["DistilledChaos"],"campfire_rested":0,"item_purchase_floors":[2],"current_hp_per_floor":[64,64,46,46,46,46,45,0,0],"gold":108,"neow_bonus":"THREE_ENEMY_KILL","is_daily":false,"chose_seed":false,"campfire_upgraded":0,"win_rate":0.0,"timestamp":1613347794,"path_taken":["M","$","?","?","?","E","M","E"],"items_purchased_type":["Potion"],"build_version":"2020-12-22","purchased_purges":0,"victory":false,"max_hp_per_floor":[71,71,71,71,71,71,71,71,71],"card_choices":[{"not_picked":["Turbo","Coolheaded"],"picked":"Sweeping Beam","floor":1},{"not_picked":["Coolheaded","Redo"],"picked":"Genetic Algorithm","floor":5},{"not_picked":["Lockon","Steam Power"],"picked":"Glacier","floor":6},{"not_picked":["Hologram","Beam Cell"],"picked":"Compile Driver","floor":7}],"player_experience":2050156,"relics_obtained":[{"floor":6,"key":"Bronze Scales"}],"event_choices":[{"damage_healed":0,"gold_gain":0,"player_choice":"Success","damage_taken":18,"relics_obtained":["Blue Candle"],"max_hp_gain":0,"max_hp_loss":0,"event_name":"Scrap Ooze","floor":3,"gold_loss":0},{"damage_healed":0,"gold_gain":0,"player_choice":"Rummage","damage_taken":0,"relics_obtained":["WarpedTongs"],"max_hp_gain":0,"max_hp_loss":0,"event_name":"Accursed Blacksmith","floor":4,"gold_loss":0,"cards_obtained":["Pain"]}],"is_beta":false,"boss_relics":[],"items_purged_floors":[],"is_endless":false,"potions_floor_spawned":[],"killed_by":"Gremlin Nob","ascension_level":19}}