{"host":"lehbxtjrpalkmwwj","time":1613400547,"event":{"mods":["ATMod(°¢èªMod)","Aspiration","BaseMod","Challenge The Spire","Colored Map","Colored Powertips","Conspire","Dota2Spire","Energized Spire","Hunter ÁÔÈË","Minty Spire (QoL Compilation)","Quick Restart","Relic Stats","Reliquary","Replay The Spire","Spicy Shops","StSLib","TestMod","The Cursed","The IronCluck","The Poker Player","Waifu the Spire","Wide Potions","[IsaacMod]ÒÔÈö¼âËþ","¡¾ÒÅÎï¿¨ÅÆ¡¿REMEMod","É³µñ²ÄÖÊ°ümod","óô»ðÖ¸ÄÏ"],"gold_per_floor":[150,167,167,183,193,220,233,233,313,347,363,395,407,438,438,540,540,550,569,588,106,116,145,145,158,208,170,170,196,196,225,275,374,374,393,408,427,445,461,495,495,530,557,557,588,605,605,630,630,630,630],"floor_reached":50,"language":"ZHS","playtime":1327,"items_purged":[],"score":1027,"play_id":"0e44c7a3-624d-496f-b5ce-76c4d790de92","local_time":"20210215224907","is_ascension_mode":true,"campfire_choices":[{"floor":15,"key":"RECALL"},{"data":"AT_OneInchPunch","floor":24,"key":"SMITH"},{"data":"ReplayTheSpireMod:Omega Cannon","floor":24,"key":"SMITH"},{"data":"Perfected Strike","floor":30,"key":"SMITH"},{"data":"Perfected Strike","floor":30,"key":"SMITH"},{"data":"Thunderclap","floor":41,"key":"SMITH"},{"data":"Perfected Strike","floor":41,"key":"SMITH"},{"data":"Clothesline","floor":49,"key":"SMITH"},{"data":"Reaper","floor":49,"key":"SMITH"}],"circlet_count":0,"master_deck":["Strike_R","Strike_R","Strike_R","Strike_R","Strike_R","Defend_R","Defend_R+1","Defend_R","Bash","EpicFetus+1","ReplayTheSpireMod:Omega Cannon+1","AT_OneInchPunch+1","Perfected Strike+1","Spot Weakness","Inflame","Combust","Perfected Strike+1","Metallicize","Twin Strike","Perfected Strike+1","Combust","Replay:Undeath\u0027s Touch","Reaper+1","Pommel Strike","Sword Boomerang","Pommel Strike","Clothesline+1","Twin Strike","Twin Strike","Iron Wave+1","Cleave","Pommel Strike+1","Cleave+1","ReplayTheSpireMod:Strike From Hell+1","Pommel Strike+1","AT_IchimonjiDouble+1","Clothesline+1","Cleave","Clothesline+1","Thunderclap+1","Twin Strike+1","Run Through+1","Thunderclap+1"],"relics":["Burning Blood","HushsDoor","AT_ATBox","testmod-TestBox","REME_ComplimentaryCards","testmod-D¨¦j¨¤vu","BloodBag","NeowsBlessing","Centennial Puzzle","ReplayTheSpireMod:Ring of Exchange","Ring of Hypnosis","conspire:DeflatedDodgeball","Replay:Arrowhead","Prayer Wheel","reliquary:Knoch","testmod-DreamHouse","Happy Flower","Lantern","Membership Card","Onion Ring","Frozen Eye","King of Hearts","reliquary:PartyBalloon","Toy Ornithopter","Replay:Baseball","Juzu Bracelet","Dota2Spire:AssaultCuirass","conspire:RoyalGoblet","Replay:Mystery Machine","YumHeart","ReplayTheSpireMod:Spearhead","Dota2Spire:ShadowBlade","BookofShadows"],"acts_visited":["Exordium","TheCity","TheBeyond"],"potions_floor_usage":[13,18,20,25,31,38,40,45,48,50],"damage_taken":[{"damage":0.0,"enemies":"2 Louse","floor":1.0,"turns":1.0},{"damage":0.0,"enemies":"Small Slimes","floor":2.0,"turns":1.0},{"damage":0.0,"enemies":"Jaw Worm","floor":4.0,"turns":1.0},{"damage":8.0,"enemies":"Blue Slaver","floor":5.0,"turns":2.0},{"damage":0.0,"enemies":"3 Sentries","floor":6.0,"turns":2.0},{"damage":0.0,"enemies":"2 Fungi Beasts","floor":7.0,"turns":1.0},{"damage":19.0,"enemies":"Lagavulin","floor":10.0,"turns":3.0},{"damage":25.0,"enemies":"Lots of Slimes","floor":11.0,"turns":3.0},{"damage":12.0,"enemies":"3 Sentries","floor":12.0,"turns":3.0},{"damage":0,"enemies":"Looter","floor":13,"turns":1},{"damage":0,"enemies":"Lagavulin","floor":14,"turns":4},{"damage":43,"enemies":"The Guardian","floor":16,"turns":7},{"damage":0,"enemies":"2 Thieves","floor":18,"turns":2},{"damage":0,"enemies":"Spheric Guardian","floor":19,"turns":1},{"damage":9,"enemies":"Snecko","floor":20,"turns":3},{"damage":27,"enemies":"Snake Plant","floor":22,"turns":2},{"damage":34,"enemies":"Book of Stabbing","floor":23,"turns":4},{"damage":3,"enemies":"Centurion and Healer","floor":25,"turns":3},{"damage":21,"enemies":"Gremlin Leader","floor":29,"turns":3},{"damage":6,"enemies":"Book of Stabbing","floor":31,"turns":3},{"damage":11,"enemies":"Collector","floor":33,"turns":4},{"damage":18,"enemies":"3 Shapes","floor":35,"turns":2},{"damage":2,"enemies":"Orb Walker","floor":36,"turns":2},{"damage":14,"enemies":"4 Shapes","floor":37,"turns":3},{"damage":8,"enemies":"Jaw Worm Horde","floor":38,"turns":3},{"damage":8,"enemies":"Sphere and 2 Shapes","floor":39,"turns":3},{"damage":7,"enemies":"Nemesis","floor":40,"turns":3},{"damage":19,"enemies":"Reptomancer","floor":42,"turns":4},{"damage":0,"enemies":"R_Hoarder","floor":45,"turns":2},{"damage":0,"enemies":"Writhing Mass","floor":46,"turns":2},{"damage":55,"enemies":"Reptomancer","floor":48,"turns":4},{"damage":59,"enemies":"Replay:Hell Engine","floor":50,"turns":5}],"seed_played":"3912044220443285198","potions_obtained":[{"floor":5.0,"key":"FearPotion"},{"floor":6.0,"key":"Flashbang"},{"floor":12,"key":"BlessingOfTheForge"},{"floor":14,"key":"AttackPotion"},{"floor":19,"key":"BlessingOfTheForge"},{"floor":20,"key":"Fruit Juice"},{"floor":29,"key":"Dota2Spire:HealingSalve"},{"floor":31,"key":"SneckoOil"},{"floor":38,"key":"AttackPotion"},{"floor":39,"key":"Reflective Coating"},{"floor":42,"key":"testmod-SpacePotion"},{"floor":48,"key":"SteroidPotion"}],"is_trial":false,"path_per_floor":["M","M","?","M","M","E","M","?","T","E","M","E","M","E","R","B",null,"M","M","M","$","M","E","R","M","T","$","?","E","R","E","R_BF","B",null,"M","M","M","M","M","E","R","E","T","?","E","M","?","E","R","B"],"character_chosen":"IRONCLAD","items_purchased":["Membership Card","Onion Ring","Frozen Eye","King of Hearts","Twin Strike","reliquary:PartyBalloon","Replay:Baseball"],"campfire_rested":0,"item_purchase_floors":[21,21,21,21,21,21,27],"current_hp_per_floor":[86,87,70,76,74,80,86,86,86,73,54,48,54,60,60,23,87,87,87,89,89,74,46,46,60,60,60,60,56,56,64,64,59,92,80,84,82,90,92,91,91,81,81,81,92,92,92,48,48,0,0],"gold":630,"neow_bonus":"THREE_ENEMY_KILL","is_daily":false,"chose_seed":false,"campfire_upgraded":8,"win_rate":0.0,"timestamp":1613400547,"path_taken":["M","M","?","M","M","E","M","?","T","E","M","E","M","E","R","BOSS","M","M","M","$","M","E","R","M","T","$","?","E","R","E","R_BF","BOSS","M","M","M","M","M","E","R","E","T","?","E","M","?","E","R","BOSS"],"items_purchased_type":["Relic","Relic","Relic","Relic","Card","Relic","Relic"],"build_version":"2020-12-22","purchased_purges":0,"victory":false,"max_hp_per_floor":[87,87,87,87,87,87,87,87,87,87,87,87,87,87,87,87,87,87,87,92,92,92,92,92,92,92,92,92,92,92,92,92,92,92,92,92,92,92,92,92,92,92,92,92,92,92,92,92,92,92,92],"relic_stats":{"Centennial Puzzle":[66],"Happy Flower":[19],"counters":[32,87],"Prayer Wheel":12,"Juzu Bracelet":0,"obtain_stats":[{"ReplayTheSpireMod:Ring of Exchange":8,"Lantern":17,"AT_ATBox":0,"conspire:RoyalGoblet":34,"reliquary:PartyBalloon":21,"King of Hearts":21,"Dota2Spire:ShadowBlade":45,"Juzu Bracelet":29,"Replay:Mystery Machine":40,"Burning Blood":0,"Frozen Eye":21,"Centennial Puzzle":6,"Prayer Wheel":12,"testmod-DreamHouse":17,"testmod-D¨¦j¨¤vu":0,"Dota2Spire:AssaultCuirass":31,"KeepersGift":0,"BookofShadows":48,"testmod-TestBox":0,"NeowsBlessing":0,"Ring of Hypnosis":8,"Happy Flower":17,"BloodBag":0,"Replay:Arrowhead":10,"Replay:Baseball":27,"YumHeart":42,"ReplayTheSpireMod:Spearhead":43,"Onion Ring":21,"reliquary:Knoch":14,"Membership Card":21,"conspire:DeflatedDodgeball":9,"HushsDoor":0,"Toy Ornithopter":23,"REME_ComplimentaryCards":0,"BloodDonationMachine":0},{"ReplayTheSpireMod:Ring of Exchange":6,"Lantern":12,"AT_ATBox":0,"conspire:RoyalGoblet":21,"reliquary:PartyBalloon":15,"King of Hearts":15,"Dota2Spire:ShadowBlade":29,"Juzu Bracelet":19,"Replay:Mystery Machine":27,"Burning Blood":0,"Frozen Eye":15,"Centennial Puzzle":5,"Prayer Wheel":9,"testmod-DreamHouse":12,"testmod-D¨¦j¨¤vu":0,"Dota2Spire:AssaultCuirass":20,"KeepersGift":0,"BookofShadows":31,"testmod-TestBox":0,"NeowsBlessing":0,"Ring of Hypnosis":6,"Happy Flower":12,"BloodBag":0,"Replay:Arrowhead":7,"Replay:Baseball":18,"YumHeart":28,"ReplayTheSpireMod:Spearhead":28,"Onion Ring":15,"reliquary:Knoch":11,"Membership Card":15,"conspire:DeflatedDodgeball":6,"HushsDoor":0,"Toy Ornithopter":17,"REME_ComplimentaryCards":0,"BloodDonationMachine":0},{"ReplayTheSpireMod:Ring of Exchange":8,"Lantern":29,"AT_ATBox":0,"conspire:RoyalGoblet":54,"reliquary:PartyBalloon":35,"King of Hearts":35,"Dota2Spire:ShadowBlade":76,"Juzu Bracelet":47,"Replay:Mystery Machine":70,"Burning Blood":0,"Frozen Eye":35,"Centennial Puzzle":7,"Prayer Wheel":17,"testmod-DreamHouse":29,"testmod-D¨¦j¨¤vu":0,"Dota2Spire:AssaultCuirass":50,"KeepersGift":0,"BookofShadows":82,"testmod-TestBox":0,"NeowsBlessing":0,"Ring of Hypnosis":8,"Happy Flower":29,"BloodBag":0,"Replay:Arrowhead":11,"Replay:Baseball":44,"YumHeart":74,"ReplayTheSpireMod:Spearhead":74,"Onion Ring":35,"reliquary:Knoch":22,"Membership Card":35,"conspire:DeflatedDodgeball":8,"HushsDoor":0,"Toy Ornithopter":41,"REME_ComplimentaryCards":0,"BloodDonationMachine":0}],"Burning Blood":161,"Toy Ornithopter":0},"card_choices":[{"not_picked":[],"picked":"EpicFetus","floor":0.0},{"not_picked":["True Grit","Clash"],"picked":"Perfected Strike","floor":1.0},{"not_picked":["Evolve","Wild Strike"],"picked":"Spot Weakness","floor":2.0},{"not_picked":["Second Wind","Corruption"],"picked":"Inflame","floor":4.0},{"not_picked":["True Grit","Flame Barrier"],"picked":"Combust","floor":5.0},{"not_picked":["Whirlwind","Armaments"],"picked":"Perfected Strike","floor":6.0},{"not_picked":["AT_IchimonjiDouble","Replay:Undeath\u0027s Touch"],"picked":"Metallicize","floor":7.0},{"not_picked":["Shrug It Off","Warcry","Massacre"],"picked":"SKIP","floor":10.0},{"not_picked":["Reckless Charge","Ghostly Armor","Flex"],"picked":"SKIP","floor":11.0},{"not_picked":["Sword Boomerang","Replay:Undeath\u0027s Touch"],"picked":"Twin Strike","floor":12},{"not_picked":["REME_FearOfPain","Combust"],"picked":"Perfected Strike","floor":13},{"not_picked":["ReplayTheSpireMod:Strike From Hell","Flex"],"picked":"Combust","floor":13},{"not_picked":["Iron Wave","Anger"],"picked":"Replay:Undeath\u0027s Touch","floor":14},{"not_picked":["Replay:Many Hands","Impervious"],"picked":"Reaper","floor":16},{"not_picked":["Anger","True Grit"],"picked":"Pommel Strike","floor":18},{"not_picked":["Shrug It Off","Twin Strike"],"picked":"Sword Boomerang","floor":18},{"not_picked":["Iron Wave","Clash"],"picked":"ReplayTheSpireMod:LeadingStrike+1","floor":19},{"not_picked":["Shrug It Off","AT_BodySlamDance"],"picked":"REME_ACTH","floor":19},{"not_picked":["Anger","Flex"],"picked":"Pommel Strike","floor":20},{"not_picked":["Anger","ReplayTheSpireMod:LeadingStrike"],"picked":"Clothesline","floor":20},{"not_picked":["Replay:Undeath\u0027s Touch+1","Perfected Strike"],"picked":"Iron Wave+1","floor":22},{"not_picked":["Dropkick","AT_IchimonjiDouble"],"picked":"Immolate","floor":22},{"not_picked":["AT_IchimonjiDouble","ReplayTheSpireMod:Strike From Hell"],"picked":"Cleave","floor":23},{"not_picked":["Disarm+1","Shockwave"],"picked":"Pommel Strike+1","floor":25},{"not_picked":["Life Link","AT_ShrugMaster"],"picked":"Cleave+1","floor":25},{"not_picked":["Shrug It Off","Immolate"],"picked":"Demonic Infusion","floor":29},{"not_picked":["Armaments","Headbutt"],"picked":"ReplayTheSpireMod:Strike From Hell+1","floor":31},{"not_picked":["Replay:Many Hands","Juggernaut"],"picked":"conspire:HitWhereItHurts","floor":33},{"not_picked":["AT_BodySlamDance","Clash+1"],"picked":"Pommel Strike+1","floor":35},{"not_picked":["Rage+1","Clothesline"],"picked":"AT_IchimonjiDouble+1","floor":35},{"not_picked":["Thunderclap","Armaments"],"picked":"AT_ShrugMaster+1","floor":36},{"not_picked":["Reckless Charge","AT_BodySlamDance+1"],"picked":"REME_SingleHolding+1","floor":36},{"not_picked":["Havoc+1","Dropkick"],"picked":"conspire:HitWhereItHurts","floor":37},{"not_picked":["Headbutt+1","Wild Strike+1"],"picked":"Clothesline+1","floor":37},{"not_picked":["Wild Strike","Warcry"],"picked":"Cleave","floor":38},{"not_picked":["Entrench","True Grit","Flex"],"picked":"SKIP","floor":38},{"not_picked":["Perfected Strike","Feed"],"picked":"Clothesline+1","floor":39},{"not_picked":["REME_FearOfPain+1","Shockwave+1"],"picked":"Thunderclap","floor":39},{"not_picked":["REME_SingleHolding","AT_BodySlamDance"],"picked":"Dropkick","floor":40},{"not_picked":["Replay:Undeath\u0027s Touch","Armaments+1"],"picked":"Twin Strike+1","floor":42},{"not_picked":["REME_FearOfPain+1","Burning Pact","Feel No Pain"],"picked":"SKIP","floor":45},{"not_picked":["Body Slam+1","conspire:ExplosiveBarrier"],"picked":"Whirlwind","floor":46},{"not_picked":["Rage+1","AT_IchimonjiDouble"],"picked":"Run Through+1","floor":46},{"not_picked":["Rage+1","Seeing Red"],"picked":"Thunderclap+1","floor":48}],"player_experience":193616,"relics_obtained":[{"floor":6.0,"key":"Centennial Puzzle"},{"floor":8.0,"key":"ReplayTheSpireMod:Ring of Exchange"},{"floor":8.0,"key":"Ring of Hypnosis"},{"floor":9.0,"key":"conspire:DeflatedDodgeball"},{"floor":10.0,"key":"Replay:Arrowhead"},{"floor":12,"key":"Prayer Wheel"},{"floor":14,"key":"reliquary:Knoch"},{"floor":23,"key":"Toy Ornithopter"},{"floor":29,"key":"Juzu Bracelet"},{"floor":31,"key":"Dota2Spire:AssaultCuirass"},{"floor":40,"key":"Replay:Mystery Machine"},{"floor":42,"key":"YumHeart"},{"floor":43,"key":"ReplayTheSpireMod:Spearhead"},{"floor":45,"key":"Dota2Spire:ShadowBlade"},{"floor":48,"key":"BookofShadows"}],"event_choices":[{"damage_healed":0.0,"max_hp_gain":0.0,"max_hp_loss":0.0,"gold_gain":0.0,"event_name":"Shining Light","player_choice":"Entered Light","floor":3.0,"gold_loss":0.0,"damage_taken":17.0,"cards_upgraded":["Defend_R","EpicFetus"]},{"damage_healed":0,"gold_gain":100,"player_choice":"Bet on Murderer","damage_taken":0,"max_hp_gain":0,"max_hp_loss":0,"event_name":"The Joust","floor":32,"gold_loss":50},{"damage_healed":0,"gold_gain":0,"player_choice":"Leave","damage_taken":0,"max_hp_gain":0,"max_hp_loss":0,"event_name":"conspire:Investor","floor":44,"gold_loss":0},{"damage_healed":0,"gold_gain":0,"cards_transformed":["Defend_R"],"player_choice":"Transformed","damage_taken":0,"max_hp_gain":0,"max_hp_loss":0,"event_name":"Transmorgrifier","floor":47,"gold_loss":0,"cards_obtained":["Seeing Red"]}],"is_beta":false,"boss_relics":[{"not_picked":["Abe\u0027s Treasure","ChewingGum"],"picked":"testmod-DreamHouse"},{"not_picked":[]},{"not_picked":["testmod-Fanaticism","Busted Crown"],"picked":"conspire:RoyalGoblet"},{"not_picked":[]}],"items_purged_floors":[],"is_endless":false,"potions_floor_spawned":[5,6,12,14,16,19,20,29,31,38,39,42,48],"killed_by":"Replay:Hell Engine","ascension_level":4}}