{"host":"uhhucka17mqeuzwb","time":1613359778,"event":{"mods":["2.2 Compatiblity","AchievementEnabler","Act Like it!","Astrologer","BaseMod","Better Altar","Better Skull","Colored Powertips","Defuse TimeMaze Blight","Downfall","Energized Spire","Faster Ascension Climbing","Friendly Minions","Gensokyo","GifTheSpireLib","Gremlin Mod","Gremlin Skip","Hallownest","Hermit","HololiveMod","KinomotoSakuraMod(????)","Lobotomy","Marisa????????","Minty Spire (QoL Compilation)","Quick Restart","Red Circlet Mod","Replay The Spire","Reworked Bosses","Shade Mod","Shop Mod","StSLib","The Animator","The Blue Laboratory","The Bug Knight","The Cursed","Waifu the Spire"],"gold_per_floor":[81,112,122,47,47,47,60,60,33,33,33,0,12,53,77,89,101,411,423,449,478,509,213,213,213,242,262,308,308,308,308,308,328,328,428,428,442,452,256,256,256],"floor_reached":40,"language":"ENG","playtime":3612,"items_purged":["FairyFestival","Hololive_CallHoushouMarine","FieryBird"],"score":562,"play_id":"827768c5-769b-406b-96a1-72e5a0eb194d","local_time":"20210214222938","is_ascension_mode":false,"campfire_choices":[{"data":"Hololive_CallShiroganeNoel","floor":8,"key":"SMITH"},{"data":"Hololive_CallUruhaRushia","floor":13,"key":"SMITH"},{"data":"Hololive_StrengthChampion","floor":17,"key":"SMITH"},{"data":"Hololive_Rebirth","floor":25,"key":"SMITH"},{"data":"Hololive_StrengthChampion+1","floor":25,"key":"SMITH"},{"data":"Hololive_StrengthChampion+2","floor":29,"key":"SMITH"},{"data":"Hololive_StrengthChampion+3","floor":29,"key":"SMITH"},{"data":"Hololive_StrengthChampion+4","floor":32,"key":"SMITH"},{"data":"Hololive_StrengthChampion+5","floor":32,"key":"SMITH"},{"data":"Hololive_StrengthChampion+6","floor":34,"key":"SMITH"},{"data":"Hololive_StrengthChampion+7","floor":34,"key":"SMITH"}],"circlet_count":0,"master_deck":["Hololive_CallShiroganeNoel+1","Hololive_CallUruhaRushia+1","Hololive_CallShiranuiFlare","Hololive_CallUsadaPekora","Hololive_StrengthChampion+8","Hololive_Strike+1","Hololive_Strike","Hololive_Defend+1","Hololive_Defend+1","BlackSwan","UniverseFragment","OSAHOGD","Hololive_FlyingPonyTail","Hololive_Rebirth+1","Bloodbath","Hololive_CandyCastle+1","Hololive_FlyingPonyTail+1","Hololive_CallYozoraMel","Hololive_MaximGun+1","Hololive_Rebirth+1","Hololive_FlyingPonyTail+1","Hololive_ILoveYou+1","Hololive_DDD+1"],"relics":["Hololive_TheStar","CogitoBucket","Juzu Bracelet","Kunai","Blood Vial","Singing Bowl","ResearcherNote","Gensokyo:PortableGap","Philosopher\u0027s Stone","Membership Card","MerchantsRug","Replay:Arrowhead","Golden Egg","Regal Pillow","Quantum Egg","Gensokyo:SongOfSouls","Black Star","ReplayFunnel"],"acts_visited":["Gensokyo:Gensokyo","Gensokyo:Gensokyoer","Gensokyo:Gensokyoest"],"potions_floor_usage":[],"damage_taken":[{"damage":0,"enemies":"Gensokyo:2_Kodama","floor":1,"turns":4},{"damage":0,"enemies":"Gensokyo:Mamizou","floor":2,"turns":5},{"damage":0,"enemies":"Gensokyo:3_Fairies","floor":3,"turns":6},{"damage":0,"enemies":"Gensokyo:Python","floor":7,"turns":3},{"damage":0,"enemies":"Gensokyo:Aya","floor":14,"turns":5},{"damage":0,"enemies":"Gensokyo:Gryphon_and_Rabbit","floor":15,"turns":2},{"damage":0,"enemies":"Gensokyo:Kokoro","floor":18,"turns":5},{"damage":0,"enemies":"Gensokyo:CosmicMonolith","floor":20,"turns":4},{"damage":0,"enemies":"Gensokyo:3_Dogs","floor":21,"turns":4},{"damage":0,"enemies":"Gensokyo:3_Gloops","floor":22,"turns":5},{"damage":13,"enemies":"Gensokyo:Koishi","floor":26,"turns":6},{"damage":0,"enemies":"Gensokyo:Chomper_and_Gloop","floor":27,"turns":4},{"damage":0,"enemies":"Gensokyo:Slime_Group","floor":33,"turns":5},{"damage":0,"enemies":"Gensokyo:Kaguya","floor":35,"turns":7},{"damage":0,"enemies":"Gensokyo:AncientGuardian","floor":37,"turns":4},{"damage":0,"enemies":"Gensokyo:3_Bats","floor":38,"turns":3},{"damage":82,"enemies":"Gensokyo:SeedOfUnknown","floor":40,"turns":4}],"seed_played":"1541560566833358639","potions_obtained":[{"floor":1,"key":"ColorlessPotion"},{"floor":3,"key":"blueLaboratory:HorrorPotion"},{"floor":18,"key":"SneckoOil"},{"floor":26,"key":"Energy Potion"},{"floor":37,"key":"Cursed Concoction"}],"is_trial":false,"path_per_floor":["M","?","M","$","PTL","PTL","M","R","COS","?","T","?","R","E","M","?","R","B",null,"M","M","M","$","?","R","E","M","T","R","T","?","R","M","R","B",null,"M","M","$","M"],"character_chosen":"Hololive_HololiveCharacter","items_purchased":["Membership Card","MerchantsRug","Replay:Arrowhead","Hololive_ILoveYou+1","Hololive_DDD","ReplayFunnel"],"campfire_rested":0,"item_purchase_floors":[23,23,23,39,39,39],"current_hp_per_floor":[35,35,35,35,35,35,35,35,35,3,3,25,25,29,35,35,35,36,36,36,38,40,40,40,40,27,32,32,32,32,32,32,36,36,40,40,40,42,42,0,0],"gold":256,"neow_bonus":"","is_daily":false,"chose_seed":false,"campfire_upgraded":11,"win_rate":0.0,"timestamp":1613359778,"path_taken":["M","?","M","$","PTL","PTL","M","R","COS","?","T","?","R","E","M","?","R","BOSS","M","M","M","$","?","R","E","M","T","R","?","?","R","M","R","BOSS","M","M","$","M"],"items_purchased_type":["Relic","Relic","Relic","Card","Card","Relic"],"build_version":"2020-12-22","purchased_purges":3,"victory":false,"max_hp_per_floor":[35,35,35,35,35,35,35,35,35,35,35,35,35,37,39,36,36,36,36,36,38,40,40,40,40,40,40,40,40,40,40,40,40,40,40,40,40,42,42,42,42],"card_choices":[{"not_picked":["BeautyBeast","VoidDream","Wellcheers"],"picked":"Singing Bowl","floor":1},{"not_picked":["WhitesApple","MeatLantern"],"picked":"FairyFestival","floor":1},{"not_picked":["Hololive_Rebound","Hololive_CallHimemoriLuna","Hololive_RevenueBasedLive","Hololive_CallYukihanaLamy"],"picked":"SKIP","floor":1},{"not_picked":["Wellcheers","CherryBlossoms","VoidDream"],"picked":"Singing Bowl","floor":2},{"not_picked":["WhitesApple","Scorched"],"picked":"BlackSwan","floor":2},{"not_picked":["Hololive_FlyingPonyTail","Hololive_CallSpadeEcho","Hololive_CocoNews","Hololive_OvertimeWork"],"picked":"SKIP","floor":2},{"not_picked":["OldLady","MHz"],"picked":"UniverseFragment","floor":3},{"not_picked":["Hololive_CallAyundaRisu","Hololive_CallOzoraSubaru","Hololive_HuntDinosaur","Hololive_CocoNews"],"picked":"SKIP","floor":3},{"not_picked":["CherryBlossoms","BigBadWolf"],"picked":"OSAHOGD","floor":7},{"not_picked":["Hololive_DevilCharm","Hololive_CallHimemoriLuna","Hololive_Rebound"],"picked":"Hololive_FlyingPonyTail","floor":7},{"not_picked":["CherryBlossoms","MHz","WallGazer"],"picked":"Singing Bowl","floor":14},{"not_picked":["Hololive_Sequa","Hololive_CocoNews","Hololive_StrengthChampion","Hololive_OvertimeWork"],"picked":"Singing Bowl","floor":14},{"not_picked":["LaLuna","Murderer","MeatLantern"],"picked":"Singing Bowl","floor":15},{"not_picked":["Hololive_StarCraft","Hololive_CallTokinoSora","Hololive_HuntDinosaur","Hololive_CallHimemoriLuna"],"picked":"Singing Bowl","floor":15},{"not_picked":["ShyLook","HeroicMonk","LittleHelper"],"picked":"Singing Bowl","floor":18},{"not_picked":["Hololive_DiamondStrike","Hololive_AWSL","Hololive_FlareMind"],"picked":"Hololive_Rebirth","floor":18},{"not_picked":["Alriune","Murderer"],"picked":"Bloodbath","floor":20},{"not_picked":["Hololive_Breathe","Hololive_StrengthChampion+1","Hololive_CallTokoyamiTowa"],"picked":"Hololive_CandyCastle+1","floor":20},{"not_picked":["NakedNest","BigBadWolf","WallGazer"],"picked":"Singing Bowl","floor":21},{"not_picked":["Hololive_Sequa","Hololive_CallKiryuuCoco+1","Hololive_CallYukihanaLamy","Hololive_LuckPotion+1"],"picked":"Singing Bowl","floor":21},{"not_picked":["LaLuna","Wellcheers","HappyTeddy"],"picked":"Singing Bowl","floor":22},{"not_picked":["Hololive_Trident","Hololive_CallRoboco","Hololive_CocoNews","Hololive_FlareMind"],"picked":"Singing Bowl","floor":22},{"not_picked":["Laetitia","SpiderBud","Mercenary"],"picked":"Singing Bowl","floor":26},{"not_picked":["Hololive_Teleport","Hololive_OvertimeWork","Hololive_CallAZKi"],"picked":"Hololive_FlyingPonyTail+1","floor":26},{"not_picked":["MeltingLove","CrumblingArmor","PunishingBird"],"picked":"Singing Bowl","floor":27},{"not_picked":["Hololive_CallUruhaRushia","Hololive_Sequa","Hololive_Rebound"],"picked":"Hololive_CallYozoraMel","floor":27},{"not_picked":["VoidDream","SnowQueen","PunishingBird"],"picked":"Singing Bowl","floor":33},{"not_picked":["Hololive_CocoNews","Hololive_CallUruhaRushia","Hololive_Psychosis+1"],"picked":"Hololive_MaximGun","floor":33},{"not_picked":["Funeral","MeatLantern"],"picked":"FieryBird","floor":35},{"not_picked":["Hololive_FlareMind","Hololive_AWSL","Hololive_Recruit"],"picked":"Hololive_Rebirth","floor":35},{"not_picked":["MeltingLove","BigBadWolf","LongBird"],"picked":"Singing Bowl","floor":37},{"not_picked":["Hololive_CallDoris+1","Hololive_Trident+1","Hololive_CallUsadaPekora+1"],"picked":"Hololive_FlyingPonyTail+1","floor":37},{"not_picked":["LittlePrince","Woodsman","NakedNest"],"picked":"Singing Bowl","floor":38},{"not_picked":["Hololive_Drill","Hololive_CallShiranuiFlare+1","Hololive_LuckPotion","Hololive_CallShirakamiFubuki+1"],"picked":"Singing Bowl","floor":38}],"player_experience":1091517,"relics_obtained":[{"floor":2,"key":"Kunai"},{"floor":11,"key":"MawBank"},{"floor":14,"key":"Singing Bowl"},{"floor":26,"key":"Golden Egg"},{"floor":28,"key":"Regal Pillow"},{"floor":30,"key":"Quantum Egg"}],"event_choices":[{"damage_healed":0,"gold_gain":0,"player_choice":"UP UP UP RE ","damage_taken":40,"relics_obtained":["Blood Vial"],"max_hp_gain":0,"max_hp_loss":0,"event_name":"betterSkull:BetterSkull","floor":10,"gold_loss":0,"cards_upgraded":["Hololive_Defend","Hololive_Defend","Hololive_Strike"]}],"is_beta":false,"boss_relics":[{"not_picked":["Snecko Eye","Ring of Chaos"],"picked":"Philosopher\u0027s Stone"},{"not_picked":["Replay:Bronze Core","energizedSpire:DeadBattery"],"picked":"Black Star"}],"items_purged_floors":[4,23,39],"is_endless":false,"potions_floor_spawned":[1,3,18,22,26,37],"killed_by":"Gensokyo:SeedOfUnknown","ascension_level":0}}