{"host":"0mhttqdumuceah7q","time":1613396678,"event":{"mods":["AchievementEnabler","BaseMod","Colored Map","DeckTracker","Minty Spire (QoL Compilation)","Permanent Neow"],"gold_per_floor":[112,112,182,198,228,254,254,289,289,289,314,22,72,107,107,212,212,229,279,296,346,362,362,362],"floor_reached":23,"language":"KOR","playtime":1146,"items_purged":[],"score":228,"play_id":"12acd758-abbc-48af-b5b4-dacb47918845","local_time":"20210215224437","is_ascension_mode":true,"campfire_choices":[{"data":"Sweeping Beam","floor":7,"key":"SMITH"},{"data":"Go for the Eyes","floor":10,"key":"SMITH"},{"data":"Reboot","floor":15,"key":"SMITH"}],"circlet_count":0,"master_deck":["Strike_B","Defend_B","Defend_B","Defend_B","Defend_B","Zap","Dualcast+1","Chill","Self Repair","FTL","Redo+1","Sweeping Beam+1","Go for the Eyes+1","Beam Cell","Heatsinks+1","Storm+1","Ball Lightning","Stack","Reboot+1","Echo Form+1","Hologram","Genetic Algorithm","Cold Snap"],"relics":["Cracked Core","SsserpentHead","Pear","Frozen Egg 2","Eternal Feather","Art of War","Matryoshka","War Paint","Velvet Choker"],"acts_visited":["Exordium","TheCity"],"potions_floor_usage":[6,8,11,16,22,23],"damage_taken":[{"damage":0,"enemies":"Small Slimes","floor":1,"turns":4},{"damage":4,"enemies":"Cultist","floor":3,"turns":3},{"damage":0,"enemies":"Jaw Worm","floor":4,"turns":4},{"damage":22,"enemies":"Lagavulin","floor":6,"turns":6},{"damage":20,"enemies":"Gremlin Nob","floor":8,"turns":4},{"damage":17,"enemies":"Lagavulin","floor":11,"turns":7},{"damage":27,"enemies":"Gremlin Nob","floor":14,"turns":4},{"damage":7,"enemies":"Slime Boss","floor":16,"turns":6},{"damage":31,"enemies":"2 Thieves","floor":18,"turns":4},{"damage":9,"enemies":"Shell Parasite","floor":20,"turns":4},{"damage":10,"enemies":"Snecko","floor":22,"turns":5},{"damage":51,"enemies":"Gremlin Leader","floor":23,"turns":5}],"seed_played":"486917714308995542","potions_obtained":[{"floor":1,"key":"SpeedPotion"},{"floor":4,"key":"Fire Potion"},{"floor":5,"key":"FearPotion"},{"floor":14,"key":"Fire Potion"},{"floor":16,"key":"Weak Potion"},{"floor":18,"key":"FocusPotion"}],"is_trial":false,"path_per_floor":["M","?","M","M","?","E","R","E","T","R","E","$","?","E","R","B",null,"M","?","M","?","M","E"],"character_chosen":"DEFECT","items_purchased":["Storm+1","Ball Lightning","Matryoshka"],"campfire_rested":0,"item_purchase_floors":[12,12,12],"current_hp_per_floor":[68,68,68,68,68,63,63,50,50,59,49,49,49,29,38,38,78,54,39,37,37,41,0,0],"gold":362,"neow_bonus":"TRANSFORM_TWO_CARDS","is_daily":false,"chose_seed":false,"campfire_upgraded":3,"win_rate":0.0,"timestamp":1613396677,"path_taken":["M","?","?","M","?","E","R","E","T","R","E","?","?","E","R","BOSS","M","?","M","?","M","E"],"items_purchased_type":["Card","Card","Relic"],"build_version":"2020-12-22","purchased_purges":0,"victory":false,"max_hp_per_floor":[68,68,68,68,68,78,78,78,78,78,78,78,78,78,78,78,78,78,83,83,83,83,83,83],"card_choices":[{"not_picked":["Force Field","Fusion"],"picked":"FTL","floor":1},{"not_picked":["Go for the Eyes","Consume"],"picked":"Redo","floor":3},{"not_picked":["Streamline","Storm"],"picked":"Sweeping Beam","floor":4},{"not_picked":["Aggregate","Hologram"],"picked":"Go for the Eyes","floor":6},{"not_picked":["Stack","Cold Snap"],"picked":"Beam Cell","floor":8},{"not_picked":["Rebound","Beam Cell"],"picked":"Heatsinks+1","floor":11},{"not_picked":["Reinforced Body","Multi-Cast"],"picked":"Reboot","floor":14},{"not_picked":["Rainbow","Multi-Cast"],"picked":"Echo Form+1","floor":16},{"not_picked":["Doom and Gloom","Ball Lightning"],"picked":"Hologram","floor":18},{"not_picked":["Rebound","Steam Power"],"picked":"Genetic Algorithm","floor":20},{"not_picked":["Tempest","Barrage"],"picked":"Cold Snap","floor":22}],"player_experience":98162,"relics_obtained":[{"floor":6,"key":"Pear"},{"floor":8,"key":"Frozen Egg 2"},{"floor":9,"key":"Eternal Feather"},{"floor":11,"key":"Art of War"},{"floor":14,"key":"War Paint"}],"event_choices":[{"damage_healed":0,"gold_gain":0,"player_choice":"Trade","damage_taken":0,"relics_obtained":["SsserpentHead"],"max_hp_gain":0,"max_hp_loss":0,"event_name":"FaceTrader","floor":2,"gold_loss":0},{"damage_healed":0,"gold_gain":0,"player_choice":"Bought 1 Potion","damage_taken":0,"max_hp_gain":0,"max_hp_loss":0,"event_name":"The Woman in Blue","floor":5,"gold_loss":0},{"damage_healed":0,"gold_gain":0,"cards_transformed":["Strike_B"],"player_choice":"Change","damage_taken":0,"max_hp_gain":0,"max_hp_loss":0,"event_name":"Living Wall","floor":13,"gold_loss":0,"cards_obtained":["Stack"]},{"damage_healed":0,"gold_gain":0,"player_choice":"Shed Blood","damage_taken":20,"max_hp_gain":5,"max_hp_loss":0,"event_name":"Forgotten Altar","floor":19,"gold_loss":0},{"damage_healed":0,"gold_gain":0,"player_choice":"Ignored","damage_taken":0,"max_hp_gain":0,"max_hp_loss":0,"event_name":"Vampires","floor":21,"gold_loss":0}],"is_beta":false,"boss_relics":[{"not_picked":["Snecko Eye","Busted Crown"],"picked":"Velvet Choker"}],"items_purged_floors":[],"is_endless":false,"potions_floor_spawned":[1,4,14,16,18],"killed_by":"Gremlin Leader","ascension_level":1}}