{"host":"Jinnai","time":1613363737,"event":{"mods":["BaseMod","Block Reminder","Colored Map","Colored Powertips","Curses Come First","Highlight Path","Minty Spire (QoL Compilation)","Permanent Neow","Potion Indicator Mod","Quick Restart","Relic Stats","StSLib","ojb\u0027s Info Mod"],"gold_per_floor":[112,131,145,160,15,44,62,62,62,141,141,173,188,151,151,225,225,263,301,351,351,351],"floor_reached":21,"language":"ENG","playtime":10597,"items_purged":[],"score":382,"play_id":"5b19ac4c-aa42-409d-97d3-e6cf55350287","local_time":"20210214233537","is_ascension_mode":true,"campfire_choices":[{"floor":8,"key":"REST"},{"floor":15,"key":"REST"}],"circlet_count":0,"master_deck":["AscendersBane","Strike_P","Strike_P","Strike_P","Strike_P","Defend_P","Defend_P","Defend_P","Defend_P","Eruption","Vigilance","Fasting2","FearNoEvil","SandsOfTime","SandsOfTime","Finesse","Nirvana","Tantrum","Evaluate","Consecrate","FlurryOfBlows","Wish","FlurryOfBlows","Consecrate+1"],"relics":["PureWater","Mango","StrikeDummy","Ice Cream","NlothsMask","Yang","Fusion Hammer"],"acts_visited":["Exordium","TheCity"],"potions_floor_usage":[2,16,16,21],"damage_taken":[{"damage":10,"enemies":"Small Slimes","floor":1,"turns":5},{"damage":0,"enemies":"2 Louse","floor":2,"turns":3},{"damage":0,"enemies":"Cultist","floor":3,"turns":3},{"damage":12,"enemies":"Large Slime","floor":4,"turns":5},{"damage":33,"enemies":"3 Sentries","floor":6,"turns":8},{"damage":19,"enemies":"Exordium Wildlife","floor":7,"turns":5},{"damage":9,"enemies":"Lagavulin","floor":12,"turns":5},{"damage":10,"enemies":"3 Louse","floor":13,"turns":3},{"damage":15,"enemies":"The Guardian","floor":16,"turns":8},{"damage":25,"enemies":"Shell Parasite","floor":18,"turns":6},{"damage":32,"enemies":"3 Byrds","floor":19,"turns":6},{"damage":4,"enemies":"Snake Plant","floor":21,"turns":2}],"seed_played":"-3586541455987532478","potions_obtained":[{"floor":1,"key":"Energy Potion"},{"floor":6,"key":"SpeedPotion"},{"floor":7,"key":"ColorlessPotion"},{"floor":12,"key":"Block Potion"},{"floor":19,"key":"Strength Potion"}],"is_trial":false,"path_per_floor":["M","M","M","M","$","E","M","R","T","?","?","E","M","?","R","B",null,"M","M","?","M"],"character_chosen":"WATCHER","items_purchased":["Finesse","Nirvana"],"campfire_rested":2,"item_purchase_floors":[5,5],"current_hp_per_floor":[65,65,65,53,53,20,1,23,23,23,23,14,4,4,26,11,60,35,3,3,0,0],"gold":351,"neow_bonus":"ONE_RARE_RELIC","is_daily":false,"chose_seed":false,"campfire_upgraded":0,"win_rate":0.0,"timestamp":1613363737,"path_taken":["M","M","M","M","$","E","M","R","T","?","?","E","?","?","R","BOSS","M","M","?","M"],"items_purchased_type":["Card","Card"],"build_version":"2020-12-18","purchased_purges":0,"victory":false,"max_hp_per_floor":[76,76,76,76,76,76,76,76,76,76,76,76,76,76,76,76,76,76,76,76,76,76],"relic_stats":{"counters":[12,59],"Yang":[53],"obtain_stats":[{"Ice Cream":9,"Mango":0,"Yang":12,"Fusion Hammer":17,"PureWater":0,"StrikeDummy":6,"NlothsMask":11},{"Ice Cream":6,"Mango":0,"Yang":7,"Fusion Hammer":9,"PureWater":0,"StrikeDummy":5,"NlothsMask":6},{"Ice Cream":29,"Mango":0,"Yang":34,"Fusion Hammer":45,"PureWater":0,"StrikeDummy":24,"NlothsMask":29}]},"card_choices":[{"not_picked":["SashWhip","Pray"],"picked":"Fasting2","floor":1},{"not_picked":["Protect","EmptyFist"],"picked":"FearNoEvil","floor":2},{"not_picked":["MasterReality","EmptyMind"],"picked":"SandsOfTime","floor":3},{"not_picked":["Crescendo","Fasting2"],"picked":"SandsOfTime","floor":4},{"not_picked":["Prostrate","BowlingBash"],"picked":"Tantrum","floor":6},{"not_picked":["BowlingBash","ConjureBlade"],"picked":"Evaluate","floor":7},{"not_picked":["Worship","Nirvana"],"picked":"Consecrate","floor":12},{"not_picked":["Sanctity","WreathOfFlame"],"picked":"FlurryOfBlows","floor":13},{"not_picked":["Blasphemy","Vault"],"picked":"Wish","floor":16},{"not_picked":["ClearTheMind","FlyingSleeves+1"],"picked":"FlurryOfBlows","floor":18},{"not_picked":["Protect","Crescendo"],"picked":"Consecrate+1","floor":19}],"player_experience":1727682,"relics_obtained":[{"floor":6,"key":"StrikeDummy"},{"floor":9,"key":"Ice Cream"},{"floor":12,"key":"Yang"}],"event_choices":[{"damage_healed":0,"gold_gain":79,"player_choice":"Gained Gold","damage_taken":0,"max_hp_gain":0,"max_hp_loss":0,"event_name":"Golden Wing","floor":10,"gold_loss":0},{"damage_healed":0,"gold_gain":0,"player_choice":"Trade","damage_taken":0,"relics_obtained":["NlothsMask"],"max_hp_gain":0,"max_hp_loss":0,"event_name":"FaceTrader","floor":11,"gold_loss":0},{"damage_healed":0,"gold_gain":0,"player_choice":"Left Gold","damage_taken":0,"max_hp_gain":0,"max_hp_loss":0,"event_name":"World of Goop","floor":14,"gold_loss":37},{"damage_healed":0,"gold_gain":50,"player_choice":"Stole From Cult","damage_taken":0,"max_hp_gain":0,"max_hp_loss":0,"event_name":"Nest","floor":20,"gold_loss":0}],"is_beta":true,"boss_relics":[{"not_picked":["Tiny House","Astrolabe"],"picked":"Fusion Hammer"}],"items_purged_floors":[],"is_endless":false,"potions_floor_spawned":[1,6,7,12,13,19],"killed_by":"Snake Plant","ascension_level":20}}