{"host":"alk2ftu785mujiir","time":1613404049,"event":{"mods":["BaseMod","Bossed Relics","Colored Map","Downfall","Minty Spire (QoL Compilation)","StSLib"],"gold_per_floor":[111,130,148,16,29,61,61,61,88,119,70,70,70,90,90,195,195,207,224,244,244,254,254,281,281,281,296,321,332,332,10,10,113,113,127,142,188,207,207,207,242,252,252,252,152,152,187,187,187,187],"floor_reached":51,"language":"ENG","playtime":1877,"items_purged":["Defend_B","Strike_B"],"score":815,"play_id":"2140d5ee-2e32-41fd-be8b-cdd6e15f551a","local_time":"20210215104729","is_ascension_mode":true,"campfire_choices":[{"floor":8.0,"key":"REST"},{"data":"Streamline","floor":12.0,"key":"SMITH"},{"data":"Steam","floor":15.0,"key":"SMITH"},{"floor":23.0,"key":"REST"},{"floor":25.0,"key":"REST"},{"data":"Glacier","floor":30.0,"key":"SMITH"},{"floor":32.0,"key":"REST"},{"floor":40,"key":"REST"},{"floor":44,"key":"REST"},{"data":"Buffer","floor":46,"key":"SMITH"},{"data":"Fission","floor":49,"key":"SMITH"}],"circlet_count":0,"master_deck":["Strike_B","Defend_B","Defend_B","Zap+1","Dualcast+1","Gash","Leap","Streamline+1","Trip+1","Hyperbeam","BootSequence","Steam+1","White Noise","Machine Learning","Leap","Gash+1","Beam Cell+1","Coolheaded","Reinforced Body+1","Glacier+1","Gash+1","Bandage Up","Buffer+1","Cold Snap+1","Gash+1","Go for the Eyes+1","Ball Lightning+1","Chaos+1","Undo+1","Fission+1"],"relics":["Cracked Core","NeowsBlessing","War Paint","Guardian:PocketSentry","Molten Egg 2","Philosopher\u0027s Stone","White Beast Statue","WingedGreaves","Regal Pillow","ClockworkSouvenir","Empty Cage","Emotion Chip","Blood Vial","Eternal Feather","Shuriken"],"acts_visited":["Exordium","TheCity","TheBeyond"],"potions_floor_usage":[38,41,41,47,50,50,50],"damage_taken":[{"damage":0.0,"enemies":"Cultist","floor":1.0,"turns":1.0},{"damage":0.0,"enemies":"2 Louse","floor":2.0,"turns":1.0},{"damage":0.0,"enemies":"Small Slimes","floor":3.0,"turns":1.0},{"damage":17.0,"enemies":"Gremlin Gang","floor":5.0,"turns":5.0},{"damage":26.0,"enemies":"Lagavulin","floor":6.0,"turns":5.0},{"damage":1.0,"enemies":"3 Sentries","floor":10.0,"turns":4.0},{"damage":0.0,"enemies":"2 Fungi Beasts","floor":14.0,"turns":2.0},{"damage":14.0,"enemies":"The Guardian","floor":16.0,"turns":11.0},{"damage":11.0,"enemies":"2 Thieves","floor":18.0,"turns":3.0},{"damage":2.0,"enemies":"Shell Parasite","floor":19.0,"turns":5.0},{"damage":20.0,"enemies":"Snake Plant","floor":20.0,"turns":3.0},{"damage":29.0,"enemies":"Shelled Parasite and Fungi","floor":22.0,"turns":5.0},{"damage":14.0,"enemies":"Book of Stabbing","floor":24.0,"turns":5.0},{"damage":0.0,"enemies":"Centurion and Healer","floor":27.0,"turns":3.0},{"damage":35.0,"enemies":"Slavers","floor":28.0,"turns":6.0},{"damage":0.0,"enemies":"Snake Plant","floor":29.0,"turns":3.0},{"damage":22.0,"enemies":"Collector","floor":33.0,"turns":12.0},{"damage":0.0,"enemies":"Orb Walker","floor":35.0,"turns":4.0},{"damage":12.0,"enemies":"3 Darklings","floor":36.0,"turns":4.0},{"damage":56.0,"enemies":"2 Orb Walkers","floor":37.0,"turns":7.0},{"damage":0,"enemies":"Sphere and 2 Shapes","floor":38,"turns":5},{"damage":30,"enemies":"Reptomancer","floor":41,"turns":7},{"damage":26,"enemies":"Transient","floor":42,"turns":5},{"damage":62,"enemies":"Giant Head","floor":47,"turns":11},{"damage":35,"enemies":"Donu and Deca","floor":50,"turns":12}],"seed_played":"3600468006593025831","potions_obtained":[{"floor":3.0,"key":"Weak Potion"},{"floor":5.0,"key":"SteroidPotion"},{"floor":10.0,"key":"Regen Potion"},{"floor":16.0,"key":"Fruit Juice"},{"floor":18.0,"key":"LiquidBronze"},{"floor":19.0,"key":"Explosive Potion"},{"floor":20.0,"key":"PowerPotion"},{"floor":27.0,"key":"SteroidPotion"},{"floor":28.0,"key":"SpeedPotion"},{"floor":29.0,"key":"Dexterity Potion"},{"floor":33.0,"key":"PowerPotion"},{"floor":38,"key":"GamblersBrew"},{"floor":41,"key":"PowerPotion"},{"floor":42,"key":"Swift Potion"},{"floor":47,"key":"Energy Potion"}],"is_trial":false,"path_per_floor":["M","M","M","$","M","E","?","R","T","E","?","R","?","M","R","B",null,"M","M","M","?","M","R","E","R","T","M","E","M","R","$","R","B",null,"M","M","?","M","?","R","E","M","T","R","$","R","E","?","R","B",null],"character_chosen":"DEFECT","items_purchased":["Trip","Strength Potion","ClockworkSouvenir","Bandage Up"],"campfire_rested":6,"item_purchase_floors":[4,4,31,31],"current_hp_per_floor":[75,75,75,75,58,32,32,54,54,53,53,53,53,53,53,44,80,69,67,47,47,18,42,42,66,66,66,31,31,31,31,70,52,80,80,70,18,22,22,61,35,15,15,72,72,80,22,70,70,37],"gold":187,"neow_bonus":"THREE_ENEMY_KILL","is_daily":false,"chose_seed":false,"campfire_upgraded":5,"win_rate":0.0,"timestamp":1613404049,"path_taken":["M","?","?","$","M","E","?","R","T","E","?","R","?","?","R","BOSS","M","M","?","?","M","R","E","R","T","M","E","M","R","$","R","BOSS","M","M","?","M","?","R","E","M","T","R","?","R","E","?","R","BOSS"],"items_purchased_type":["Card","Potion","Relic","Card"],"build_version":"2020-12-22","purchased_purges":2,"victory":true,"max_hp_per_floor":[75,75,75,75,75,75,75,75,75,75,75,75,75,75,75,80,80,80,80,80,80,80,80,80,80,80,80,80,80,80,80,80,80,80,80,80,80,80,80,80,80,80,80,80,80,80,80,70,70,70],"card_choices":[{"not_picked":["Turbo","Storm"],"picked":"Gash","floor":1.0},{"not_picked":["Aggregate","Sweeping Beam"],"picked":"Leap","floor":2.0},{"not_picked":["Double Energy","Rebound"],"picked":"Streamline","floor":3.0},{"not_picked":["Rip and Tear","Streamline"],"picked":"Hyperbeam","floor":5.0},{"not_picked":["Hologram","Undo"],"picked":"BootSequence","floor":6.0},{"not_picked":["Static Discharge","Redo"],"picked":"Steam","floor":10.0},{"not_picked":["Sweeping Beam+1","Leap"],"picked":"White Noise","floor":14.0},{"not_picked":["Reboot","Meteor Strike+1"],"picked":"Machine Learning","floor":16.0},{"not_picked":["Auto Shields","BootSequence"],"picked":"Leap","floor":18.0},{"not_picked":["Reprogram","Redo"],"picked":"Gash+1","floor":19.0},{"not_picked":["Turbo","Aggregate"],"picked":"Beam Cell+1","floor":20.0},{"not_picked":["Auto Shields","Streamline+1"],"picked":"Coolheaded","floor":22.0},{"not_picked":["Compile Driver+1","Machine Learning"],"picked":"Hologram","floor":24.0},{"not_picked":["Compile Driver+1","Leap"],"picked":"Reinforced Body+1","floor":27.0},{"not_picked":["Coolheaded","Fission"],"picked":"Glacier","floor":28.0},{"not_picked":["Hologram+1","Fusion"],"picked":"Gash+1","floor":29.0},{"not_picked":["Amplify","Meteor Strike+1"],"picked":"Buffer","floor":33.0},{"not_picked":["Coolheaded+1","Storm"],"picked":"Cold Snap+1","floor":35.0},{"not_picked":["Go for the Eyes+1","White Noise+1"],"picked":"Gash+1","floor":36.0},{"not_picked":["Tempest","Loop"],"picked":"Go for the Eyes+1","floor":37.0},{"not_picked":["Steam","Sweeping Beam+1"],"picked":"Ball Lightning+1","floor":38},{"not_picked":["Genetic Algorithm+1","Stack+1"],"picked":"Chaos+1","floor":41},{"not_picked":["Chaos+1","Redo"],"picked":"Undo+1","floor":42},{"not_picked":["Chill","Go for the Eyes+1"],"picked":"Fission","floor":47}],"player_experience":1837301,"relics_obtained":[{"floor":6.0,"key":"War Paint"},{"floor":9.0,"key":"Guardian:PocketSentry"},{"floor":10.0,"key":"Molten Egg 2"},{"floor":24.0,"key":"White Beast Statue"},{"floor":26.0,"key":"WingedGreaves"},{"floor":28.0,"key":"Regal Pillow"},{"floor":37.0,"key":"Emotion Chip"},{"floor":41,"key":"Blood Vial"},{"floor":43,"key":"Eternal Feather"},{"floor":47,"key":"Shuriken"}],"event_choices":[{"damage_healed":0.0,"max_hp_gain":0.0,"max_hp_loss":0.0,"gold_gain":0.0,"event_name":"Living Wall","player_choice":"Grow","floor":7.0,"gold_loss":0.0,"damage_taken":0.0,"cards_upgraded":["Trip"]},{"damage_healed":0.0,"max_hp_gain":0.0,"max_hp_loss":0.0,"gold_gain":0.0,"event_name":"World of Goop","player_choice":"Left Gold","floor":11.0,"gold_loss":49.0,"damage_taken":0.0},{"cards_removed":["Strike_B"],"damage_healed":0.0,"max_hp_gain":0.0,"max_hp_loss":0.0,"gold_gain":0.0,"event_name":"Bonfire Elementals","player_choice":"Offered Basic","floor":13.0,"gold_loss":0.0,"damage_taken":0.0},{"damage_healed":0.0,"max_hp_gain":0.0,"max_hp_loss":0.0,"gold_gain":0.0,"event_name":"Ghosts","player_choice":"Ignored","floor":21.0,"gold_loss":0.0,"damage_taken":0.0},{"damage_healed":0.0,"max_hp_gain":0.0,"max_hp_loss":0.0,"gold_gain":0.0,"event_name":"Mysterious Sphere","player_choice":"Fight","floor":37.0,"gold_loss":0.0,"damage_taken":0.0},{"cards_removed":["Hologram"],"damage_healed":0,"gold_gain":0,"player_choice":"Removed Skill","damage_taken":0,"max_hp_gain":0,"max_hp_loss":0,"event_name":"Falling","floor":39,"gold_loss":0},{"damage_healed":70,"gold_gain":0,"player_choice":"Heal","damage_taken":0,"max_hp_gain":0,"max_hp_loss":10,"event_name":"The Moai Head","floor":48,"gold_loss":0}],"is_beta":false,"boss_relics":[{"not_picked":["Runic Dome","Pandora\u0027s Box"],"picked":"Philosopher\u0027s Stone"},{"not_picked":["Calling Bell","FrozenCore"],"picked":"Empty Cage"}],"items_purged_floors":[31,45],"is_endless":false,"potions_floor_spawned":[3,5,10,16,18,19,20,27,28,29,33,35,36,37,38,41,42,47],"ascension_level":1}}