{"host":"jksq986fwerfio60","time":1613382046,"event":{"mods":["BaseMod","Colored Map","Colored Powertips","Downfall","Hermit","Jorbs\u0027s Wanderer Trilogy","Marisa¡]Ãú«B¡@Å]²z¨F¡^","Minty Spire (QoL Compilation)","Replay The Spire","Shop Mod","StSLib","The Construct","UnlockEverythingMod"],"gold_per_floor":[99,109,209,209,134,151,177,327,347,359,359,371,371,471,482,482,482,482],"floor_reached":16,"language":"ZHS","playtime":1102,"items_purged":[],"score":92,"play_id":"9727ddba-0103-48ac-a2c9-016235856a45","local_time":"20210215174046","is_ascension_mode":false,"campfire_choices":[{"data":"champ:Taunt","floor":1,"key":"SMITH"},{"data":"champ:RecklessLeap","floor":11,"key":"SMITH"},{"floor":13,"key":"REST"}],"circlet_count":0,"master_deck":["champ:Strike","champ:Strike","champ:Strike","champ:Strike","champ:Defend","champ:Defend","champ:Defend","champ:Defend","champ:Execute","champ:Taunt+1","champ:FocusedBerserking","Pot Of Greed","champ:EnragedBash","Pot Of Greed","champ:FancyFootwork+1","champ:RecklessLeap+1","downfall:Icky","champ:EndlessRage","champ:PerfectedStrike","champ:DefensiveShout","champ:BladeFlurry","champ:UltimateStance"],"relics":["champ:ChampionCrown","Grinning Jar","Boot","CloakClasp"],"acts_visited":["Exordium"],"potions_floor_usage":[16,16,16],"damage_taken":[{"damage":10,"enemies":"2 Louse","floor":2,"turns":2},{"damage":30,"enemies":"downfall:FleeingMerchant","floor":5,"turns":4},{"damage":32,"enemies":"Small Slimes","floor":6,"turns":4},{"damage":32,"enemies":"Jaw Worm","floor":9,"turns":4},{"damage":48,"enemies":"Large Slime","floor":10,"turns":7},{"damage":34,"enemies":"downfall:LooterAlt","floor":12,"turns":4},{"damage":101,"enemies":"downfall:LooterAlt","floor":14,"turns":7},{"damage":25,"enemies":"Exordium Wildlife","floor":15,"turns":3},{"damage":64,"enemies":"WA_ARCHETYPE_RETAIN","floor":16,"turns":6}],"seed_played":"8103648242494656934","potions_obtained":[{"floor":2,"key":"Elixir"},{"floor":9,"key":"Weak Potion"},{"floor":10,"key":"BlessingOfTheForge"},{"floor":14,"key":"Block Potion"}],"is_trial":false,"path_per_floor":["R_BF","M","?","?","$","M","T","?","M","M","R","M","R","?","M","B"],"character_chosen":"THE_CHAMP","items_purchased":["champ:FancyFootwork+1"],"campfire_rested":1,"item_purchase_floors":[5],"current_hp_per_floor":[99,99,99,92,92,80,80,80,68,65,65,46,75,44,34,0,0,0],"gold":482,"neow_bonus":"TEN_PERCENT_HP_BONUS","is_daily":false,"chose_seed":false,"campfire_upgraded":2,"win_rate":0.0,"timestamp":1613382046,"path_taken":["R_BF","M","?","?","$","M","T","?","M","?","R","M","R","?","M","BOSS"],"items_purchased_type":["Card"],"build_version":"2020-12-22","purchased_purges":0,"victory":false,"max_hp_per_floor":[99,99,99,99,99,99,99,99,99,99,99,99,99,99,99,99,99,99],"card_choices":[{"not_picked":["champ:StanceDance","champ:SetATrap"],"picked":"champ:FocusedBerserking","floor":2},{"not_picked":["champ:Endure","champ:SkillfulDodge"],"picked":"champ:EnragedBash","floor":5},{"not_picked":["champ:Haymaker","champ:TornadoPunch"],"picked":"champ:RecklessLeap","floor":6},{"not_picked":["champ:FanOfKnives","champ:SetATrap"],"picked":"champ:EndlessRage","floor":9},{"not_picked":["champ:FlashCut","champ:DefensiveShout"],"picked":"champ:PerfectedStrike","floor":10},{"not_picked":["champ:Endure","champ:BringItOn"],"picked":"champ:DefensiveShout","floor":12},{"not_picked":["champ:FocusedBerserking","champ:RecklessLeap"],"picked":"champ:BladeFlurry","floor":14},{"not_picked":["champ:Circumvent","champ:AdrenalArmor"],"picked":"champ:UltimateStance","floor":15}],"player_experience":20667,"relics_obtained":[{"floor":7,"key":"Boot"},{"floor":14,"key":"CloakClasp"}],"event_choices":[{"damage_healed":0,"gold_gain":0,"player_choice":"Success","damage_taken":7,"relics_obtained":["Grinning Jar"],"max_hp_gain":0,"max_hp_loss":0,"event_name":"Scrap Ooze","floor":4,"gold_loss":0}],"is_beta":false,"boss_relics":[],"items_purged_floors":[],"is_endless":false,"potions_floor_spawned":[2,9,10,14],"killed_by":"WA_ARCHETYPE_RETAIN","ascension_level":0}}