{"host":"ty9fb48q9oru32qm","time":1613415870,"event":{"mods":["2.2 Compatiblity","AchievementEnabler","Act Like it!","Astrologer","BaseMod","Beaked The Cultist","Better Synergies","Block Reminder","ChefMod","Colored Powertips","Conspire","DeckTracker","Downfall","Friendly Minions","GifTheSpireLib","Hermit","Hubris","Infinite Spire","Jorbs\u0027s Wanderer Trilogy","Marisa????????","Minty Spire (QoL Compilation)","Permanent Neow","Quick Restart","Random Character Button","Reliquary","Replay The Spire","Somnambulant","StSLib","Stuff the Spire","The Construct","The Cursed","The Marked","The Runesmith","The Servant 0.9.4","TheHeartMod"],"gold_per_floor":[113,167,186,38,56,91,91,108,181,181,207,217,217,249,249,348,348,359,359,389,407,407,407,407,407],"floor_reached":24,"language":"ENG","playtime":2177,"items_purged":["theMarked:MuscleMemory"],"score":239,"play_id":"5eec2ec9-18fc-49c3-82b5-deffe00034f7","local_time":"20210215200430","is_ascension_mode":false,"campfire_choices":[{"floor":7,"key":"REST"},{"data":"theMarked:RogueSparks","floor":13,"key":"SMITH"},{"floor":23,"key":"REST"}],"circlet_count":0,"master_deck":["theMarked:Strike","theMarked:Strike","theMarked:Strike","theMarked:Strike","theMarked:Strike","theMarked:Defend","theMarked:Defend","theMarked:Defend","theMarked:Defend","theMarked:SoldierOfQuellstein+1","theMarked:Polarize","theMarked:Parkour","theMarked:RogueSparks+1","theMarked:Parkour+1","theMarked:ElectricStrings","theMarked:Levitate","theMarked:ResourceFulStrike","theMarked:MagusForm"],"relics":["theMarked:ArtifactOfAir","Bag of Preparation","reliquary:BrokenClock","hubris:OldNail","reliquary:IridiumChain","hubris:Towel","hubris:GlazedTorus","hubris:SphereOfDissonance","conspire:RoyalGoblet","Red Mask","Matryoshka","hubris:TerracottaHorce"],"acts_visited":["Exordium","TheCity"],"potions_floor_usage":[6,11,14,24],"damage_taken":[{"damage":1,"enemies":"Cultist","floor":1,"turns":4},{"damage":5,"enemies":"Small Slimes","floor":3,"turns":3},{"damage":1,"enemies":"Jaw Worm","floor":5,"turns":3},{"damage":30,"enemies":"3 Sentries","floor":6,"turns":9},{"damage":11,"enemies":"3 Louse","floor":8,"turns":3},{"damage":9,"enemies":"Lagavulin","floor":11,"turns":6},{"damage":0,"enemies":"Looter","floor":12,"turns":2},{"damage":0,"enemies":"3 Sentries","floor":14,"turns":4},{"damage":3,"enemies":"Fading Forest","floor":16,"turns":11},{"damage":0,"enemies":"Shell Parasite","floor":18,"turns":2},{"damage":12,"enemies":"Masked Bandits","floor":20,"turns":5},{"damage":33,"enemies":"2 Thieves","floor":21,"turns":4},{"damage":50,"enemies":"Book of Stabbing","floor":24,"turns":5}],"seed_played":"-132906242921540999","potions_obtained":[{"floor":1,"key":"LiquidBronze"},{"floor":3,"key":"Fire Potion"},{"floor":8,"key":"PowerPotion"},{"floor":14,"key":"Venom Potion"},{"floor":20,"key":"EssenceOfSteel"}],"is_trial":false,"path_per_floor":["M","T","M","$","M","E","R","M","T","?","E","M","R","E","R","B",null,"M","?","?","M","AVR","R","E"],"character_chosen":"THE_DEFAULT","items_purchased":["reliquary:BrokenClock"],"campfire_rested":2,"item_purchase_floors":[4],"current_hp_per_floor":[69,69,64,64,63,33,54,43,43,43,34,34,34,34,55,52,70,70,70,58,25,25,46,0,0],"gold":407,"neow_bonus":"UPGRADE_CARD","is_daily":false,"chose_seed":false,"campfire_upgraded":1,"win_rate":0.0,"timestamp":1613415870,"path_taken":["M","?","M","$","M","E","R","M","T","?","E","M","R","E","R","BOSS","M","?","?","M","AVR","R","E"],"items_purchased_type":["Relic"],"build_version":"2020-12-22","purchased_purges":1,"victory":false,"max_hp_per_floor":[70,70,70,70,70,70,70,70,70,70,70,70,70,70,70,70,70,70,70,70,70,70,70,70,70],"card_choices":[{"not_picked":["theMarked:TakeCover","theMarked:WastefulAttack"],"picked":"theMarked:Polarize","floor":1},{"not_picked":["theMarked:WastefulAttack","theMarked:ShockingTouch"],"picked":"theMarked:MuscleMemory","floor":3},{"not_picked":["theMarked:LightningStrikesTwice","theMarked:SwordAndMagic","theMarked:Aftermath"],"picked":"SKIP","floor":5},{"not_picked":["theMarked:TurnInvisible","theMarked:ResourceFulStrike"],"picked":"theMarked:Parkour","floor":6},{"not_picked":["theMarked:MuscleMemory","theMarked:RepellingDischarge"],"picked":"theMarked:RogueSparks","floor":8},{"not_picked":["theMarked:Aftermath","theMarked:WastefulAttack"],"picked":"theMarked:Parkour","floor":11},{"not_picked":["theMarked:Parkour","theMarked:Standoff"],"picked":"theMarked:ElectricStrings","floor":12},{"not_picked":["theMarked:AttractMetal","theMarked:Reabsorb","theMarked:Maelstrom"],"picked":"SKIP","floor":14},{"not_picked":["theMarked:TurnInvisible","theMarked:Vacuum"],"picked":"theMarked:Levitate","floor":16},{"not_picked":["theMarked:SelfDefenseTraining","theMarked:SwordAndMagic","theMarked:ParalyzingBlade"],"picked":"SKIP","floor":18},{"not_picked":["theMarked:Indomitable","theMarked:TheMission"],"picked":"theMarked:ResourceFulStrike","floor":20},{"not_picked":["theMarked:WastefulAttack","theMarked:BanishingStrike"],"picked":"theMarked:MagusForm","floor":21}],"player_experience":286770,"relics_obtained":[{"floor":2,"key":"Bag of Preparation"},{"floor":6,"key":"hubris:OldNail"},{"floor":9,"key":"reliquary:IridiumChain"},{"floor":11,"key":"hubris:GlazedTorus"},{"floor":14,"key":"hubris:SphereOfDissonance"},{"floor":20,"key":"Red Mask"}],"event_choices":[{"damage_healed":0,"gold_gain":0,"player_choice":"Leave","damage_taken":0,"max_hp_gain":0,"max_hp_loss":0,"event_name":"conspire:Investor","floor":19,"gold_loss":0},{"damage_healed":0,"gold_gain":0,"player_choice":"Fought Bandits","damage_taken":0,"max_hp_gain":0,"max_hp_loss":0,"event_name":"Masked Bandits","floor":20,"gold_loss":0}],"is_beta":false,"boss_relics":[{"not_picked":["hubris:CrackedHourglass","reliquary:Craggleroot"],"picked":"conspire:RoyalGoblet"}],"items_purged_floors":[22],"is_endless":false,"potions_floor_spawned":[1,3,8,14,20],"killed_by":"Book of Stabbing","ascension_level":0}}