{"host":"b7j598ve05halrwk","time":1613375836,"event":{"mods":["2.2 Compatiblity","BaseMod","Block Reminder","DeckTracker","Minty Spire (QoL Compilation)","Relic Stats","Slay the Relics Exporter","StSLib","ojb\u0027s Better Paths Mod","ojb\u0027s Info Mod"],"gold_per_floor":[109,109,124,135,150,182,182,215,215,0,14,28,28,28,28],"floor_reached":14,"language":"ENG","playtime":630,"items_purged":[],"score":204,"play_id":"767929a9-2109-4334-bb8c-ee2cdef2dd4b","local_time":"20210215025716","is_ascension_mode":true,"campfire_choices":[{"data":"Loop","floor":7,"key":"SMITH"}],"circlet_count":0,"master_deck":["AscendersBane","Strike_B+1","Strike_B","Defend_B","Defend_B","Defend_B","Defend_B","Zap","Dualcast","Rebound","Streamline+1","Sweeping Beam","Loop+1","Coolheaded","Auto Shields","Sunder","BootSequence"],"relics":["Cracked Core","Ginger","Torii","Dream Catcher","Whetstone","Toy Ornithopter"],"acts_visited":["Exordium"],"potions_floor_usage":[8,11],"damage_taken":[{"damage":4,"enemies":"2 Louse","floor":1,"turns":3},{"damage":1,"enemies":"Cultist","floor":3,"turns":3},{"damage":2,"enemies":"Jaw Worm","floor":4,"turns":3},{"damage":8,"enemies":"3 Louse","floor":5,"turns":3},{"damage":32,"enemies":"Gremlin Nob","floor":6,"turns":4},{"damage":23,"enemies":"3 Sentries","floor":8,"turns":6},{"damage":0,"enemies":"Gremlin Gang","floor":11,"turns":1},{"damage":2,"enemies":"2 Fungi Beasts","floor":12,"turns":4},{"damage":36,"enemies":"Gremlin Nob","floor":14,"turns":3}],"seed_played":"5602649338506471445","potions_obtained":[{"floor":3,"key":"FairyPotion"},{"floor":6,"key":"DuplicationPotion"},{"floor":8,"key":"SpeedPotion"},{"floor":12,"key":"Fruit Juice"}],"is_trial":false,"path_per_floor":["M","?","M","M","M","E","R","E","T","$","M","M","?","E"],"character_chosen":"DEFECT","items_purchased":["Toy Ornithopter","AttackPotion"],"campfire_rested":0,"item_purchase_floors":[10,10],"current_hp_per_floor":[60,53,52,50,42,10,10,6,6,6,11,9,9,0,0],"gold":28,"neow_bonus":"ONE_RARE_RELIC","is_daily":false,"chose_seed":false,"campfire_upgraded":1,"win_rate":0.0,"timestamp":1613375836,"path_taken":["M","?","M","M","M","E","R","E","T","$","M","M","?","E"],"items_purchased_type":["Relic","Potion"],"build_version":"2020-12-22","purchased_purges":0,"victory":false,"max_hp_per_floor":[64,64,64,64,64,64,64,64,64,64,64,64,64,64,64],"relic_stats":{"Dream Catcher":0,"Torii":9,"counters":[9,28],"Ginger":[2],"Whetstone":["Strike_B","Streamline"],"obtain_stats":[{"Dream Catcher":8,"Torii":6,"Ginger":0,"Whetstone":9,"Cracked Core":0,"Toy Ornithopter":10},{"Dream Catcher":6,"Torii":5,"Ginger":0,"Whetstone":6,"Cracked Core":0,"Toy Ornithopter":6},{"Dream Catcher":21,"Torii":16,"Ginger":0,"Whetstone":21,"Cracked Core":0,"Toy Ornithopter":21}],"Toy Ornithopter":5},"card_choices":[{"not_picked":["Gash","Coolheaded"],"picked":"Rebound","floor":1},{"not_picked":["Fusion","Hello World"],"picked":"Streamline","floor":3},{"not_picked":["Stack","Reboot"],"picked":"Sweeping Beam","floor":4},{"not_picked":["Stack","Hologram"],"picked":"Loop","floor":5},{"not_picked":["Stack","Hologram"],"picked":"Coolheaded","floor":6},{"not_picked":["Gash","Go for the Eyes"],"picked":"Auto Shields","floor":8},{"not_picked":["Leap","Steam"],"picked":"Sunder","floor":11},{"not_picked":["Compile Driver","Steam"],"picked":"BootSequence","floor":12}],"player_experience":1148293,"relics_obtained":[{"floor":6,"key":"Torii"},{"floor":8,"key":"Dream Catcher"},{"floor":9,"key":"Whetstone"}],"event_choices":[{"cards_removed":["Strike_B"],"damage_healed":0,"gold_gain":0,"player_choice":"Card Removal","damage_taken":7,"max_hp_gain":0,"max_hp_loss":0,"event_name":"Golden Wing","floor":2,"gold_loss":0},{"cards_removed":["Strike_B"],"damage_healed":0,"gold_gain":0,"player_choice":"Card Removal","damage_taken":0,"max_hp_gain":0,"max_hp_loss":0,"event_name":"Wheel of Change","floor":13,"gold_loss":0}],"is_beta":false,"boss_relics":[],"items_purged_floors":[],"is_endless":false,"potions_floor_spawned":[3,6,8,12],"killed_by":"Gremlin Nob","ascension_level":20}}