{"host":"m0bekkrd201b63ug","time":1613415234,"event":{"mods":["AchievementEnabler","BaseMod","Colored Powertips","Highlight Path","Minty Spire (QoL Compilation)","Rare Cards Sparkle","StSLib","SuperFastMode","everything is the same but u backflip on backflip","slay the spire mod where everything is the same but ironclad has a cowboy hat"],"gold_per_floor":[111,111,36,53,66,95,95,95,95],"floor_reached":8,"language":"ENG","playtime":293,"items_purged":[],"score":70,"play_id":"afd4ac9b-5815-452a-905a-6b38b15fa904","local_time":"20210215165354","is_ascension_mode":true,"campfire_choices":[{"data":"Scrape","floor":7,"key":"SMITH"}],"circlet_count":0,"master_deck":["Strike_B","Strike_B","Strike_B","Strike_B","Defend_B","Defend_B","Defend_B","Defend_B","Zap","Dualcast","Scrape+1","Ball Lightning"],"relics":["Snecko Eye","Toxic Egg 2","Bird Faced Urn"],"acts_visited":["Exordium"],"potions_floor_usage":[],"damage_taken":[{"damage":0,"enemies":"2 Louse","floor":1,"turns":2},{"damage":0,"enemies":"Cultist","floor":4,"turns":3},{"damage":9,"enemies":"Jaw Worm","floor":5,"turns":3},{"damage":20,"enemies":"Lagavulin","floor":6,"turns":5},{"damage":55,"enemies":"3 Sentries","floor":8,"turns":7}],"seed_played":"8630811786676602407","potions_obtained":[{"floor":1,"key":"Dexterity Potion"},{"floor":5,"key":"LiquidBronze"}],"is_trial":false,"path_per_floor":["M","?","$","M","M","E","R","E"],"character_chosen":"DEFECT","items_purchased":["Scrape"],"campfire_rested":0,"item_purchase_floors":[3],"current_hp_per_floor":[75,75,75,75,66,46,46,0,0],"gold":95,"neow_bonus":"BOSS_RELIC","is_daily":false,"chose_seed":false,"campfire_upgraded":1,"win_rate":0.0,"timestamp":1613415234,"path_taken":["M","?","$","?","M","E","R","E"],"items_purchased_type":["Card"],"build_version":"2020-12-22","purchased_purges":0,"victory":false,"max_hp_per_floor":[75,75,75,75,75,75,75,75,75],"card_choices":[{"not_picked":["Double Energy","Hologram"],"picked":"Rip and Tear","floor":1},{"not_picked":["Genetic Algorithm+1","Ball Lightning","Gash"],"picked":"SKIP","floor":4},{"not_picked":["Genetic Algorithm+1","Gash"],"picked":"Ball Lightning","floor":4},{"not_picked":["Hologram+1","Go for the Eyes","Rebound"],"picked":"SKIP","floor":5},{"not_picked":["Chaos+1","Streamline","FTL"],"picked":"SKIP","floor":6}],"player_experience":276770,"relics_obtained":[{"floor":6,"key":"Bird Faced Urn"}],"event_choices":[{"cards_removed":["Rip and Tear"],"damage_healed":0,"gold_gain":0,"player_choice":"Gave Card","damage_taken":0,"relics_obtained":["Toxic Egg 2"],"max_hp_gain":0,"max_hp_loss":0,"event_name":"WeMeetAgain","floor":2,"gold_loss":0}],"is_beta":false,"boss_relics":[],"items_purged_floors":[],"is_endless":false,"potions_floor_spawned":[1,5],"killed_by":"3 Sentries","ascension_level":5}}