{"host":"r0h3ysx70cq9cujv","time":1613388131,"event":{"mods":["Act Like it!","Aspiration","BaseMod","Minty Spire (QoL Compilation)","Pale of the Ancients","Red Circlet Mod","Reliquary","Replay The Spire","RumiaBox-露米娅的神秘盒子","StSLib","【功能Mod】混沌之环修复补丁"],"gold_per_floor":[116,116,216,232,9,9,42,117,117,147,110,140,151,170,170,170,170],"floor_reached":16,"language":"ZHS","playtime":524,"items_purged":["Injury","Strike_R"],"score":113,"play_id":"c5aca277-252e-4658-812e-b5debe958e26","local_time":"20210215192211","is_ascension_mode":true,"campfire_choices":[{"data":"ReplayTheSpireMod:LeadingStrike","floor":6,"key":"SMITH"},{"floor":15,"key":"DIG"}],"circlet_count":0,"master_deck":["Strike_R","Strike_R","Strike_R","Strike_R","Defend_R","Defend_R","Defend_R","Defend_R","Bash","ReplayTheSpireMod:LeadingStrike+1","Thunderclap+1","Body Slam+1","Body Slam+1","FollowUp+1","Run Through+1","CrushJoints+1"],"relics":["Burning Blood","aspiration:Nostalgia","Replay:M_SmolderingBlood","Molten Egg 2","reliquary:TatteredRug","Dream Catcher","Divine Protection","Replay:Bottled Snecko","Odd Mushroom","Iron Hammer"],"acts_visited":["Exordium"],"potions_floor_usage":[13],"damage_taken":[{"damage":2,"enemies":"2 Louse","floor":1,"turns":3},{"damage":0,"enemies":"Small Slimes","floor":4,"turns":3},{"damage":32,"enemies":"Gremlin Nob","floor":7,"turns":5},{"damage":26,"enemies":"3 Sentries","floor":10,"turns":8},{"damage":16,"enemies":"The Mushroom Lair","floor":12,"turns":4},{"damage":0,"enemies":"Cultist","floor":13,"turns":2},{"damage":0,"enemies":"Exordium Wildlife","floor":14,"turns":3},{"damage":40,"enemies":"Fading Forest","floor":16,"turns":8}],"seed_played":"1612973988701833390","potions_obtained":[{"floor":7,"key":"Venom Potion"},{"floor":10,"key":"PowerPotion"},{"floor":13,"key":"Fruit Juice"}],"is_trial":false,"path_per_floor":["M","?","?","M","$","R","E","?","T","E","$","?","M","M","R","B"],"character_chosen":"IRONCLAD","items_purchased":["reliquary:TatteredRug","FollowUp+1"],"campfire_rested":0,"item_purchase_floors":[5,11],"current_hp_per_floor":[80,80,80,80,80,80,54,43,43,23,23,13,24,30,30,0,0],"gold":170,"neow_bonus":"NOSTALGIA","is_daily":false,"chose_seed":false,"campfire_upgraded":1,"win_rate":0.0,"timestamp":1613388131,"path_taken":["M","?","?","?","$","R","E","?","T","E","$","?","M","M","R","BOSS"],"items_purchased_type":["Relic","Card"],"build_version":"2020-12-22","purchased_purges":2,"victory":false,"max_hp_per_floor":[80,80,80,80,80,80,80,80,80,80,80,80,85,85,85,85,85],"card_choices":[{"not_picked":["Flex","True Grit"],"picked":"ReplayTheSpireMod:LeadingStrike","floor":1},{"not_picked":["Defy Death","Pommel Strike+1"],"picked":"Thunderclap+1","floor":4},{"not_picked":["Entrench","Dual Wield"],"picked":"Body Slam+1","floor":7},{"not_picked":["ReplayTheSpireMod:LeadingStrike+1","Bloodletting"],"picked":"Body Slam+1","floor":10},{"not_picked":["Entrench","Burning Pact"],"picked":"Run Through+1","floor":13},{"not_picked":["Abandon","Thunderclap+1"],"picked":"CrushJoints+1","floor":14}],"player_experience":10396,"relics_obtained":[{"floor":7,"key":"Dream Catcher"},{"floor":9,"key":"Divine Protection"},{"floor":10,"key":"Replay:Bottled Snecko"},{"floor":12,"key":"Odd Mushroom"},{"floor":15,"key":"Iron Hammer"}],"event_choices":[{"damage_healed":0,"gold_gain":100,"player_choice":"Gold","damage_taken":0,"max_hp_gain":0,"max_hp_loss":0,"event_name":"Wheel of Change","floor":3,"gold_loss":0},{"damage_healed":0,"gold_gain":75,"player_choice":"Gather Gold","damage_taken":11,"max_hp_gain":0,"max_hp_loss":0,"event_name":"World of Goop","floor":8,"gold_loss":0},{"damage_healed":0,"gold_gain":0,"player_choice":"Fought Mushrooms","damage_taken":0,"max_hp_gain":0,"max_hp_loss":0,"event_name":"Mushrooms","floor":12,"gold_loss":0}],"is_beta":false,"boss_relics":[],"items_purged_floors":[5,11],"is_endless":false,"potions_floor_spawned":[7,10,13],"killed_by":"Fading Forest","ascension_level":1}}