{"host":"r9uivonio18rfam2","time":1613417047,"event":{"mods":["2.2 Compatiblity","AchievementEnabler","Act Like it!","Aspiration","BaseMod","Beaked The Cultist","Better Altar","Better Match","Better Note","Better Sensory Stone","Better Skull","Better Third Choice","BetterRewards","Challenge The Spire","Colored Map","Colored Powertips","Conspire","Downfall","Elementarium","Energized Spire","Hermit","Infinite Spire","Jedi Mod","Minty Spire (QoL Compilation)","Permanent Neow","Potionbrewer","Quick Restart","Reliquary","Replay The Spire","Shop Mod","Spicy Shops","Spikes Relics","StSLib","The Blue Laboratory","The Jungle","Wandering Minibosses"],"gold_per_floor":[200,257,257,275,285,297,324,338,408,408,440,460,488,498,498,602,602,624,624,549,575,595,645,668,695,695,695,714,730,121,121,121,127,127],"floor_reached":33,"language":"ENG","playtime":2415,"items_purged":["Strike_B","Strike_B","Strike_B","Zap"],"score":534,"play_id":"a4a99768-260b-4131-93d3-c098350cdde5","local_time":"20210215142407","is_ascension_mode":true,"campfire_choices":[{"data":"Mirror Shield","floor":10.0,"key":"SMITH"},{"floor":15.0,"key":"DIG"},{"data":"jedi:BattleThirst","floor":32,"key":"PURGE"}],"circlet_count":1,"master_deck":["Strike_B","Defend_B","Defend_B","Defend_B","Defend_B","Dualcast","Finesse","ReplayTheSpireMod:Brewmster","Go for the Eyes","Redo","Sweeping Beam","jedi:sharpshooter","jedi:hex","jedi:readyaimfire","ReplayTheSpireMod:System Scan","Storm","Hologram","Doom and Gloom","Mirror Shield+1","Loop","Time Bomb","White Noise","Echo Form","Feel No Pain+1","ReplayTheSpireMod:Dual Polarity","Coolheaded","Seek","Hologram+1","ReplayUltimateDefense"],"relics":["Cracked Core","ShockBauble","potionbrewer:BoosterPack","aspiration:EnhancedActuators","reliquary:TridentHead","Mercury Hourglass","Circlet","infinitespire:PuzzleCube","Lizard Tail","HornCleat","Replay:Bandana","Replay:Fungal Core","reliquary:Firecrackers","Meat on the Bone","Peace Pipe","Toolbox","Bird Faced Urn"],"acts_visited":["Exordium","TheCity"],"potions_floor_usage":[29,29,29,33,33,33,33,33,33],"damage_taken":[{"damage":4.0,"enemies":"Jaw Worm","floor":1.0,"turns":4.0},{"damage":4.0,"enemies":"2 Louse","floor":4.0,"turns":3.0},{"damage":3.0,"enemies":"Cultist","floor":5.0,"turns":6.0},{"damage":0.0,"enemies":"Gremlin Gang","floor":6.0,"turns":3.0},{"damage":22.0,"enemies":"Gremlin Nob","floor":7.0,"turns":5.0},{"damage":0.0,"enemies":"2 Fungi Beasts","floor":8.0,"turns":2.0},{"damage":10.0,"enemies":"3 Sentries","floor":11.0,"turns":4.0},{"damage":10.0,"enemies":"conspire:2 RoseBushes","floor":12.0,"turns":6.0},{"damage":9.0,"enemies":"Replay:BlueRogue","floor":13.0,"turns":3.0},{"damage":0.0,"enemies":"Lots of Slimes","floor":14.0,"turns":1.0},{"damage":3.0,"enemies":"Slime Boss","floor":16.0,"turns":9.0},{"damage":3.0,"enemies":"Chosen","floor":18.0,"turns":5.0},{"damage":5.0,"enemies":"3 Byrds","floor":21.0,"turns":4.0},{"damage":35.0,"enemies":"Shelled Parasite and Fungi","floor":22.0,"turns":6.0},{"damage":7.0,"enemies":"conspire:Head Lice","floor":23.0,"turns":5.0},{"damage":1.0,"enemies":"Centurion and Healer","floor":24.0,"turns":8.0},{"damage":6.0,"enemies":"Replay:Snechameleon","floor":25.0,"turns":6.0},{"damage":0.0,"enemies":"Chosen and Byrds","floor":28.0,"turns":5.0},{"damage":16,"enemies":"Snake Plant","floor":29,"turns":4},{"damage":62,"enemies":"Champ","floor":33,"turns":12}],"seed_played":"-2488797186339821396","potions_obtained":[{"floor":2.0,"key":"blueLaboratory:Moonshine"},{"floor":2.0,"key":"SneckoOil"},{"floor":11.0,"key":"blueLaboratory:BottledHope"},{"floor":13.0,"key":"Regen Potion"},{"floor":14.0,"key":"EssenceOfSteel"},{"floor":24.0,"key":"potionbrewer:HastePotion"},{"floor":27.0,"key":"Toxic Potion"},{"floor":28.0,"key":"jedi:StrikingPotion"},{"floor":29,"key":"blueLaboratory:RememoryPotion"}],"is_trial":false,"path_per_floor":["M","?","T","M","M","M","E","M","T","R","E","M","E","M","R_BF","B",null,"M","?","?","M","M","E","M","E","T","?","M","M","$","?","R","B"],"character_chosen":"DEFECT","items_purchased":["Finesse","ReplayTheSpireMod:Brewmster","ShockBauble","potionbrewer:BoosterPack","ReplayUltimateDefense","Toolbox"],"campfire_rested":0,"item_purchase_floors":[0,0,0,0,30,30],"current_hp_per_floor":[40,40,40,36,33,33,11,11,11,11,15,5,37,37,37,34,65,62,62,62,57,37,30,29,23,23,23,35,31,31,31,31,0,0],"gold":127,"neow_bonus":"","is_daily":false,"chose_seed":false,"campfire_upgraded":1,"win_rate":0.0,"timestamp":1613417047,"path_taken":["M","?","?","?","M","M","E","M","T","R","E","M","E","M","R_BF","BOSS","M","?","?","?","?","E","M","E","T","?","M","?","?","?","R","BOSS"],"items_purchased_type":["Card","Card","Relic","Relic","Card","Relic"],"build_version":"2020-12-22","purchased_purges":4,"victory":false,"max_hp_per_floor":[75,75,75,75,75,75,75,75,75,75,75,75,75,75,75,75,75,75,75,75,75,75,75,75,75,75,75,75,75,75,75,75,75,75],"card_choices":[{"not_picked":["Turbo","Tempest"],"picked":"ReplayTheSpireMod:System Scan","floor":1.0},{"not_picked":["Rip and Tear","jedi:BurstFrost"],"picked":"Storm","floor":2.0},{"not_picked":["jedi:blockon","Compile Driver"],"picked":"Hologram","floor":4.0},{"not_picked":["Panic Button","Compile Driver","jedi:BurstFrost"],"picked":"SKIP","floor":5.0},{"not_picked":["Blizzard","BasicCrystalCard"],"picked":"Doom and Gloom","floor":6.0},{"not_picked":["Go for the Eyes","ReplayGash"],"picked":"Mirror Shield","floor":7.0},{"not_picked":["Doom and Gloom","Auto Shields"],"picked":"Loop","floor":8.0},{"not_picked":["Scrape","jedi:gatheringstorm"],"picked":"Time Bomb","floor":11.0},{"not_picked":["Reinforced Body","Sweeping Beam","Beam Cell"],"picked":"SKIP","floor":12.0},{"not_picked":["jedi:reiji","BasicCrystalCard","Heatsinks"],"picked":"SKIP","floor":13.0},{"not_picked":["jedi:BurstLightning","Tempest"],"picked":"White Noise","floor":14.0},{"not_picked":["jedi:readyaimfire","jedi:studyfrost"],"picked":"Echo Form","floor":16.0},{"not_picked":["Turbo","Compile Driver","Reinforced Body"],"picked":"SKIP","floor":18.0},{"not_picked":["Steam Power","Steam"],"picked":"ReplayTheSpireMod:Dual Polarity","floor":21.0},{"not_picked":["Beam Cell","Steam"],"picked":"Coolheaded","floor":22.0},{"not_picked":["Barrage","Double Energy","Multi-Cast"],"picked":"SKIP","floor":23.0},{"not_picked":["Stack","Panic Button","BootSequence+1"],"picked":"SKIP","floor":24.0},{"not_picked":["jedi:BurstFrost+1","Chill"],"picked":"Seek","floor":25.0},{"not_picked":["Leap","Rebound","Rip and Tear"],"picked":"SKIP","floor":28.0},{"not_picked":["jedi:hex","Redo"],"picked":"Hologram+1","floor":29}],"player_experience":485513,"relics_obtained":[{"floor":2.0,"key":"aspiration:EnhancedActuators"},{"floor":3.0,"key":"reliquary:TridentHead"},{"floor":7.0,"key":"Dead Branch"},{"floor":9.0,"key":"Mercury Hourglass"},{"floor":11.0,"key":"infinitespire:PuzzleCube"},{"floor":13.0,"key":"HornCleat"},{"floor":15.0,"key":"Replay:Bandana"},{"floor":23.0,"key":"reliquary:Firecrackers"},{"floor":25.0,"key":"Meat on the Bone"},{"floor":26.0,"key":"Peace Pipe"}],"event_choices":[{"cards_removed":["Mirror Shield"],"damage_healed":0.0,"max_hp_gain":0.0,"max_hp_loss":0.0,"gold_gain":0.0,"event_name":"betterNote:BetterNote","player_choice":"Take \u0026 Give","floor":19.0,"gold_loss":0.0,"damage_taken":0.0,"cards_obtained":["Feel No Pain"]},{"cards_removed":["ReplayTheSpireMod:Splinters"],"damage_healed":0.0,"max_hp_gain":0.0,"max_hp_loss":0.0,"gold_gain":0.0,"event_name":"Beggar","player_choice":"Gave Gold","floor":20.0,"gold_loss":75.0,"damage_taken":0.0},{"damage_healed":0.0,"max_hp_gain":0.0,"max_hp_loss":0.0,"gold_gain":0.0,"event_name":"Lab","player_choice":"Got Potions","floor":27.0,"gold_loss":0.0,"damage_taken":0.0}],"is_beta":false,"boss_relics":[{"not_picked":["jedi:battlestandard","Velvet Choker"],"picked":"Replay:Fungal Core"}],"items_purged_floors":[0,0,30,30],"is_endless":false,"potions_floor_spawned":[4,5,6,11,13,14,22,24,28,29],"killed_by":"Champ","ascension_level":6}}