{"host":"1mv6gj0zv8k9e9tz","time":1613359764,"event":{"mods":["AchievementEnabler","BaseMod","Better Third Choice","Colored Map","DeckTracker","Highlight Path","KOR Keyword Fix","Keyboard Shortcuts","Minty Spire (QoL Compilation)","Permanent Neow","Quick Restart","Rare Cards Sparkle","StSLib","SuperFastMode","everything is the same but u backflip on backflip"],"gold_per_floor":[114,134,149,165,177,177,205,205,255,267,283,295,295,310,310,384,384,398,123,23,39,53,53,71,71,71,103,103,103,103],"floor_reached":29,"language":"KOR","playtime":621,"items_purged":["Strike_B","Defend_B"],"score":489,"play_id":"3fc34f42-4858-42b6-9b81-ff6878b6acf9","local_time":"20210215122924","is_ascension_mode":true,"campfire_choices":[{"data":"Sunder","floor":6.0,"key":"SMITH"},{"data":"Zap","floor":8.0,"key":"SMITH"},{"floor":13.0,"key":"REST"},{"data":"Dualcast","floor":15.0,"key":"SMITH"},{"data":"Defragment","floor":23.0,"key":"SMITH"},{"data":"Tempest","floor":25.0,"key":"SMITH"}],"circlet_count":0,"master_deck":["AscendersBane","Strike_B","Strike_B","Strike_B","Defend_B","Defend_B","Defend_B","Zap+1","Dualcast+1","Echo Form","Sweeping Beam","Melter","Ball Lightning","Sunder+1","Core Surge","Tempest+1","Capacitor","Conserve Battery","Biased Cognition","Glacier","Defragment+1","FTL"],"relics":["Cracked Core","Incense Burner","Juzu Bracelet","Coffee Dripper","Lee\u0027s Waffle","Meat on the Bone"],"acts_visited":["Exordium","TheCity"],"potions_floor_usage":[29],"damage_taken":[{"damage":1.0,"enemies":"Cultist","floor":1.0,"turns":4.0},{"damage":1.0,"enemies":"2 Louse","floor":2.0,"turns":2.0},{"damage":9.0,"enemies":"Jaw Worm","floor":3.0,"turns":4.0},{"damage":11.0,"enemies":"Blue Slaver","floor":4.0,"turns":3.0},{"damage":0.0,"enemies":"Large Slime","floor":5.0,"turns":3.0},{"damage":4.0,"enemies":"Gremlin Nob","floor":7.0,"turns":3.0},{"damage":7.0,"enemies":"Lots of Slimes","floor":10.0,"turns":3.0},{"damage":9.0,"enemies":"3 Louse","floor":11.0,"turns":2.0},{"damage":1.0,"enemies":"Large Slime","floor":12.0,"turns":3.0},{"damage":14.0,"enemies":"Red Slaver","floor":14.0,"turns":2.0},{"damage":7.0,"enemies":"Hexaghost","floor":16.0,"turns":7.0},{"damage":13.0,"enemies":"3 Byrds","floor":18.0,"turns":4.0},{"damage":0.0,"enemies":"2 Thieves","floor":21.0,"turns":3.0},{"damage":33.0,"enemies":"Shelled Parasite and Fungi","floor":22.0,"turns":5.0},{"damage":24.0,"enemies":"Snake Plant","floor":24.0,"turns":3.0},{"damage":3.0,"enemies":"Gremlin Leader","floor":27.0,"turns":5.0},{"damage":18,"enemies":"Chosen and Byrds","floor":29,"turns":2}],"seed_played":"8699242834184436486","potions_obtained":[{"floor":1.0,"key":"SteroidPotion"},{"floor":7.0,"key":"EssenceOfDarkness"},{"floor":11.0,"key":"Dexterity Potion"},{"floor":12.0,"key":"Fire Potion"},{"floor":18.0,"key":"SneckoOil"}],"is_trial":false,"path_per_floor":["M","M","M","M","M","R","E","R","T","M","M","M","R","M","R","B",null,"M","$","$","M","M","R","M","R","T","E","?","M"],"character_chosen":"DEFECT","items_purchased":["Defragment","Lee\u0027s Waffle"],"campfire_rested":1,"item_purchase_floors":[19,19],"current_hp_per_floor":[45,44,35,24,24,24,20,20,20,13,4,3,24,10,10,3,54,41,78,78,78,45,45,21,21,21,18,18,0,0],"gold":103,"neow_bonus":"THREE_RARE_CARDS","is_daily":false,"chose_seed":false,"campfire_upgraded":5,"win_rate":0.0,"timestamp":1613359764,"path_taken":["M","M","M","M","M","R","E","R","T","M","M","M","R","M","R","BOSS","M","?","$","M","M","R","M","R","T","E","?","M"],"items_purchased_type":["Card","Relic"],"build_version":"2020-12-22","purchased_purges":2,"victory":false,"max_hp_per_floor":[71,71,71,71,71,71,71,71,71,71,71,71,71,71,71,71,71,71,78,78,78,78,78,78,78,78,78,78,78,78],"card_choices":[{"not_picked":["Fission","Biased Cognition"],"picked":"Echo Form","floor":0.0},{"not_picked":["Chaos","Steam"],"picked":"Sweeping Beam","floor":1.0},{"not_picked":["FTL","Steam"],"picked":"Melter","floor":2.0},{"not_picked":["Compile Driver","Double Energy"],"picked":"Ball Lightning","floor":3.0},{"not_picked":["Recycle","Leap"],"picked":"Sunder","floor":4.0},{"not_picked":["Self Repair","FTL"],"picked":"Core Surge","floor":5.0},{"not_picked":["Go for the Eyes","Streamline"],"picked":"Tempest","floor":7.0},{"not_picked":["Leap","Double Energy"],"picked":"Capacitor","floor":10.0},{"not_picked":["Sunder","Undo","Go for the Eyes"],"picked":"SKIP","floor":11.0},{"not_picked":["Stack","Chaos"],"picked":"Conserve Battery","floor":12.0},{"not_picked":["Scrape","Steam","Redo"],"picked":"SKIP","floor":14.0},{"not_picked":["Buffer","Rainbow"],"picked":"Biased Cognition","floor":16.0},{"not_picked":["Hello World","Steam Power"],"picked":"Glacier","floor":18.0},{"not_picked":["Go for the Eyes","Beam Cell"],"picked":"FTL","floor":21.0},{"not_picked":["Beam Cell+1","Stack","Melter"],"picked":"SKIP","floor":22.0},{"not_picked":["Undo","Scrape","Glacier"],"picked":"SKIP","floor":24.0},{"not_picked":["Streamline","Steam Power","Cold Snap"],"picked":"SKIP","floor":27.0}],"player_experience":649985,"relics_obtained":[{"floor":7.0,"key":"Incense Burner"},{"floor":9.0,"key":"Juzu Bracelet"},{"floor":27.0,"key":"Meat on the Bone"}],"event_choices":[],"is_beta":false,"boss_relics":[{"not_picked":["Nuclear Battery","Astrolabe"],"picked":"Coffee Dripper"}],"items_purged_floors":[19,20],"is_endless":false,"potions_floor_spawned":[1,7,11,12,18],"killed_by":"Chosen and Byrds","ascension_level":19}}