{"host":"c83fcgyuu74iknko","time":1613379777,"event":{"mods":["BaseMod","BetterRewards","Colored Map","Colored Powertips","Minty Spire (QoL Compilation)","Quick Restart","StSLib","The Animator","The Senshi"],"gold_per_floor":[119,119,44,44,44,59,76,26,26,26,126,139,153,127,127,127,127],"floor_reached":16,"language":"ENG","playtime":812,"items_purged":["Defend_P"],"score":140,"play_id":"a9f8eae2-ebd4-4548-a953-b4569e69234e","local_time":"20210215010257","is_ascension_mode":false,"campfire_choices":[{"data":"LikeWater","floor":10,"key":"SMITH"},{"data":"Crescendo","floor":15,"key":"SMITH"}],"circlet_count":0,"master_deck":["Strike_P","Strike_P","Defend_P","Defend_P","Defend_P","Eruption","Vigilance","LikeWater+1","Prostrate","InnerPeace","JustLucky","EmptyFist","Crescendo+1","FollowUp"],"relics":["PureWater","Centennial Puzzle","TungstenRod"],"acts_visited":["Exordium"],"potions_floor_usage":[13],"damage_taken":[{"damage":0,"enemies":"2 Louse","floor":1,"turns":5},{"damage":0,"enemies":"Cultist","floor":6,"turns":6},{"damage":0,"enemies":"Jaw Worm","floor":7,"turns":4},{"damage":0,"enemies":"Blue Slaver","floor":12,"turns":6},{"damage":0,"enemies":"Large Slime","floor":13,"turns":6},{"damage":74,"enemies":"Hexaghost","floor":16,"turns":18}],"seed_played":"-5888258695423840198","potions_obtained":[{"floor":1,"key":"BlessingOfTheForge"},{"floor":7,"key":"Swift Potion"}],"is_trial":false,"path_per_floor":["M","?","$","T","$","M","M","?","T","R","?","M","M","$","R","B"],"character_chosen":"WATCHER","items_purchased":["LikeWater","FollowUp"],"campfire_rested":0,"item_purchase_floors":[0,14],"current_hp_per_floor":[72,72,72,72,72,72,72,72,72,72,72,72,72,72,72,0,0],"gold":127,"neow_bonus":"","is_daily":false,"chose_seed":false,"campfire_upgraded":2,"win_rate":0.0,"timestamp":1613379777,"path_taken":["M","?","$","?","?","M","M","?","T","R","?","M","?","$","R","BOSS"],"items_purchased_type":["Card","Card"],"build_version":"2020-12-22","purchased_purges":1,"victory":false,"max_hp_per_floor":[72,72,72,72,72,72,72,72,72,72,72,72,72,72,72,72,72],"card_choices":[{"not_picked":["FlyingSleeves","ThirdEye"],"picked":"Prostrate","floor":1},{"not_picked":["Crescendo","FlurryOfBlows"],"picked":"InnerPeace","floor":6},{"not_picked":["CarveReality","Halt"],"picked":"JustLucky","floor":7},{"not_picked":["BowlingBash","Evaluate"],"picked":"EmptyFist","floor":12},{"not_picked":["CrushJoints","FollowUp"],"picked":"Crescendo","floor":13}],"player_experience":229308,"relics_obtained":[{"floor":4,"key":"Centennial Puzzle"},{"floor":9,"key":"TungstenRod"}],"event_choices":[{"cards_removed":["Strike_P"],"damage_healed":0,"gold_gain":0,"player_choice":"Offered Basic","damage_taken":0,"max_hp_gain":0,"max_hp_loss":0,"event_name":"Bonfire Elementals","floor":2,"gold_loss":0},{"cards_removed":["Strike_P"],"damage_healed":0,"gold_gain":0,"player_choice":"Card Removal","damage_taken":0,"max_hp_gain":0,"max_hp_loss":0,"event_name":"The Cleric","floor":8,"gold_loss":50},{"damage_healed":0,"gold_gain":100,"player_choice":"Gold","damage_taken":0,"max_hp_gain":0,"max_hp_loss":0,"event_name":"Wheel of Change","floor":11,"gold_loss":0}],"is_beta":false,"boss_relics":[],"items_purged_floors":[3],"is_endless":false,"potions_floor_spawned":[1,7],"killed_by":"Hexaghost","ascension_level":0}}