{"host":"0uumfqrc8aynrssa","time":1613366803,"event":{"mods":["AchievementEnabler","Act Like it!","Aspiration","Astrologer","BaseMod","Better Altar","Better Match","Better Note","Better Sensory Stone","Better Skull","Better Third Choice","Better Vampires","CapriCore","Colored Map","Colored Powertips","Conspire","Downfall","Energized Spire","Friendly Minions","Gensokyo","GifTheSpireLib","Hallownest","Hermit","Highlight Path","Hubris","Infinite Spire","Koishi","Marisa????????","Marked Mod","Minty Spire (QoL Compilation)","Pale of the Ancients","Permanent Neow","Potionbrewer","RNG Fix","Random Character Button","Rare Cards Sparkle","Reimu??????","Relic Sorter","Reliquary","Remilia??????","Replay The Spire","Robot Space Explorer","Shop Mod","Somnambulant","Spicy Shops","Spikes Relics","Spire Arcade","StSLib","Stuff the Spire","The Animator","The Awakened One except there are too many feathers","The Bug Knight","The Cursed","The Hierophant","The Immortal","The Marked","The Problem Sleuth","The Runesmith","The Servant 0.9.4","TheBandit","TheFirefly","Trackpad","Wandering Minibosses","everything is the same but u backflip on backflip","slay the spire mod where everything is the same but ironclad has a cowboy hat"],"gold_per_floor":[112,124,139,151,165,126,142,142,142,142,156,156,168,23,23,124,124,143,158,158,7,7,7,42,53,80,80,108,120,120,137,137,242,242,268,368,386,290,305,305,305,335,335,368,368,368,415,87,87,87,100,111,111,111,111,123,123,46,46,48],"floor_reached":61,"language":"ENG","playtime":5167,"items_purged":["Strike_B","Sweeping Beam","Strike_B"],"score":1438,"play_id":"841e3424-c226-4adb-a3d0-475bc5544cd4","local_time":"20210215002643","is_ascension_mode":false,"campfire_choices":[{"floor":10,"key":"REST"},{"data":"StuffTheSpire:Synthwave","floor":12,"key":"SMITH"},{"floor":15,"key":"REST"},{"data":"Apotheosis","floor":23,"key":"SMITH"},{"data":"ReplayTheSpireMod:Calculation Training","floor":27,"key":"SMITH"},{"floor":32,"key":"REST"},{"data":"ReplayTheSpireMod:Calculation Training","floor":40,"key":"SMITH"},{"floor":46,"key":"REST"},{"data":"hubris:PowerSurge","floor":49,"key":"SMITH"},{"data":"Dualcast","floor":55,"key":"SMITH"},{"data":"Defragment","floor":57,"key":"SMITH"}],"circlet_count":0,"master_deck":["Strike_B","Defend_B","Defend_B","Defend_B","Zap+1","Dualcast+1","StuffTheSpire:Synthwave+1","Genetic Algorithm","ReplayTheSpireMod:Calculation Training+1","BootSequence","Electrodynamics","Core Surge","Redo","Apotheosis+1","Defragment+1","hubris:PowerSurge+1","ReplayTheSpireMod:Calculation Training+1","infinitespire:Starlight","hubris:PowerSurge+1","Defragment"],"relics":["Cracked Core","hubris:Towel","infinitespire:Joker Card","StuffTheSpire:BottledEssence","Replay:Grab Bag","energizedSpire:DeadBattery","bronze:MakeshiftBattery","StuffTheSpire:RunicHypercube","conspire:DeflatedDodgeball","DataDisk","reliquary:RoseTintedGlasses","potionbrewer:BhaskarasWheel","Iron Hammer","Replay:Baseball","Counterbalance","infinitespire:CheckeredPen","hubris:Backtick","hubris:BallOfYels","CatCart","Replay:Rubber Ducky","Art of War","paleoftheancients:Timepiece","Letter Opener","CultistMask","paleoftheancients:SoulOfTheShapes"],"acts_visited":["Exordium","TheCity","TheBeyond","paleoftheancients:PaleOfTheAncients"],"potions_floor_usage":[13,13,33,35,50,50,56,60,60],"damage_taken":[{"damage":8,"enemies":"Jaw Worm","floor":1,"turns":3},{"damage":1,"enemies":"Cultist","floor":2,"turns":4},{"damage":8,"enemies":"2 Louse","floor":3,"turns":3},{"damage":5,"enemies":"Looter","floor":4,"turns":3},{"damage":35,"enemies":"Exordium Thugs","floor":5,"turns":4},{"damage":12,"enemies":"2 Fungi Beasts","floor":7,"turns":4},{"damage":18,"enemies":"3 Louse","floor":11,"turns":3},{"damage":0,"enemies":"Looter","floor":13,"turns":2},{"damage":0,"enemies":"Slime Boss","floor":16,"turns":5},{"damage":0,"enemies":"Chosen","floor":18,"turns":4},{"damage":6,"enemies":"2 Thieves","floor":19,"turns":4},{"damage":17,"enemies":"Gremlin Leader","floor":24,"turns":4},{"damage":0,"enemies":"Cultist and Chosen","floor":25,"turns":3},{"damage":0,"enemies":"conspire:SneckoGhost","floor":28,"turns":4},{"damage":11,"enemies":"Sentry and Sphere","floor":29,"turns":4},{"damage":0,"enemies":"Snecko","floor":31,"turns":3},{"damage":0,"enemies":"Champ","floor":33,"turns":7},{"damage":0,"enemies":"3 Darklings","floor":35,"turns":2},{"damage":2,"enemies":"Orb Walker","floor":37,"turns":3},{"damage":6,"enemies":"Spire Growth","floor":39,"turns":3},{"damage":22,"enemies":"Giant Head","floor":42,"turns":6},{"damage":38,"enemies":"Nemesis","floor":44,"turns":7},{"damage":0,"enemies":"Orin","floor":47,"turns":3},{"damage":41,"enemies":"infinitespire:MassOfShapes","floor":50,"turns":6},{"damage":13,"enemies":"infinitespire:MassOfShapes","floor":51,"turns":6},{"damage":0,"enemies":"infinitespire:MassOfShapes","floor":52,"turns":5},{"damage":0,"enemies":"infinitespire:MassOfShapes","floor":56,"turns":11},{"damage":142,"enemies":"paleoftheancients:N","floor":60,"turns":11}],"seed_played":"1516147471100764046","potions_obtained":[{"floor":3,"key":"FairyPotion"},{"floor":5,"key":"Fire Potion"},{"floor":7,"key":"potionbrewer:ToxicPotion"},{"floor":11,"key":"Fire Potion"},{"floor":13,"key":"potionbrewer:MidasPotion"},{"floor":19,"key":"potionbrewer:BarricadePotion"},{"floor":33,"key":"SkillPotion"},{"floor":37,"key":"potionbrewer:NoxiousPotion"},{"floor":51,"key":"Elixir"},{"floor":56,"key":"potionbrewer:MidasPotion"}],"is_trial":false,"path_per_floor":["M","M","M","M","M","$","M","?","T","R","M","R","M","$","R","B",null,"M","M","?","$","?","R","E","M","T","R","E","M","?","M","R","B",null,"M","?","M","$","M","R","?","E","T","E","AVR","R","?","$","R","B","M","M","?","$","R","M","R","$","?","B",null],"character_chosen":"DEFECT","items_purchased":["ReplayTheSpireMod:Calculation Training","StuffTheSpire:BottledEssence","Defragment","ReplayTheSpireMod:Calculation Training","Replay:Rubber Ducky","Art of War","Defragment"],"campfire_rested":4,"item_purchase_floors":[6,14,21,38,48,48,58],"current_hp_per_floor":[46,45,37,32,22,22,10,10,10,32,14,14,14,14,36,36,75,75,69,69,69,69,69,52,52,52,52,52,41,41,41,63,63,75,75,75,73,73,67,67,67,45,45,7,7,29,49,49,49,75,69,75,75,75,75,75,75,75,75,49],"gold":48,"neow_bonus":"REMOVE_TWO","is_daily":false,"chose_seed":false,"campfire_upgraded":7,"win_rate":0.0,"timestamp":1613366803,"path_taken":["M","M","M","M","M","$","M","?","T","R","M","R","M","$","R","BOSS","M","M","?","?","?","R","E","?","T","R","E","M","?","M","R","BOSS","M","?","M","$","M","R","?","E","T","E","AVR","R","?","$","R","BOSS","M","M","?","$","R","M","R","$","?","BOSS"],"items_purchased_type":["Card","Relic","Card","Card","Relic","Relic","Card"],"build_version":"2020-12-22","purchased_purges":3,"victory":true,"max_hp_per_floor":[75,75,75,75,75,75,75,75,75,75,75,75,75,75,75,75,75,75,75,75,75,75,75,75,75,75,75,75,75,75,75,75,75,75,75,75,75,75,75,75,75,75,75,75,75,75,75,75,75,75,75,75,75,75,75,75,75,75,75,75],"card_choices":[{"not_picked":["Barrage","Turbo"],"picked":"Sweeping Beam","floor":1},{"not_picked":["Compile Driver","Leap"],"picked":"StuffTheSpire:Synthwave","floor":2},{"not_picked":["BasicCrystalCard","Steam","ReplayTheSpireMod:Reroute Power"],"picked":"SKIP","floor":3},{"not_picked":["Barrage","Hologram","StuffTheSpire:NuclearReactor"],"picked":"SKIP","floor":4},{"not_picked":["Chill","ReplaySort"],"picked":"Genetic Algorithm","floor":5},{"not_picked":["Hello World","Darkness","Rebound"],"picked":"SKIP","floor":7},{"not_picked":["Streamline","Recycle"],"picked":"BootSequence","floor":11},{"not_picked":["Gash","DiskWipe"],"picked":"Electrodynamics","floor":13},{"not_picked":["StuffTheSpire:Purify","Creative AI"],"picked":"Core Surge","floor":16},{"not_picked":["StuffTheSpire:Rend","Panic Button","Steam"],"picked":"SKIP","floor":18},{"not_picked":["Mirror Shield","StuffTheSpire:Plugnplay+1"],"picked":"Redo","floor":19},{"not_picked":["Rebound","StuffTheSpire:LoadUp","Double Energy"],"picked":"SKIP","floor":24},{"not_picked":["Time Bomb","ReplaySolidLightProjector","Hologram"],"picked":"SKIP","floor":25},{"not_picked":["Redo","Cold Snap","Genetic Algorithm+1"],"picked":"SKIP","floor":28},{"not_picked":["Go for the Eyes","Beam Cell","Streamline"],"picked":"SKIP","floor":29},{"not_picked":["Chaos","Blizzard","Leap+1"],"picked":"SKIP","floor":31},{"not_picked":["Hologram+1","Recycle+1","Rebound"],"picked":"SKIP","floor":35},{"not_picked":["Hologram","Electrodynamics"],"picked":"hubris:PowerSurge","floor":37},{"not_picked":["Reprogram+1","Beam Cell","Barrage"],"picked":"SKIP","floor":39},{"not_picked":["BasicCrystalCard+1","aspiration:Polymerization","Sweeping Beam+1"],"picked":"SKIP","floor":42},{"not_picked":["StuffTheSpire:ShieldGenerator","Steam","Glacier+1"],"picked":"SKIP","floor":44},{"not_picked":["Beam Cell","Coolheaded"],"picked":"hubris:PowerSurge+1","floor":47},{"not_picked":["Rebound+1","Hologram+1","Stack+1"],"picked":"SKIP","floor":51},{"not_picked":["StuffTheSpire:Rend+1","StuffTheSpire:Coldhearted+1","Hologram+1"],"picked":"SKIP","floor":52},{"not_picked":["StuffTheSpire:GlassShard+1","Steam","hubris:Ukulele"],"picked":"SKIP","floor":56}],"player_experience":998759,"relics_obtained":[{"floor":9,"key":"infinitespire:Joker Card"},{"floor":24,"key":"conspire:DeflatedDodgeball"},{"floor":26,"key":"DataDisk"},{"floor":28,"key":"reliquary:RoseTintedGlasses"},{"floor":42,"key":"Iron Hammer"},{"floor":43,"key":"Replay:Baseball"},{"floor":44,"key":"Counterbalance"},{"floor":47,"key":"CatCart"},{"floor":51,"key":"paleoftheancients:SoulOfTheShapes"}],"event_choices":[{"cards_removed":["Sweeping Beam"],"damage_healed":0,"gold_gain":0,"player_choice":"Take \u0026 Give","damage_taken":0,"max_hp_gain":0,"max_hp_loss":0,"event_name":"betterNote:BetterNote","floor":20,"gold_loss":0,"cards_obtained":["Apotheosis"]},{"damage_healed":0,"gold_gain":100,"player_choice":"Pray","damage_taken":0,"max_hp_gain":0,"max_hp_loss":0,"event_name":"Golden Shrine","floor":36,"gold_loss":0},{"damage_healed":0,"gold_gain":0,"player_choice":"Fight","damage_taken":0,"max_hp_gain":0,"max_hp_loss":0,"event_name":"OrinTheCat","floor":47,"gold_loss":0}],"is_beta":false,"boss_relics":[{"not_picked":["reliquary:WritOfMandamus","Busted Crown"],"picked":"Replay:Grab Bag"},{"not_picked":["energizedSpire:OldTV","energizedSpire:NeverEndingSparkler"],"picked":"energizedSpire:DeadBattery"},{"not_picked":["ReplayTheSpireMod:Onyx Gauntlets","ReplayTheSpireMod:DimensionalGlitch"],"picked":"bronze:MakeshiftBattery"},{"not_picked":["conspire:SpecialSausage","hubris:BlackHole"],"picked":"StuffTheSpire:RunicHypercube"},{"not_picked":["trackpad:NeutrinoGenerator","reliquary:Ember"],"picked":"potionbrewer:BhaskarasWheel"}],"items_purged_floors":[21,45,48],"is_endless":false,"potions_floor_spawned":[3,5,7,11,13,19,25,31,33,37,44,47,51,56],"ascension_level":0}}