{"host":"tetq3wi5anb97imq","time":1613359203,"event":{"mods":["BaseMod","Block Reminder","Minty Spire (QoL Compilation)","Quick Restart","StSLib","SuperFastMode"],"gold_per_floor":[112,129,129,129,57,84,84,116,116,145,145,171,187,202,202,302,302,315,315,12,12,22,41,74,74,74,85,114,130,157,157,157,259,259,275,275,286,298,308,333,345,345,345,364,40,40,75,87,87,87,87,87,48,81,81,81],"floor_reached":55,"language":"ENG","playtime":1863,"items_purged":["Strike_G"],"score":935,"play_id":"8fcd4af8-f34b-4b97-8ee9-b3840ebb2858","local_time":"20210215012003","is_ascension_mode":true,"campfire_choices":[{"data":"Predator","floor":7,"key":"SMITH"},{"data":"Noxious Fumes","floor":11,"key":"SMITH"},{"floor":15,"key":"REST"},{"data":"Venomology","floor":25,"key":"SMITH"},{"floor":32,"key":"REST"},{"data":"Caltrops","floor":42,"key":"SMITH"},{"floor":46,"key":"RECALL"},{"floor":49,"key":"REST"},{"data":"Poisoned Stab","floor":52,"key":"SMITH"}],"circlet_count":0,"master_deck":["Strike_G","Strike_G","Strike_G","Strike_G","Defend_G","Defend_G","Defend_G","Defend_G","Defend_G","Survivor","Neutralize+1","Noxious Fumes+1","Dagger Spray","Backflip","Poisoned Stab","Predator+1","Distraction","Heel Hook+1","Poisoned Stab","Flying Knee","Venomology+1","PiercingWail","Writhe","Dodge and Roll","Caltrops+1","Unload","Blade Dance","Unload","Blade Dance","Backflip+1","Cloak And Dagger","Cloak And Dagger","Poisoned Stab+1","Footwork+1","Footwork","Footwork"],"relics":["Ring of the Snake","NeowsBlessing","Happy Flower","Ornamental Fan","Boot","Unceasing Top","White Beast Statue","Du-Vu Doll","Pen Nib","Philosopher\u0027s Stone","Blue Candle","Turnip","MutagenicStrength","Whetstone","Pocketwatch","PreservedInsect","Dead Branch","Nilry\u0027s Codex","Busted Crown","Snake Skull","Bronze Scales","Art of War","Incense Burner"],"acts_visited":["Exordium","TheCity","TheBeyond","TheEnding"],"potions_floor_usage":[8,14,18,22,24,24,24,27,28,28,28,28,28,29,30,30,30,30,33,33,35,37,38,39,40,41,41,44,48,50,50,55,55,55],"damage_taken":[{"damage":0,"enemies":"Jaw Worm","floor":1,"turns":1},{"damage":0,"enemies":"Cultist","floor":2,"turns":1},{"damage":0,"enemies":"Gremlin Nob","floor":6,"turns":1},{"damage":5,"enemies":"Lagavulin","floor":8,"turns":5},{"damage":20,"enemies":"3 Sentries","floor":10,"turns":5},{"damage":8,"enemies":"Lagavulin","floor":12,"turns":6},{"damage":0,"enemies":"Small Slimes","floor":13,"turns":1},{"damage":10,"enemies":"Exordium Thugs","floor":14,"turns":2},{"damage":31,"enemies":"The Guardian","floor":16,"turns":10},{"damage":4,"enemies":"Chosen","floor":18,"turns":4},{"damage":1,"enemies":"Spheric Guardian","floor":22,"turns":3},{"damage":3,"enemies":"Snake Plant","floor":23,"turns":4},{"damage":12,"enemies":"Book of Stabbing","floor":24,"turns":4},{"damage":0,"enemies":"Shelled Parasite and Fungi","floor":27,"turns":5},{"damage":0,"enemies":"Slavers","floor":28,"turns":3},{"damage":7,"enemies":"Cultist and Chosen","floor":29,"turns":3},{"damage":1,"enemies":"Gremlin Leader","floor":30,"turns":5},{"damage":27,"enemies":"Champ","floor":33,"turns":12},{"damage":16,"enemies":"Orb Walker","floor":35,"turns":4},{"damage":14,"enemies":"3 Darklings","floor":37,"turns":4},{"damage":1,"enemies":"Sphere and 2 Shapes","floor":38,"turns":6},{"damage":1,"enemies":"Spire Growth","floor":39,"turns":3},{"damage":11,"enemies":"Reptomancer","floor":40,"turns":5},{"damage":2,"enemies":"Writhing Mass","floor":41,"turns":4},{"damage":0,"enemies":"Transient","floor":44,"turns":5},{"damage":0,"enemies":"Giant Head","floor":47,"turns":5},{"damage":1,"enemies":"Spire Growth","floor":48,"turns":3},{"damage":44,"enemies":"Time Eater","floor":50,"turns":9},{"damage":43,"enemies":"Shield and Spear","floor":54,"turns":5},{"damage":44,"enemies":"The Heart","floor":55,"turns":2}],"seed_played":"2078108793877396946","potions_obtained":[{"floor":1,"key":"Weak Potion"},{"floor":10,"key":"Dexterity Potion"},{"floor":12,"key":"Explosive Potion"},{"floor":13,"key":"SmokeBomb"},{"floor":14,"key":"LiquidMemories"},{"floor":16,"key":"SteroidPotion"},{"floor":18,"key":"PowerPotion"},{"floor":22,"key":"Strength Potion"},{"floor":24,"key":"DistilledChaos"},{"floor":27,"key":"CunningPotion"},{"floor":28,"key":"FearPotion"},{"floor":29,"key":"PowerPotion"},{"floor":30,"key":"BlessingOfTheForge"},{"floor":33,"key":"BlessingOfTheForge"},{"floor":35,"key":"Explosive Potion"},{"floor":36,"key":"CunningPotion"},{"floor":36,"key":"GhostInAJar"},{"floor":36,"key":"SkillPotion"},{"floor":37,"key":"LiquidMemories"},{"floor":38,"key":"Energy Potion"},{"floor":39,"key":"DuplicationPotion"},{"floor":41,"key":"Weak Potion"},{"floor":44,"key":"CultistPotion"},{"floor":48,"key":"Weak Potion"}],"is_trial":false,"path_per_floor":["M","M","?","T","$","E","R","E","T","E","R","E","M","M","R","B",null,"M","?","$","?","M","M","E","R","T","M","E","M","E","?","R","B",null,"M","?","M","M","M","E","M","R","T","M","$","R","E","M","R","B",null,"R","$","E","B"],"character_chosen":"THE_SILENT","items_purchased":["Backflip","Poisoned Stab","Turnip","Bronze Scales","Cloak And Dagger","Poisoned Stab","Footwork"],"campfire_rested":3,"item_purchase_floors":[5,5,20,45,45,45,53],"current_hp_per_floor":[70,70,58,58,58,58,58,53,53,33,33,25,25,15,36,5,70,66,66,66,66,65,62,50,50,50,50,50,43,42,26,47,20,70,54,54,40,39,38,27,25,25,25,25,25,25,25,24,45,1,70,70,70,27,0,0],"gold":81,"neow_bonus":"THREE_ENEMY_KILL","is_daily":false,"chose_seed":false,"campfire_upgraded":5,"win_rate":0.0,"timestamp":1613359203,"path_taken":["M","M","?","?","$","E","R","E","T","E","R","E","M","?","R","BOSS","M","?","$","?","?","M","E","R","T","M","E","M","E","?","R","BOSS","M","?","?","M","M","E","M","R","T","M","$","R","E","M","R","BOSS","R","$","E","BOSS"],"items_purchased_type":["Card","Card","Relic","Relic","Card","Card","Card"],"build_version":"2020-12-22","purchased_purges":1,"victory":false,"max_hp_per_floor":[70,70,70,70,70,70,70,70,70,70,70,70,70,70,70,70,70,70,70,70,70,70,70,70,70,70,70,70,70,70,70,70,70,70,70,70,70,70,70,70,70,70,70,70,70,70,70,70,70,70,70,70,70,70,70,70],"card_choices":[{"not_picked":["Dodge and Roll","Deadly Poison"],"picked":"Noxious Fumes","floor":1},{"not_picked":["Heel Hook","Flying Knee"],"picked":"Dagger Spray","floor":2},{"not_picked":["Sucker Punch","Flechettes"],"picked":"Predator","floor":6},{"not_picked":["Tactician","Dagger Spray"],"picked":"Distraction","floor":8},{"not_picked":["Calculated Gamble","Expertise","Prepared"],"picked":"SKIP","floor":10},{"not_picked":["Poisoned Stab","Predator"],"picked":"Heel Hook","floor":12},{"not_picked":["Acrobatics","Accuracy"],"picked":"Poisoned Stab","floor":13},{"not_picked":["Flying Knee","Heel Hook","Acrobatics"],"picked":"SKIP","floor":14},{"not_picked":["Heel Hook","Acrobatics"],"picked":"Flying Knee","floor":14},{"not_picked":["Grand Finale","Burst"],"picked":"Venomology","floor":16},{"not_picked":["Bane","Setup+1"],"picked":"PiercingWail","floor":18},{"not_picked":["Flechettes","Prepared","Accuracy"],"picked":"SKIP","floor":22},{"not_picked":["Cloak And Dagger","Blade Dance+1","Infinite Blades+1"],"picked":"SKIP","floor":23},{"not_picked":["Bane","Blade Dance"],"picked":"Dodge and Roll","floor":24},{"not_picked":["Infinite Blades","Wraith Form v2"],"picked":"Caltrops","floor":27},{"not_picked":["Dagger Throw","Venomology"],"picked":"Unload","floor":28},{"not_picked":["Quick Slash","Riddle With Holes","Blade Dance+1"],"picked":"SKIP","floor":29},{"not_picked":["Poisoned Stab","Tactician"],"picked":"Blade Dance","floor":30},{"not_picked":["Bullet Time","Grand Finale"],"picked":"Unload","floor":33},{"not_picked":[],"picked":"Blade Dance","floor":35},{"not_picked":["Tactician+1"],"picked":"SKIP","floor":37},{"not_picked":["Tactician+1"],"picked":"SKIP","floor":38},{"not_picked":["Tactician+1"],"picked":"SKIP","floor":38},{"not_picked":[],"picked":"Backflip+1","floor":39},{"not_picked":["Dagger Spray"],"picked":"SKIP","floor":40},{"not_picked":[],"picked":"Cloak And Dagger","floor":41},{"not_picked":["Dagger Spray"],"picked":"SKIP","floor":44},{"not_picked":["Setup"],"picked":"SKIP","floor":47},{"not_picked":[],"picked":"Footwork+1","floor":48},{"not_picked":[],"picked":"Footwork","floor":54}],"player_experience":526670,"relics_obtained":[{"floor":4,"key":"Ornamental Fan"},{"floor":6,"key":"Boot"},{"floor":8,"key":"Unceasing Top"},{"floor":9,"key":"White Beast Statue"},{"floor":10,"key":"Du-Vu Doll"},{"floor":12,"key":"Pen Nib"},{"floor":24,"key":"Whetstone"},{"floor":26,"key":"Pocketwatch"},{"floor":28,"key":"PreservedInsect"},{"floor":30,"key":"Dead Branch"},{"floor":31,"key":"Nilry\u0027s Codex"},{"floor":40,"key":"Snake Skull"},{"floor":47,"key":"Art of War"},{"floor":54,"key":"Incense Burner"}],"event_choices":[{"damage_healed":0,"gold_gain":0,"player_choice":"Success","damage_taken":12,"relics_obtained":["Happy Flower"],"max_hp_gain":0,"max_hp_loss":0,"event_name":"Scrap Ooze","floor":3,"gold_loss":0},{"damage_healed":0,"gold_gain":0,"player_choice":"Opened","damage_taken":0,"relics_obtained":["Blue Candle"],"max_hp_gain":0,"max_hp_loss":0,"event_name":"The Mausoleum","floor":19,"gold_loss":0,"cards_obtained":["Writhe"]},{"damage_healed":0,"gold_gain":0,"player_choice":"Inject Mutagens","damage_taken":0,"relics_obtained":["MutagenicStrength"],"max_hp_gain":0,"max_hp_loss":0,"event_name":"Drug Dealer","floor":21,"gold_loss":0},{"damage_healed":0,"gold_gain":0,"player_choice":"Obtained Book","damage_taken":16,"max_hp_gain":0,"max_hp_loss":0,"event_name":"Cursed Tome","floor":31,"gold_loss":0},{"damage_healed":0,"gold_gain":0,"player_choice":"Got Potions","damage_taken":0,"max_hp_gain":0,"max_hp_loss":0,"event_name":"Lab","floor":36,"gold_loss":0}],"is_beta":false,"boss_relics":[{"not_picked":["Astrolabe","Ring of the Serpent"],"picked":"Philosopher\u0027s Stone"},{"not_picked":["Tiny House","Empty Cage"],"picked":"Busted Crown"}],"items_purged_floors":[45],"is_endless":false,"potions_floor_spawned":[1,10,12,13,14,16,18,22,23,24,27,28,29,30,33,35,37,38,39,40,41,44,47,48,54],"killed_by":"The Heart","ascension_level":1}}