{"host":"ormi09wwzv7sq47a","time":1613398398,"event":{"mods":["2.2 Compatiblity","AchievementEnabler","Act Like it!","BaseMod","Bestiary","Better Altar","Better Note","Better Sensory Stone","Better Silent Start","Better Skull","Better Third Choice","Better Vampires","BetterRewards","Block Reminder","Card Forge","Colored Map","Colored Powertips","Curses Come First","DeckTracker","Downfall","Highlight Path","Minty Spire (QoL Compilation)","Permanent Neow","Quick Restart","Rare Cards Sparkle","Relic Stats","Shop Mod","StSLib","The Jungle"],"gold_per_floor":[46,46,46,62,62,62,6,6,53,66,97,97,97,97],"floor_reached":13,"language":"ENG","playtime":331,"items_purged":[],"score":154,"play_id":"5f506dba-e4d4-473a-98a8-31c383292b00","local_time":"20210215111318","is_ascension_mode":true,"campfire_choices":[{"floor":6,"key":"REST"},{"data":"Battle Trance","floor":8,"key":"SMITH"},{"data":"Seeing Red","floor":12,"key":"SMITH"}],"circlet_count":0,"master_deck":["AscendersBane","Strike_R","Strike_R","Strike_R","Strike_R","Strike_R","Defend_R+1","Defend_R","Defend_R","Defend_R+1","Bash","Shrug It Off","Battle Trance+1","Shrug It Off","Shrug It Off","Fire Breathing","Seeing Red+1"],"relics":["Burning Blood","Hammer of Thor","Seething Fire","Anvil of the Gods","champ:DuelingGlove","Thread and Needle","sneckomod:BlankCard","MealTicket","Art of War","Prayer Wheel"],"acts_visited":["Exordium"],"potions_floor_usage":[11],"damage_taken":[{"damage":0,"enemies":"2 Louse","floor":1,"turns":3},{"damage":0,"enemies":"Cultist","floor":4,"turns":4},{"damage":0,"enemies":"Jaw Worm","floor":10,"turns":4},{"damage":22,"enemies":"Gremlin Nob","floor":11,"turns":4},{"damage":37,"enemies":"Lagavulin","floor":13,"turns":6}],"seed_played":"1394196560811857931","potions_obtained":[{"floor":1,"key":"sneckomod:MuddlingPotion"}],"is_trial":false,"path_per_floor":["M","?","$","M","?","R","$","R","T","M","E","R","E"],"character_chosen":"IRONCLAD","items_purchased":["Shrug It Off","sneckomod:BlankCard","Shrug It Off"],"campfire_rested":1,"item_purchase_floors":[0,0,7],"current_hp_per_floor":[39,13,28,34,11,33,48,48,48,54,38,38,1,1],"gold":97,"neow_bonus":"","is_daily":false,"chose_seed":false,"campfire_upgraded":2,"win_rate":0.0,"timestamp":1613398398,"path_taken":["M","?","$","M","?","R","$","R","T","M","E","R","E"],"items_purchased_type":["Card","Relic","Card"],"build_version":"2020-12-22","purchased_purges":0,"victory":false,"max_hp_per_floor":[75,75,75,75,75,75,75,75,75,75,75,75,75,75],"relic_stats":{"counters":[70,302],"MealTicket":30,"Prayer Wheel":0,"Art of War":[0],"obtain_stats":[{"Ice Cream":0,"Darkstone Periapt":12,"champ:DuelingGlove":0,"Torii":34,"sneckomod:BlankCard":0,"Vajra":0,"StoneCalendar":14,"Mango":17,"Hammer of Thor":0,"Ancient Tea Set":26,"Burning Blood":0,"Sozu":17,"Blood Vial":26,"Nunchaku":43,"Matryoshka":22,"Mummified Hand":10,"Prayer Wheel":9,"MealTicket":19,"WingedGreaves":0,"Red Skull":34,"Happy Flower":40,"Blue Candle":47,"Oddly Smooth Stone":46,"Thread and Needle":0,"Charon\u0027s Ashes":54,"The Courier":29,"Seething Fire":0,"Question Card":5,"Akabeko":36,"White Beast Statue":17,"Peace Pipe":26,"Calling Bell":34,"Anchor":19,"Shuriken":44,"Ornamental Fan":34,"Anvil of the Gods":0,"Bronze Scales":45,"Mark of Pain":17,"Coffee Dripper":34,"Art of War":9,"Champion Belt":21,"hexamod:BolsterEngine":9,"StrikeDummy":0,"Unceasing Top":38,"TungstenRod":0,"Pocketwatch":24,"Meat on the Bone":7},{"Ice Cream":54,"Darkstone Periapt":59,"champ:DuelingGlove":65,"Torii":43,"sneckomod:BlankCard":65,"Vajra":27,"StoneCalendar":60,"Mango":61,"Hammer of Thor":0,"Ancient Tea Set":39,"Burning Blood":0,"Sozu":8,"Blood Vial":12,"Nunchaku":21,"Matryoshka":11,"Mummified Hand":5,"Prayer Wheel":4,"MealTicket":62,"WingedGreaves":54,"Red Skull":43,"Happy Flower":49,"Blue Candle":52,"Oddly Smooth Stone":23,"Thread and Needle":65,"Charon\u0027s Ashes":26,"The Courier":41,"Seething Fire":0,"Question Card":4,"Akabeko":18,"White Beast Statue":61,"Peace Pipe":12,"Calling Bell":43,"Anchor":36,"Shuriken":22,"Ornamental Fan":43,"Anvil of the Gods":0,"Bronze Scales":22,"Mark of Pain":35,"Coffee Dripper":17,"Art of War":67,"Champion Belt":11,"hexamod:BolsterEngine":33,"StrikeDummy":54,"Unceasing Top":20,"TungstenRod":27,"Pocketwatch":12,"Meat on the Bone":32},{"Ice Cream":236,"Darkstone Periapt":257,"champ:DuelingGlove":281,"Torii":188,"sneckomod:BlankCard":281,"Vajra":119,"StoneCalendar":261,"Mango":268,"Hammer of Thor":0,"Ancient Tea Set":174,"Burning Blood":0,"Sozu":31,"Blood Vial":48,"Nunchaku":90,"Matryoshka":41,"Mummified Hand":21,"Prayer Wheel":16,"MealTicket":269,"WingedGreaves":236,"Red Skull":188,"Happy Flower":208,"Blue Candle":224,"Oddly Smooth Stone":101,"Thread and Needle":281,"Charon\u0027s Ashes":114,"The Courier":182,"Seething Fire":0,"Question Card":16,"Akabeko":77,"White Beast Statue":268,"Peace Pipe":48,"Calling Bell":188,"Anchor":164,"Shuriken":96,"Ornamental Fan":188,"Anvil of the Gods":0,"Bronze Scales":96,"Mark of Pain":162,"Coffee Dripper":74,"Art of War":288,"Champion Belt":41,"hexamod:BolsterEngine":147,"StrikeDummy":236,"Unceasing Top":86,"TungstenRod":119,"Pocketwatch":48,"Meat on the Bone":142}],"Burning Blood":380},"card_choices":[{"not_picked":["Seeing Red","Clothesline"],"picked":"Battle Trance","floor":1},{"not_picked":["Clash","Armaments"],"picked":"Shrug It Off","floor":4},{"not_picked":["Dual Wield","Inflame"],"picked":"Fire Breathing","floor":10},{"not_picked":["Thunderclap","Headbutt"],"picked":"Seeing Red","floor":11}],"player_experience":1084789,"relics_obtained":[{"floor":9,"key":"Art of War"},{"floor":11,"key":"Prayer Wheel"}],"event_choices":[{"damage_healed":0,"gold_gain":0,"player_choice":"Relic ","damage_taken":26,"max_hp_gain":0,"max_hp_loss":0,"event_name":"betterThird:BetterScrap","floor":2,"gold_loss":0,"cards_obtained":["WreathOfFlame"]},{"damage_healed":34,"gold_gain":0,"player_choice":"Upgrade","damage_taken":23,"max_hp_gain":0,"max_hp_loss":75,"event_name":"betterThird:BetterShining","floor":5,"gold_loss":0,"cards_upgraded":["Defend_R","Defend_R"]}],"is_beta":false,"boss_relics":[],"items_purged_floors":[],"is_endless":false,"potions_floor_spawned":[1],"killed_by":"Lagavulin","ascension_level":18}}