{"host":"0mhttqdumuceah7q","time":1613389440,"event":{"mods":["AchievementEnabler","BaseMod","Colored Map","DeckTracker","Minty Spire (QoL Compilation)","Permanent Neow"],"gold_per_floor":[110,110,185,195,40,69,69,83,108,133,143,170,187,205,205,205,205],"floor_reached":16,"language":"KOR","playtime":461,"items_purged":[],"score":137,"play_id":"77282a4c-a172-47ef-b0c0-17e645140cec","local_time":"20210215204400","is_ascension_mode":false,"campfire_choices":[{"data":"Cloak And Dagger","floor":15,"key":"SMITH"}],"circlet_count":0,"master_deck":["Strike_G","Strike_G","Strike_G","Strike_G","Defend_G","Defend_G","Defend_G","Defend_G","Defend_G","Survivor","Neutralize","Cloak And Dagger+1","Distraction","Dagger Throw","Dagger Throw","Slice","Prepared","Accuracy","Flying Knee"],"relics":["Ring of the Snake","NeowsBlessing","Bronze Scales","Happy Flower","Potion Belt","Juzu Bracelet","Omamori"],"acts_visited":[],"potions_floor_usage":[16],"damage_taken":[{"damage":0.0,"enemies":"Small Slimes","floor":1.0,"turns":1.0},{"damage":0.0,"enemies":"Jaw Worm","floor":4.0,"turns":1.0},{"damage":0.0,"enemies":"3 Sentries","floor":6.0,"turns":1.0},{"damage":0,"enemies":"2 Louse","floor":8,"turns":3},{"damage":25,"enemies":"Gremlin Nob","floor":10,"turns":5},{"damage":4,"enemies":"Large Slime","floor":11,"turns":5},{"damage":0,"enemies":"Blue Slaver","floor":13,"turns":3},{"damage":0,"enemies":"Looter","floor":14,"turns":3},{"damage":22,"enemies":"The Guardian","floor":16,"turns":5}],"seed_played":"-4410363672953919023","potions_obtained":[{"floor":1.0,"key":"Dexterity Potion"},{"floor":4.0,"key":"SpeedPotion"},{"floor":10,"key":"Energy Potion"},{"floor":11,"key":"DuplicationPotion"}],"is_trial":false,"path_per_floor":["M","?","?","M","$","E","?","M","T","E","M","T","M","M","R","B"],"character_chosen":"THE_SILENT","items_purchased":["Bronze Scales"],"campfire_rested":0,"item_purchase_floors":[5],"current_hp_per_floor":[70,67,56,56,56,56,49,49,49,24,20,20,20,20,20,0,0],"gold":205,"neow_bonus":"THREE_ENEMY_KILL","is_daily":false,"chose_seed":false,"campfire_upgraded":1,"win_rate":0.0,"timestamp":1613389440,"path_taken":["M","?","?","M","?","E","?","M","T","E","M","?","M","M","R","BOSS"],"items_purchased_type":["Relic"],"build_version":"2020-12-22","purchased_purges":0,"victory":false,"max_hp_per_floor":[70,70,70,70,70,70,70,70,70,70,70,70,70,70,70,70,70],"card_choices":[{"not_picked":["All Out Attack","Backstab"],"picked":"Cloak And Dagger","floor":1.0},{"not_picked":["Acrobatics","Calculated Gamble"],"picked":"Distraction","floor":4.0},{"not_picked":["Distraction","All Out Attack"],"picked":"Dagger Throw","floor":6.0},{"not_picked":["Bane","Noxious Fumes"],"picked":"Dagger Throw","floor":8},{"not_picked":["Quick Slash","PiercingWail"],"picked":"Slice","floor":10},{"not_picked":["Backstab","Quick Slash"],"picked":"Prepared","floor":11},{"not_picked":["Reflex","Escape Plan"],"picked":"Accuracy","floor":13},{"not_picked":["Dodge and Roll","Prepared"],"picked":"Flying Knee","floor":14}],"player_experience":91797,"relics_obtained":[{"floor":6.0,"key":"Happy Flower"},{"floor":9,"key":"Potion Belt"},{"floor":10,"key":"Juzu Bracelet"},{"floor":12,"key":"Omamori"}],"event_choices":[{"damage_healed":0.0,"max_hp_gain":0.0,"max_hp_loss":0.0,"gold_gain":0.0,"event_name":"Scrap Ooze","player_choice":"Fled","floor":2.0,"gold_loss":0.0,"damage_taken":3.0},{"damage_healed":0.0,"max_hp_gain":0.0,"max_hp_loss":0.0,"gold_gain":75.0,"event_name":"World of Goop","player_choice":"Gather Gold","floor":3.0,"gold_loss":0.0,"damage_taken":11.0},{"cards_removed":["Strike_G"],"damage_healed":0.0,"max_hp_gain":0.0,"max_hp_loss":0.0,"gold_gain":0.0,"event_name":"Golden Wing","player_choice":"Card Removal","floor":7.0,"gold_loss":0.0,"damage_taken":7.0}],"is_beta":false,"boss_relics":[],"items_purged_floors":[],"is_endless":false,"potions_floor_spawned":[1,4,10,11],"killed_by":"The Guardian","ascension_level":0}}