{"host":"hpn0uxah5qjr7pa6","time":1613363082,"event":{"mods":["2.2 Compatiblity","Act Like it!","Aspiration","BaseMod","Better Third Choice","BetterRewards","Challenge The Spire","Colored Powertips","Conspire","DeckTracker","Downfall","Energized Spire","Hallownest","Hermit","Highlight Path","Hubris","Infinite Spire","Minty Spire (QoL Compilation)","Permanent Neow","Quick Restart","Rare Cards Sparkle","Replay The Spire","Spicy Shops","StSLib"],"gold_per_floor":[111,121,75,94,57,57,76,95,121,149,149,182,152,152,152,256,256,275,275,275,275,288,288,306,306,330,330,340,340,353,353,353,449,449,460,460,460,470,498,498,498,498,498,512,539,539,557,576,576,586,586,586],"floor_reached":53,"language":"ENG","playtime":2018,"items_purged":[],"score":792,"play_id":"fe1e67a2-01f3-4f11-a0f4-e4f76f009496","local_time":"20210214202442","daily_mods":["SealedDeck"],"is_ascension_mode":false,"campfire_choices":[{"data":"bronze:ChosenStrike","floor":6.0,"key":"SMITH"},{"data":"bronze:ChosenStrike","floor":11,"key":"SMITH"},{"floor":23,"key":"REST"},{"data":"bronze:OilSpill","floor":25,"key":"SMITH"},{"data":"bronze:OilSpill","floor":27,"key":"SMITH"},{"data":"bronze:Overheat","floor":32,"key":"SMITH"},{"floor":40,"key":"REST"},{"data":"bronze:RecursiveStrike","floor":43,"key":"SMITH"},{"floor":49,"key":"REST"},{"data":"bronze:OilSpill","floor":51,"key":"SMITH"}],"circlet_count":0,"master_deck":["bronze:Overheat+1","bronze:Frontload","bronze:Frontload","bronze:WhirlingStrike","bronze:Shield","bronze:Separator+1","bronze:Shield","bronze:DelayedSlice+1","bronze:ChosenStrike+1","bronze:ChosenStrike+1","bronze:OilSpill+1","bronze:OilSpill+1","bronze:Branch+1","bronze:RecursiveStrike+1","bronze:Repair+1","bronze:OilSpill+1","Parasite","bronze:OilSpill+1"],"relics":["bronze:BronzeCore","Guardian:PocketSentry","Akabeko","hubris:Stopwatch","Gremlin Food","sneckomod:SneckoTalon","Ice Cream","energizedSpire:NeverEndingSparkler","ReplayTheSpireMod:TigerMarble","Blue Doll","Whetstone","Blue Candle"],"acts_visited":["Exordium","TheCity","TheBeyond"],"potions_floor_usage":[10,10,16,24,33,39,48,52,52,52],"damage_taken":[{"damage":0.0,"enemies":"Jaw Worm","floor":1.0,"turns":2.0},{"damage":0.0,"enemies":"Small Slimes","floor":2.0,"turns":1.0},{"damage":0.0,"enemies":"2 Louse","floor":4.0,"turns":2.0},{"damage":0.0,"enemies":"Exordium Thugs","floor":7.0,"turns":2.0},{"damage":0.0,"enemies":"2 Fungi Beasts","floor":8.0,"turns":2.0},{"damage":0,"enemies":"Lagavulin","floor":10,"turns":2},{"damage":0,"enemies":"3 Sentries","floor":12,"turns":2},{"damage":0,"enemies":"Fading Forest","floor":16,"turns":11},{"damage":2,"enemies":"3 Byrds","floor":18,"turns":3},{"damage":0,"enemies":"Shell Parasite","floor":22,"turns":3},{"damage":0,"enemies":"Cultist and Chosen","floor":24,"turns":3},{"damage":0,"enemies":"3 Cultists","floor":28,"turns":3},{"damage":0,"enemies":"Snake Plant","floor":30,"turns":2},{"damage":4,"enemies":"conspire:MysteriousRune","floor":33,"turns":6},{"damage":4,"enemies":"3 Darklings","floor":35,"turns":3},{"damage":0,"enemies":"3 Shapes","floor":38,"turns":2},{"damage":26,"enemies":"conspire:MimicChest","floor":39,"turns":4},{"damage":0,"enemies":"Writhing Mass","floor":44,"turns":3},{"damage":7,"enemies":"4 Shapes","floor":47,"turns":3},{"damage":10,"enemies":"Maw","floor":48,"turns":4},{"damage":0,"enemies":"Sphere and 2 Shapes","floor":50,"turns":2},{"damage":75,"enemies":"Awakened One","floor":52,"turns":12}],"seed_played":"-8041301459147505275","potions_obtained":[{"floor":1.0,"key":"SkillPotion"},{"floor":4.0,"key":"Swift Potion"},{"floor":10,"key":"Regen Potion"},{"floor":15,"key":"Doom Potion"},{"floor":15,"key":"SkillPotion"},{"floor":16,"key":"SteroidPotion"},{"floor":18,"key":"Energy Potion"},{"floor":24,"key":"Reflective Coating"},{"floor":39,"key":"Fire Potion"},{"floor":44,"key":"hexamod:SoulburnPotion"},{"floor":48,"key":"Adrenaline Potion"},{"floor":50,"key":"Regen Potion"}],"is_trial":true,"path_per_floor":["M","M","$","M","$","R","M","M","T","E","R","E","?","?","R","B",null,"M","?","?","$","M","R","M","R","T","R","M","?","M","AVR","R","B",null,"M","?","AVR","M","?","R","PTL","PTL","R","M","T","?","M","M","R","M","R","B",null],"character_chosen":"THE_AUTOMATON","items_purchased":["bronze:OilSpill","bronze:OilSpill"],"campfire_rested":3,"item_purchase_floors":[3,5],"current_hp_per_floor":[70,70,70,70,70,70,70,70,70,70,70,70,70,70,70,70,70,70,70,57,57,57,75,75,75,75,75,75,75,75,75,75,75,75,71,71,71,71,53,75,75,75,75,75,75,70,71,66,76,76,76,21],"gold":586,"neow_bonus":"","is_daily":false,"chose_seed":false,"campfire_upgraded":7,"win_rate":0.0,"timestamp":1613363082,"path_taken":["M","M","$","M","$","R","M","M","T","E","R","E","?","?","R","BOSS","M","?","?","$","M","R","M","R","T","R","?","?","M","AVR","R","BOSS","M","?","AVR","M","?","R","PTL","PTL","R","M","T","?","M","M","R","M","R","BOSS"],"items_purchased_type":["Card","Card"],"build_version":"2020-12-22","purchased_purges":0,"victory":true,"max_hp_per_floor":[70,70,70,70,70,70,70,70,70,70,70,70,70,70,70,70,70,70,70,75,75,75,75,75,75,75,75,75,75,75,75,75,75,75,75,75,75,75,75,75,75,75,75,75,75,75,76,76,76,76,76,76],"card_choices":[{"not_picked":["bronze:Iterate","bronze:ItsAFeature","bronze:ForceShield"],"picked":"SKIP","floor":1.0},{"not_picked":["bronze:Repulsor","bronze:ClassDefault","bronze:CutThrough"],"picked":"SKIP","floor":2.0},{"not_picked":["bronze:ChildClass","bronze:DelayedGuard","bronze:InfiniteBeams"],"picked":"SKIP","floor":4.0},{"not_picked":["bronze:CutThrough","bronze:BuggyMess"],"picked":"bronze:Branch","floor":7.0},{"not_picked":["bronze:BuggyMess","bronze:Boost","bronze:WhirlingStrike"],"picked":"SKIP","floor":8.0},{"not_picked":["bronze:Format","bronze:ClassDefault"],"picked":"bronze:RecursiveStrike","floor":10},{"not_picked":["bronze:CutThrough","bronze:Verify"],"picked":"bronze:Repair","floor":12},{"not_picked":["bronze:FineTuning","bronze:DelayedSlice","bronze:Invalidate"],"picked":"SKIP","floor":18},{"not_picked":["bronze:Branch","bronze:WhirlingStrike"],"picked":"bronze:OilSpill+1","floor":22},{"not_picked":["bronze:Repulsor","bronze:Frontload","bronze:DelayedGuard+1"],"picked":"SKIP","floor":24},{"not_picked":["bronze:Separator","bronze:FollowUp","bronze:Iterate"],"picked":"SKIP","floor":28},{"not_picked":["bronze:Constructor+1","bronze:Hardcode","bronze:DarkDash"],"picked":"SKIP","floor":30},{"not_picked":["bronze:DelayedSlice","bronze:Frontload","bronze:Allocate+1"],"picked":"SKIP","floor":35},{"not_picked":["bronze:InfiniteBeams","bronze:GetLatest","bronze:Frontload"],"picked":"SKIP","floor":38},{"not_picked":["bronze:Fortify+1","bronze:Allocate","bronze:Refactor"],"picked":"SKIP","floor":44},{"not_picked":["bronze:DelayedGuard+1","bronze:FineTuning+1","bronze:BugBarrage+1"],"picked":"SKIP","floor":47},{"not_picked":["bronze:Invalidate","bronze:BugBarrage","bronze:CutThrough"],"picked":"SKIP","floor":48},{"not_picked":["bronze:ForLoop","bronze:Flail+1"],"picked":"bronze:OilSpill","floor":50}],"player_experience":248968,"relics_obtained":[{"floor":9.0,"key":"Guardian:PocketSentry"},{"floor":10,"key":"Akabeko"},{"floor":26,"key":"Gremlin Food"},{"floor":39,"key":"Blue Doll"},{"floor":45,"key":"Whetstone"}],"event_choices":[{"damage_healed":0,"gold_gain":0,"player_choice":"Left","damage_taken":0,"max_hp_gain":0,"max_hp_loss":0,"event_name":"betterThird:BetterGoop","floor":13,"gold_loss":30},{"damage_healed":0,"gold_gain":0,"player_choice":"Leave","damage_taken":0,"max_hp_gain":0,"max_hp_loss":0,"event_name":"conspire:Investor","floor":19,"gold_loss":0},{"damage_healed":0,"gold_gain":0,"player_choice":"Shed Blood","damage_taken":18,"max_hp_gain":5,"max_hp_loss":0,"event_name":"Forgotten Altar","floor":20,"gold_loss":0}],"is_beta":false,"boss_relics":[{"not_picked":["Velvet Choker","infinitespire:Cupcake"],"picked":"hubris:Stopwatch"},{"not_picked":["hubris:RunicObelisk","aspiration:RitualDagger"],"picked":"energizedSpire:NeverEndingSparkler"}],"items_purged_floors":[],"is_endless":false,"potions_floor_spawned":[1,4,10,16,18,22,24,39,44,47,48,50],"ascension_level":0}}