{"host":"dx8mnueonnkh60qu","time":1613364920,"event":{"mods":["AchievementEnabler","Act Like it!","Aspiration","BaseMod","Better Silent Start","Better Third Choice","Bossed Relics","CCEM2","Conspire","Defuse TimeMaze Blight","Dota2Spire","Downfall","Hubris","Infinite Spire","Marked Mod","Minty Spire (QoL Compilation)","Quarter Circle Forward PUNCH!","Rare Cards Sparkle","Relic Stats","Reliquary","Robot Space Explorer","Spicy Shops","Spikes Relics","StSLib","SuperFastMode","The Blue Laboratory","The Caster"],"gold_per_floor":[110,130,149,166,177,177,207,207,234,253,253,273,116,133,133,236,236,248,248,158,169,182,215,215,215,215,226,226,226,226],"floor_reached":29,"language":"ENG","playtime":1006,"items_purged":["hubris:Despair"],"score":329,"play_id":"cfadd0a2-b87f-453c-bf48-42795b85f594","local_time":"20210214235520","is_ascension_mode":true,"campfire_choices":[{"data":"Predator","floor":6,"key":"SMITH"},{"data":"A Thousand Cuts","floor":8,"key":"SMITH"},{"floor":24,"key":"REST"}],"circlet_count":0,"master_deck":["Strike_G","Strike_G","Strike_G","Defend_G+1","Defend_G","Defend_G","Defend_G","Survivor","Neutralize+1","Bane","Crippling Poison","Poisoned Stab","Dash","Predator+1","A Thousand Cuts+1","Noxious Fumes+1","Caltrops","Noxious Fumes","Die Die Die","Noxious Fumes","Blade Dance","Deflect+1","PiercingWail","downfall:Haunted","infinitespire:FinalStrike","Terror","hubris:InfiniteBlow+30"],"relics":["Ring of the Serpent","CCEMRelics:WhiteRose","reliquary:RadioactivePellet","qcfpunch:Chain_With_Nametags","Dota2Spire:EtherealBlade"],"acts_visited":["Exordium","TheCity"],"potions_floor_usage":[7,7,21,23,23],"damage_taken":[{"damage":2,"enemies":"Cultist","floor":1,"turns":5},{"damage":0,"enemies":"2 Louse","floor":2,"turns":3},{"damage":0,"enemies":"Jaw Worm","floor":3,"turns":4},{"damage":8,"enemies":"Lots of Slimes","floor":4,"turns":3},{"damage":0,"enemies":"2 Fungi Beasts","floor":5,"turns":3},{"damage":0,"enemies":"3 Sentries","floor":7,"turns":5},{"damage":2,"enemies":"Large Slime","floor":10,"turns":5},{"damage":8,"enemies":"Gremlin Gang","floor":12,"turns":5},{"damage":0,"enemies":"3 Louse","floor":14,"turns":4},{"damage":24,"enemies":"Hexaghost","floor":16,"turns":7},{"damage":12,"enemies":"Shell Parasite","floor":18,"turns":6},{"damage":1,"enemies":"3 Byrds","floor":21,"turns":2},{"damage":30,"enemies":"Centurion and Healer","floor":22,"turns":6},{"damage":13,"enemies":"Gremlin Leader","floor":23,"turns":6},{"damage":11,"enemies":"Cultist and Chosen","floor":27,"turns":6},{"damage":0,"enemies":"Slavers","floor":29,"turns":1}],"seed_played":"7834112690537407493","potions_obtained":[{"floor":1,"key":"SkillPotion"},{"floor":2,"key":"blueLaboratory:NullPotion"},{"floor":5,"key":"blueLaboratory:RememoryPotion"},{"floor":10,"key":"blueLaboratory:BottleOfRum"},{"floor":16,"key":"hexamod:SoulburnPotion"},{"floor":18,"key":"Explosive Potion"},{"floor":22,"key":"blueLaboratory:PolymorphPotion"},{"floor":27,"key":"blueLaboratory:NullPotion"}],"is_trial":false,"path_per_floor":["M","M","M","M","M","R","E","R","T","M","?","M","$","M","R","B",null,"M","?","?","M","M","E","R","?","T","M","AVR","E"],"character_chosen":"THE_SILENT","items_purchased":["reliquary:RadioactivePellet"],"campfire_rested":1,"item_purchase_floors":[13],"current_hp_per_floor":[68,68,68,60,60,60,60,60,60,58,58,50,50,50,50,26,70,58,45,45,44,14,1,23,23,23,12,12,12,12],"gold":226,"neow_bonus":"UPGRADE_CARD","is_daily":false,"chose_seed":false,"campfire_upgraded":2,"win_rate":0.0,"timestamp":1613364920,"path_taken":["M","M","M","M","M","R","E","R","T","M","?","M","$","M","R","BOSS","M","?","?","M","?","E","R","?","T","M","AVR","E"],"items_purchased_type":["Relic"],"build_version":"2020-12-22","purchased_purges":1,"victory":false,"max_hp_per_floor":[70,70,70,70,70,70,70,70,70,70,70,70,70,70,70,70,70,70,75,75,75,75,75,75,75,75,75,75,75,75],"relic_stats":{"counters":[16,71],"obtain_stats":[{"reliquary:RadioactivePellet":13,"CCEMRelics:WhiteRose":7,"Dota2Spire:EtherealBlade":26,"qcfpunch:Chain_With_Nametags":23,"Ring of the Serpent":17,"Ring of the Snake":0},{"reliquary:RadioactivePellet":8,"CCEMRelics:WhiteRose":6,"Dota2Spire:EtherealBlade":14,"qcfpunch:Chain_With_Nametags":14,"Ring of the Serpent":10,"Ring of the Snake":0},{"reliquary:RadioactivePellet":33,"CCEMRelics:WhiteRose":23,"Dota2Spire:EtherealBlade":64,"qcfpunch:Chain_With_Nametags":64,"Ring of the Serpent":44,"Ring of the Snake":0}]},"card_choices":[{"not_picked":["Backflip","Acrobatics"],"picked":"Bane","floor":1},{"not_picked":["Dagger Spray","Acrobatics"],"picked":"Crippling Poison","floor":2},{"not_picked":["Slice","Deflect"],"picked":"Poisoned Stab","floor":3},{"not_picked":["Footwork","Eviscerate"],"picked":"Dash","floor":4},{"not_picked":["Blade Dance","Setup"],"picked":"Predator","floor":5},{"not_picked":["Cloak And Dagger","Flechettes"],"picked":"A Thousand Cuts","floor":7},{"not_picked":["PiercingWail","Cloak And Dagger"],"picked":"Noxious Fumes","floor":10},{"not_picked":["Slice","Dagger Throw"],"picked":"Caltrops","floor":12},{"not_picked":["Bane","Deadly Poison"],"picked":"Noxious Fumes","floor":14},{"not_picked":["Burst","aspiration:Lunge"],"picked":"Die Die Die","floor":16},{"not_picked":["Outmaneuver+1","Sucker Punch+1"],"picked":"Noxious Fumes","floor":18},{"not_picked":["Acrobatics","Slice"],"picked":"Blade Dance","floor":21},{"not_picked":["Cloak And Dagger","Acrobatics"],"picked":"Deflect+1","floor":22},{"not_picked":["Predator","InfectiousVector"],"picked":"PiercingWail","floor":23},{"not_picked":["infinitespire:NeuralNetwork","infinitespire:Execution"],"picked":"infinitespire:FinalStrike","floor":25},{"not_picked":["Accuracy","Flying Knee"],"picked":"Terror","floor":27}],"player_experience":638053,"relics_obtained":[{"floor":7,"key":"CCEMRelics:WhiteRose"},{"floor":23,"key":"qcfpunch:Chain_With_Nametags"},{"floor":26,"key":"Dota2Spire:EtherealBlade"}],"event_choices":[{"damage_healed":0,"gold_gain":0,"player_choice":"Grow","damage_taken":0,"max_hp_gain":0,"max_hp_loss":0,"event_name":"Living Wall","floor":11,"gold_loss":0,"cards_upgraded":["Noxious Fumes"]},{"damage_healed":0,"gold_gain":0,"player_choice":"Shed Blood","damage_taken":18,"max_hp_gain":5,"max_hp_loss":0,"event_name":"Forgotten Altar","floor":19,"gold_loss":0},{"cards_removed":["Strike_G"],"damage_healed":0,"gold_gain":0,"player_choice":"Upgrade and Remove","damage_taken":0,"max_hp_gain":0,"max_hp_loss":0,"event_name":"Designer","floor":20,"gold_loss":90,"cards_upgraded":["Defend_G"]}],"is_beta":false,"boss_relics":[{"not_picked":["CCEMRelics:GreenEgg","HoveringKite"],"picked":"Ring of the Serpent"}],"items_purged_floors":[28],"is_endless":false,"potions_floor_spawned":[1,2,5,10,16,18,22,27],"killed_by":"Slavers","ascension_level":4}}