{"host":"0rxdudjy6rylha1k","time":1613355260,"event":{"mods":["Aspiration","BaseMod","Colored Map","Colored Powertips","Downfall","Highlight Path","Hubris","Minty Spire (QoL Compilation)","StSLib"],"gold_per_floor":[99,117,117,182,202,222,249,263,63,63,92,77,77,92,112,210,210,210,226,241,253,253,253,253,253],"floor_reached":23,"language":"ENG","playtime":2081,"items_purged":[],"score":286,"play_id":"ca3c1e62-cc18-4d6b-aa08-2019cb8b2700","local_time":"20210214191420","is_ascension_mode":true,"campfire_choices":[{"floor":1.0,"key":"RECALL"},{"data":"sneckomod:UnknownStrength","floor":9.0,"key":"SMITH"},{"floor":13.0,"key":"REST"},{"floor":18,"key":"DIG"}],"circlet_count":0,"master_deck":["sneckomod:Strike","sneckomod:Strike","sneckomod:Strike","sneckomod:Defend","sneckomod:Defend","sneckomod:Defend","sneckomod:TailWhip","sneckomod:Unknown","sneckomod:Unknown","sneckomod:UnknownStrength+1","sneckomod:UnendingSupply","sneckomod:CheapStock","sneckomod:UnknownWeak","sneckomod:UnlimitedRolls","sneckomod:UnknownVulnerable","hubris:DuctTapeCard","sneckomod:Unknown3Cost","sneckomod:Nope","sneckomod:UnknownX"],"relics":["aspiration:RitualDagger","hubris:DuctTape","downfall:HeartBlessingRed","downfall:HeartBlessingBlue","HornCleat","hubris:Backtick","Shovel","sneckomod:CleanMud"],"acts_visited":["Exordium","TheCity"],"potions_floor_usage":[14,16,16,20],"damage_taken":[{"damage":6.0,"enemies":"Small Slimes","floor":2.0,"turns":2.0},{"damage":49.0,"enemies":"Gremlin Nob","floor":4.0,"turns":5.0},{"damage":14.0,"enemies":"Jaw Worm","floor":5.0,"turns":3.0},{"damage":15.0,"enemies":"Cultist","floor":6.0,"turns":4.0},{"damage":35.0,"enemies":"Large Slime","floor":8.0,"turns":7.0},{"damage":49.0,"enemies":"Gremlin Nob","floor":11.0,"turns":5.0},{"damage":12.0,"enemies":"downfall:FleeingMerchant","floor":12.0,"turns":4.0},{"damage":15,"enemies":"Lots of Slimes","floor":14,"turns":3},{"damage":12,"enemies":"3 Louse","floor":15,"turns":4},{"damage":33,"enemies":"WA_ARCHETYPE_RETAIN","floor":16,"turns":8},{"damage":16,"enemies":"Spheric Guardian","floor":19,"turns":5},{"damage":21,"enemies":"Shell Parasite","floor":20,"turns":4},{"damage":30,"enemies":"Snake Plant","floor":21,"turns":6},{"damage":57,"enemies":"Shelled Parasite and Fungi","floor":23,"turns":4}],"seed_played":"4636287267767181034","potions_obtained":[{"floor":4.0,"key":"SteroidPotion"},{"floor":5.0,"key":"sneckomod:DiceRollPotion"},{"floor":6.0,"key":"EssenceOfSteel"},{"floor":14,"key":"Swift Potion"},{"floor":15,"key":"bronze:BurnAndBuffPotion"},{"floor":19,"key":"Swift Potion"}],"is_trial":false,"path_per_floor":["R","M","?","?","M","M","T","M","R","?","E","$","R","M","M","B",null,"R","M","M","M","?","M"],"character_chosen":"THE_SNECKO","items_purchased":[],"campfire_rested":1,"item_purchase_floors":[],"current_hp_per_floor":[81,75,80,31,17,2,2,75,85,85,45,41,72,67,62,48,91,91,77,66,45,45,0,0,0],"gold":253,"neow_bonus":"BOSS_RELIC","is_daily":false,"chose_seed":false,"campfire_upgraded":1,"win_rate":0.0,"timestamp":1613355260,"path_taken":["R","M","?","?","M","M","T","M","R","?","E","?","R","M","M","BOSS","R","M","M","M","?","M"],"items_purchased_type":[],"build_version":"2020-12-22","purchased_purges":0,"victory":false,"max_hp_per_floor":[90,90,95,95,95,95,95,95,105,105,105,105,105,105,105,105,105,105,105,105,105,105,105,105,105],"card_choices":[{"not_picked":["sneckomod:UnknownWeak","sneckomod:IronFang"],"picked":"sneckomod:UnknownStrength","floor":2.0},{"not_picked":["sneckomod:SnekBeam","sneckomod:Unknown1Cost"],"picked":"sneckomod:IronFang","floor":4.0},{"not_picked":["sneckomod:SoulDraw","sneckomod:UnknownBlock"],"picked":"sneckomod:UnendingSupply","floor":5.0},{"not_picked":["sneckomod:DiceBlock","sneckomod:Nope"],"picked":"sneckomod:CheapStock","floor":6.0},{"not_picked":["sneckomod:DiceCrush","sneckomod:UnknownColorless"],"picked":"sneckomod:UnknownWeak","floor":8.0},{"not_picked":["sneckomod:SoulRoll","sneckomod:SoulCleanse"],"picked":"sneckomod:UnlimitedRolls","floor":11.0},{"not_picked":["sneckomod:Nope","sneckomod:WideSting"],"picked":"sneckomod:UnknownVulnerable","floor":12.0},{"not_picked":["sneckomod:UnknownClassGREEN","sneckomod:UnknownCommonAttack","sneckomod:UnknownVulnerable"],"picked":"SKIP","floor":14},{"not_picked":["sneckomod:DiceCrush","sneckomod:UnknownStrength","sneckomod:UnknownBlock"],"picked":"SKIP","floor":15},{"not_picked":["sneckomod:GlitteringGambit","sneckomod:Cheat"],"picked":"sneckomod:Unknown3Cost","floor":16},{"not_picked":["sneckomod:UnknownBlock","sneckomod:SoulRoll","sneckomod:UnknownExhaust+1"],"picked":"SKIP","floor":19},{"not_picked":["sneckomod:UnknownStrength","sneckomod:ImprovisedGuard"],"picked":"sneckomod:Nope","floor":20},{"not_picked":["sneckomod:UnknownClassSLIMEBOUND","sneckomod:SoulRoll"],"picked":"sneckomod:UnknownX","floor":21}],"player_experience":2946145,"relics_obtained":[{"floor":4.0,"key":"hubris:DuctTape"},{"floor":11.0,"key":"HornCleat"},{"floor":18,"key":"sneckomod:CleanMud"}],"event_choices":[{"damage_healed":0.0,"max_hp_gain":5.0,"max_hp_loss":0.0,"gold_gain":0.0,"event_name":"Big Fish","player_choice":"Donut","floor":3.0,"gold_loss":0.0,"damage_taken":0.0}],"is_beta":false,"boss_relics":[{"not_picked":["hubris:BlackHole","aspiration:RunicSpoon"],"picked":"hubris:Backtick"}],"items_purged_floors":[],"is_endless":false,"potions_floor_spawned":[4,5,6,14,15,19],"killed_by":"Shelled Parasite and Fungi","ascension_level":7}}