{"host":"jksq986fwerfio60","time":1613409906,"event":{"mods":["BaseMod","Colored Map","Colored Powertips","Downfall","Hermit","Jorbs\u0027s Wanderer Trilogy","Marisa¡]Ãú«B¡@Å]²z¨F¡^","Minty Spire (QoL Compilation)","Replay The Spire","Shop Mod","StSLib","The Construct","UnlockEverythingMod"],"gold_per_floor":[118,133,80,93,93,93,124,144,144,144,144,144,158,172,172,192,192,192,192],"floor_reached":18,"language":"ZHS","playtime":814,"items_purged":[],"score":114,"play_id":"680ea2b9-7d2b-42bd-9a8f-dbc5ee43b918","local_time":"20210216012506","is_ascension_mode":false,"campfire_choices":[{"data":"hermit:LuckOfTheDraw","floor":6,"key":"SMITH"},{"floor":12,"key":"REST"},{"data":"hermit:Covet","floor":17,"key":"SMITH"}],"circlet_count":0,"master_deck":["hermit:Strike_Hermit","hermit:Strike_Hermit","hermit:Strike_Hermit","hermit:Strike_Hermit","hermit:Defend_Hermit","hermit:Defend_Hermit","hermit:Defend_Hermit","hermit:Defend_Hermit","hermit:Snapshot","hermit:Covet+1","hermit:Glare","hermit:LuckOfTheDraw+1","hermit:EyeOfTheStorm"],"relics":["hermit:Momento","Blue Candle","Kunai","Onion Ring"],"acts_visited":["Exordium"],"potions_floor_usage":[8,14,18],"damage_taken":[{"damage":1,"enemies":"Cultist","floor":1,"turns":3},{"damage":0,"enemies":"Small Slimes","floor":2,"turns":5},{"damage":1,"enemies":"Jaw Worm","floor":4,"turns":4},{"damage":59,"enemies":"Gremlin Nob","floor":7,"turns":6},{"damage":5,"enemies":"2 Fungi Beasts","floor":8,"turns":4},{"damage":5,"enemies":"Exordium Wildlife","floor":13,"turns":5},{"damage":0,"enemies":"Large Slime","floor":14,"turns":3},{"damage":4,"enemies":"Red Slaver","floor":16,"turns":2},{"damage":64,"enemies":"Fading Forest","floor":18,"turns":9}],"seed_played":"6964392385873313286","potions_obtained":[{"floor":1,"key":"Energy Potion"},{"floor":13,"key":"Swift Potion"},{"floor":14,"key":"Reflective Coating"}],"is_trial":false,"path_per_floor":["M","M","$","M","?","R","E","M","T","PTL","PTL","R","M","M","?","M","R","B"],"character_chosen":"HERMIT","items_purchased":["hermit:Glare"],"campfire_rested":1,"item_purchase_floors":[3],"current_hp_per_floor":[74,74,74,73,68,68,9,4,4,4,4,26,21,21,46,42,42,0,0],"gold":192,"neow_bonus":"THREE_CARDS","is_daily":false,"chose_seed":false,"campfire_upgraded":2,"win_rate":0.0,"timestamp":1613409906,"path_taken":["M","?","$","M","?","R","E","M","T","PTL","PTL","R","M","M","?","M","R","BOSS"],"items_purchased_type":["Card"],"build_version":"2020-12-22","purchased_purges":0,"victory":false,"max_hp_per_floor":[75,75,75,75,75,75,75,75,75,75,75,75,75,75,75,75,75,75,75],"card_choices":[{"not_picked":["hermit:Midnight","hermit:Determination","hermit:Feint"],"picked":"SKIP","floor":1},{"not_picked":["hermit:Cheat","hermit:HighCaliber","hermit:Midnight"],"picked":"SKIP","floor":2},{"not_picked":["hermit:ItchyTrigger","hermit:TrackingShot"],"picked":"hermit:LuckOfTheDraw","floor":4},{"not_picked":["hermit:LoneWolf","hermit:Grudge","hermit:BigShot"],"picked":"SKIP","floor":7},{"not_picked":["hermit:Snipe","hermit:Coalescence","hermit:Roulette"],"picked":"SKIP","floor":8},{"not_picked":["hermit:TakeAim","hermit:Cheat","hermit:Glare"],"picked":"SKIP","floor":13},{"not_picked":["hermit:Dive","hermit:Coalescence"],"picked":"hermit:EyeOfTheStorm","floor":14},{"not_picked":["hermit:Glare","hermit:Desperado","hermit:Reprieve"],"picked":"SKIP","floor":16}],"player_experience":32234,"relics_obtained":[{"floor":7,"key":"Kunai"},{"floor":9,"key":"Onion Ring"}],"event_choices":[{"damage_healed":25,"gold_gain":0,"player_choice":"Banana","damage_taken":0,"max_hp_gain":0,"max_hp_loss":0,"event_name":"Big Fish","floor":15,"gold_loss":0}],"is_beta":false,"boss_relics":[],"items_purged_floors":[],"is_endless":false,"potions_floor_spawned":[1,13,14],"killed_by":"Fading Forest","ascension_level":0}}