{"host":"ormi09wwzv7sq47a","time":1613398026,"event":{"mods":["2.2 Compatiblity","AchievementEnabler","Act Like it!","BaseMod","Bestiary","Better Altar","Better Note","Better Sensory Stone","Better Silent Start","Better Skull","Better Third Choice","Better Vampires","BetterRewards","Block Reminder","Card Forge","Colored Map","Colored Powertips","Curses Come First","DeckTracker","Downfall","Highlight Path","Minty Spire (QoL Compilation)","Permanent Neow","Quick Restart","Rare Cards Sparkle","Relic Stats","Shop Mod","StSLib","The Jungle"],"gold_per_floor":[116,129,204,219,219,219,219,219,219,237,120,155,155,190,190,262,262,281,196,211,2,12,12,12],"floor_reached":23,"language":"ENG","playtime":680,"items_purged":["Strike_R","Defend_R"],"score":403,"play_id":"f5ec2739-9a78-4d7d-bd9c-2dfb02e55cd8","local_time":"20210215110706","is_ascension_mode":true,"campfire_choices":[{"floor":6.0,"key":"REST"},{"data":"Pommel Strike","floor":7.0,"key":"SMITH"},{"data":"Shrug It Off","floor":8.0,"key":"SMITH"},{"floor":13.0,"key":"REST"},{"data":"Demon Form","floor":15.0,"key":"SMITH"}],"circlet_count":0,"master_deck":["AscendersBane","Strike_R","Strike_R","Strike_R","Strike_R","Defend_R","Defend_R","Defend_R","Bash","Shrug It Off+1","Perfected Strike+1","Pommel Strike+1","Wild Strike","Feel No Pain","Demon Form+1","Power Through","Double Tap","CurseOfTheBell","Shrug It Off","Feel No Pain"],"relics":["Burning Blood","Hammer of Thor","Seething Fire","Anvil of the Gods","WingedGreaves","Ice Cream","StrikeDummy","Darkstone Periapt","StoneCalendar","Calling Bell","Mango","White Beast Statue","Anchor","MealTicket"],"acts_visited":["Exordium","TheCity"],"potions_floor_usage":[23],"damage_taken":[{"damage":1.0,"enemies":"Cultist","floor":1.0,"turns":3.0},{"damage":4.0,"enemies":"Small Slimes","floor":2.0,"turns":5.0},{"damage":7.0,"enemies":"Jaw Worm","floor":4.0,"turns":3.0},{"damage":0.0,"enemies":"3 Louse","floor":10.0,"turns":4.0},{"damage":34.0,"enemies":"Lagavulin","floor":12.0,"turns":6.0},{"damage":32.0,"enemies":"Gremlin Nob","floor":14.0,"turns":4.0},{"damage":32.0,"enemies":"Hexaghost","floor":16.0,"turns":7.0},{"damage":0.0,"enemies":"Spheric Guardian","floor":18.0,"turns":1.0},{"damage":0.0,"enemies":"Chosen","floor":20.0,"turns":3.0},{"damage":32.0,"enemies":"Centurion and Healer","floor":22.0,"turns":5.0},{"damage":37,"enemies":"Book of Stabbing","floor":23,"turns":4}],"seed_played":"-3302814619265517317","potions_obtained":[{"floor":4.0,"key":"BlessingOfTheForge"},{"floor":12.0,"key":"Regen Potion"},{"floor":16.0,"key":"DistilledChaos"},{"floor":18.0,"key":"Explosive Potion"},{"floor":20.0,"key":"SkillPotion"},{"floor":22.0,"key":"Fire Potion"}],"is_trial":false,"path_per_floor":["M","M","?","M","?","R","R","R","T","M","$","E","R","E","R","B",null,"M","?","M","$","M","E"],"character_chosen":"IRONCLAD","items_purchased":["Ice Cream","StrikeDummy","Feel No Pain","Shrug It Off","Feel No Pain"],"campfire_rested":2,"item_purchase_floors":[0,0,11,21,21],"current_hp_per_floor":[38,40,29,28,28,50,50,50,50,56,56,28,50,36,36,10,79,85,85,91,95,69,32,32],"gold":12,"neow_bonus":"","is_daily":false,"chose_seed":false,"campfire_upgraded":3,"win_rate":0.0,"timestamp":1613398026,"path_taken":["M","M","?","M","?","R","R","R","T","M","?","E","R","E","R","BOSS","M","?","M","$","M","E"],"items_purchased_type":["Relic","Relic","Card","Card","Card"],"build_version":"2020-12-22","purchased_purges":2,"victory":false,"max_hp_per_floor":[75,75,75,75,75,75,75,75,75,75,75,75,75,75,75,75,95,95,95,95,95,95,95,95],"relic_stats":{"Darkstone Periapt":6,"counters":[65,281],"StoneCalendar":[0],"MealTicket":4,"obtain_stats":[{"Ice Cream":0,"Darkstone Periapt":12,"Torii":34,"Vajra":0,"StoneCalendar":14,"Mango":17,"Hammer of Thor":0,"Ancient Tea Set":26,"Burning Blood":0,"Sozu":17,"Blood Vial":26,"Nunchaku":43,"Matryoshka":22,"Mummified Hand":10,"Prayer Wheel":9,"MealTicket":19,"WingedGreaves":0,"Red Skull":34,"Happy Flower":40,"Blue Candle":47,"Oddly Smooth Stone":46,"Charon\u0027s Ashes":54,"The Courier":29,"Seething Fire":0,"Question Card":5,"Akabeko":36,"White Beast Statue":17,"Peace Pipe":26,"Calling Bell":34,"Anchor":19,"Shuriken":44,"Ornamental Fan":34,"Anvil of the Gods":0,"Bronze Scales":45,"Mark of Pain":17,"Coffee Dripper":34,"Champion Belt":21,"hexamod:BolsterEngine":9,"StrikeDummy":0,"Unceasing Top":38,"TungstenRod":0,"Pocketwatch":24,"Meat on the Bone":7},{"Ice Cream":54,"Darkstone Periapt":59,"Torii":43,"Vajra":27,"StoneCalendar":60,"Mango":61,"Hammer of Thor":0,"Ancient Tea Set":39,"Burning Blood":0,"Sozu":8,"Blood Vial":12,"Nunchaku":21,"Matryoshka":11,"Mummified Hand":5,"Prayer Wheel":4,"MealTicket":62,"WingedGreaves":54,"Red Skull":43,"Happy Flower":49,"Blue Candle":52,"Oddly Smooth Stone":23,"Charon\u0027s Ashes":26,"The Courier":41,"Seething Fire":0,"Question Card":4,"Akabeko":18,"White Beast Statue":61,"Peace Pipe":12,"Calling Bell":43,"Anchor":36,"Shuriken":22,"Ornamental Fan":43,"Anvil of the Gods":0,"Bronze Scales":22,"Mark of Pain":35,"Coffee Dripper":17,"Champion Belt":11,"hexamod:BolsterEngine":33,"StrikeDummy":54,"Unceasing Top":20,"TungstenRod":27,"Pocketwatch":12,"Meat on the Bone":32},{"Ice Cream":236,"Darkstone Periapt":257,"Torii":188,"Vajra":119,"StoneCalendar":261,"Mango":268,"Hammer of Thor":0,"Ancient Tea Set":174,"Burning Blood":0,"Sozu":31,"Blood Vial":48,"Nunchaku":90,"Matryoshka":41,"Mummified Hand":21,"Prayer Wheel":16,"MealTicket":269,"WingedGreaves":236,"Red Skull":188,"Happy Flower":208,"Blue Candle":224,"Oddly Smooth Stone":101,"Charon\u0027s Ashes":114,"The Courier":182,"Seething Fire":0,"Question Card":16,"Akabeko":77,"White Beast Statue":268,"Peace Pipe":48,"Calling Bell":188,"Anchor":164,"Shuriken":96,"Ornamental Fan":188,"Anvil of the Gods":0,"Bronze Scales":96,"Mark of Pain":162,"Coffee Dripper":74,"Champion Belt":41,"hexamod:BolsterEngine":147,"StrikeDummy":236,"Unceasing Top":86,"TungstenRod":119,"Pocketwatch":48,"Meat on the Bone":142}],"Burning Blood":356},"card_choices":[{"not_picked":["Pummel","Headbutt"],"picked":"Shrug It Off","floor":1.0},{"not_picked":["Cleave","Whirlwind"],"picked":"Perfected Strike","floor":2.0},{"not_picked":["Heavy Blade","Burning Pact"],"picked":"Pommel Strike","floor":4.0},{"not_picked":["Dropkick","Clash"],"picked":"Wild Strike","floor":10.0},{"not_picked":["Blood for Blood","Thunderclap"],"picked":"Demon Form","floor":12.0},{"not_picked":["Bloodletting","Thunderclap"],"picked":"Power Through","floor":14.0},{"not_picked":["Juggernaut","Exhume"],"picked":"Double Tap","floor":16.0},{"not_picked":["Havoc","Blood for Blood","Sword Boomerang"],"picked":"SKIP","floor":18.0},{"not_picked":["Rampage+1","Sword Boomerang","Thunderclap+1"],"picked":"SKIP","floor":20.0},{"not_picked":["Inflame","Brutality","Searing Blow"],"picked":"SKIP","floor":22.0}],"player_experience":1084109,"relics_obtained":[{"floor":12.0,"key":"Darkstone Periapt"},{"floor":14.0,"key":"StoneCalendar"},{"floor":17.0,"key":"Mango"},{"floor":17.0,"key":"White Beast Statue"},{"floor":17.0,"key":"Anchor"}],"event_choices":[{"damage_healed":0.0,"max_hp_gain":0.0,"max_hp_loss":0.0,"gold_gain":75.0,"event_name":"betterThird:BetterGoop","player_choice":"Gold","floor":3.0,"gold_loss":0.0,"damage_taken":11.0},{"damage_healed":0.0,"max_hp_gain":0.0,"max_hp_loss":0.0,"gold_gain":0.0,"event_name":"Living Wall","player_choice":"Grow","floor":5.0,"gold_loss":0.0,"damage_taken":0.0,"cards_upgraded":["Perfected Strike"]},{"damage_healed":0.0,"max_hp_gain":0.0,"max_hp_loss":0.0,"gold_gain":0.0,"event_name":"Addict","player_choice":"Obtained Relic","floor":19.0,"gold_loss":85.0,"damage_taken":0.0,"relics_obtained":["MealTicket"]}],"is_beta":false,"boss_relics":[{"not_picked":["Sozu","Coffee Dripper"],"picked":"Calling Bell"}],"items_purged_floors":[11,21],"is_endless":false,"potions_floor_spawned":[4,12,16,18,20,22],"killed_by":"Book of Stabbing","ascension_level":18}}