{"host":"dpbezu80jg8zk7un","time":1613407175,"event":{"mods":["BaseMod","Colored Map","Colored Powertips","Custom Start","DeckTracker","Minty Spire (QoL Compilation)","Quick Restart","StSLib","SuperFastMode"],"gold_per_floor":[111,111,36,36,48,83,95,130,130,142,142,142,142,3,3,82,132,148,159,7,32,32,32,51,51,51,51,86,98,121,134,134,210,210,229,254,144,158,33,33,51,51,75,102,102,113,113,124,124,124,124,124,124,69,100,100],"floor_reached":57,"language":"KOR","playtime":1574,"items_purged":["Strike_P","Strike_P","Strike_P"],"score":2816,"play_id":"b5a08d2f-3312-486b-9ecb-36846b611280","local_time":"20210216013935","is_ascension_mode":true,"campfire_choices":[{"data":"Eruption","floor":11.0,"key":"SMITH"},{"data":"Blasphemy","floor":13.0,"key":"SMITH"},{"floor":15.0,"key":"REST"},{"floor":23.0,"key":"REST"},{"floor":27.0,"key":"REST"},{"floor":32.0,"key":"REST"},{"data":"Adaptation","floor":40.0,"key":"SMITH"},{"data":"Scrawl","floor":42.0,"key":"SMITH"},{"data":"Adaptation","floor":45,"key":"SMITH"},{"floor":47,"key":"RECALL"},{"floor":49,"key":"REST"},{"data":"Purity","floor":53,"key":"SMITH"}],"circlet_count":0,"master_deck":["AscendersBane","Strike_P+1","Defend_P","Defend_P","Eruption+1","Vigilance+1","SandsOfTime+1","Blasphemy+1","FearNoEvil","Scrawl+1","MentalFortress+1","Adaptation+1","Purity+1","Adaptation+1"],"relics":["PureWater","NeowsBlessing","Vajra","Sundial","Strawberry","Tiny House","Red Mask","Bottled Tornado","Tiny Chest","Busted Crown","CaptainsWheel","Akabeko","Mummified Hand","Lantern"],"acts_visited":["Exordium","TheCity","TheBeyond","TheEnding"],"potions_floor_usage":[44,44,44,51,56],"damage_taken":[{"damage":0.0,"enemies":"2 Louse","floor":1.0,"turns":1.0},{"damage":0.0,"enemies":"Cultist","floor":5.0,"turns":1.0},{"damage":0.0,"enemies":"Gremlin Nob","floor":6.0,"turns":1.0},{"damage":10.0,"enemies":"Small Slimes","floor":7.0,"turns":3.0},{"damage":40.0,"enemies":"3 Sentries","floor":8.0,"turns":9.0},{"damage":0.0,"enemies":"Blue Slaver","floor":10.0,"turns":2.0},{"damage":17.0,"enemies":"The Guardian","floor":16.0,"turns":7.0},{"damage":2.0,"enemies":"3 Byrds","floor":18.0,"turns":3.0},{"damage":16.0,"enemies":"Shell Parasite","floor":19.0,"turns":3.0},{"damage":39.0,"enemies":"Masked Bandits","floor":21.0,"turns":3.0},{"damage":6.0,"enemies":"Centurion and Healer","floor":24.0,"turns":2.0},{"damage":7.0,"enemies":"Gremlin Leader","floor":28.0,"turns":2.0},{"damage":10.0,"enemies":"Snecko","floor":29.0,"turns":3.0},{"damage":13.0,"enemies":"Snake Plant","floor":31.0,"turns":2.0},{"damage":16.0,"enemies":"Automaton","floor":33.0,"turns":4.0},{"damage":8.0,"enemies":"3 Darklings","floor":35.0,"turns":3.0},{"damage":4.0,"enemies":"Mind Bloom Boss Battle","floor":36.0,"turns":3.0},{"damage":3.0,"enemies":"Orb Walker","floor":38.0,"turns":3.0},{"damage":0.0,"enemies":"Jaw Worm Horde","floor":41.0,"turns":2.0},{"damage":2,"enemies":"Nemesis","floor":44,"turns":5},{"damage":0,"enemies":"Transient","floor":46,"turns":2},{"damage":0,"enemies":"3 Darklings","floor":48,"turns":2},{"damage":0,"enemies":"Donu and Deca","floor":50,"turns":2},{"damage":12,"enemies":"Awakened One","floor":51,"turns":4},{"damage":0,"enemies":"Shield and Spear","floor":55,"turns":2},{"damage":2,"enemies":"The Heart","floor":56,"turns":5}],"seed_played":"3744821145647375443","potions_obtained":[{"floor":1.0,"key":"DuplicationPotion"},{"floor":7.0,"key":"Fire Potion"},{"floor":17.0,"key":"Swift Potion"},{"floor":28.0,"key":"LiquidMemories"},{"floor":29.0,"key":"Swift Potion"},{"floor":31.0,"key":"EntropicBrew"},{"floor":38.0,"key":"ColorlessPotion"},{"floor":46,"key":"Swift Potion"}],"is_trial":false,"path_per_floor":["M","?","$","?","M","E","M","E","T","M","R","?","R","$","R","B",null,"M","M","$","?","?","R","M","?","T","R","E","M","T","M","R","B",null,"M","?","?","M","$","R","M","R","T","E","R","M","R","M","R","B","B",null,"R","$","E","B",null],"character_chosen":"WATCHER","items_purchased":["FearNoEvil","Adaptation","Purity","Swift Potion"],"campfire_rested":5,"item_purchase_floors":[14,20,20,54],"current_hp_per_floor":[61,61,61,61,61,61,51,11,18,18,18,18,18,18,40,23,67,65,49,49,10,10,34,28,28,28,52,45,35,35,22,46,30,68,60,56,56,53,53,53,53,53,53,51,51,51,51,51,75,75,63,76,76,76,76,74],"gold":100,"neow_bonus":"THREE_ENEMY_KILL","is_daily":false,"chose_seed":false,"campfire_upgraded":6,"win_rate":0.0,"timestamp":1613407175,"path_taken":["M","?","?","?","M","E","M","E","T","?","R","?","R","$","R","BOSS","M","?","$","?","?","R","M","?","T","R","E","M","?","M","R","BOSS","M","?","?","M","$","R","M","R","T","E","R","M","R","M","R","BOSS","BOSS","R","$","E","BOSS"],"items_purchased_type":["Card","Card","Card","Potion"],"build_version":"2020-12-22","purchased_purges":3,"victory":true,"max_hp_per_floor":[68,68,68,68,68,68,68,68,75,75,75,75,75,75,75,75,80,80,80,80,80,80,80,80,80,80,80,80,80,80,80,80,80,80,80,80,80,80,80,80,80,80,80,80,80,80,80,80,80,80,80,80,80,80,80,80],"card_choices":[{"not_picked":["MentalFortress","FollowUp"],"picked":"SandsOfTime","floor":1.0},{"not_picked":["CarveReality","Fasting2","CutThroughFate"],"picked":"SKIP","floor":5.0},{"not_picked":["FollowUp","ThirdEye","SignatureMove"],"picked":"SKIP","floor":6.0},{"not_picked":["Consecrate","Crescendo"],"picked":"Blasphemy","floor":7.0},{"not_picked":["FlyingSleeves","Crescendo","FollowUp"],"picked":"SKIP","floor":8.0},{"not_picked":["ClearTheMind","Evaluate","Worship"],"picked":"SKIP","floor":10.0},{"not_picked":["Wish","Alpha"],"picked":"Scrawl","floor":16.0},{"not_picked":["BattleHymn","CutThroughFate"],"picked":"MentalFortress+1","floor":18.0},{"not_picked":["EmptyBody","DeceiveReality","EmptyFist"],"picked":"SKIP","floor":19.0},{"not_picked":["Wallop","FlyingSleeves","Study+1"],"picked":"SKIP","floor":24.0},{"not_picked":["EmptyFist","FlyingSleeves","JustLucky"],"picked":"SKIP","floor":28.0},{"not_picked":["Protect","Evaluate","ForeignInfluence"],"picked":"SKIP","floor":29.0},{"not_picked":["Judgement","Conclude+1","Consecrate"],"picked":"SKIP","floor":31.0},{"not_picked":["FlurryOfBlows"],"picked":"SKIP","floor":35.0},{"not_picked":["Swivel"],"picked":"SKIP","floor":38.0},{"not_picked":["Crescendo"],"picked":"SKIP","floor":41.0},{"not_picked":["SignatureMove"],"picked":"SKIP","floor":44},{"not_picked":["DeusExMachina"],"picked":"SKIP","floor":46},{"not_picked":["WreathOfFlame"],"picked":"SKIP","floor":48},{"not_picked":["EmptyBody"],"picked":"SKIP","floor":55}],"player_experience":2976041,"relics_obtained":[{"floor":6.0,"key":"Vajra"},{"floor":8.0,"key":"Sundial"},{"floor":9.0,"key":"Strawberry"},{"floor":21.0,"key":"Red Mask"},{"floor":26.0,"key":"Bottled Tornado"},{"floor":28.0,"key":"Tiny Chest"},{"floor":36.0,"key":"CaptainsWheel"},{"floor":43.0,"key":"Akabeko"},{"floor":44,"key":"Mummified Hand"},{"floor":55,"key":"Lantern"}],"event_choices":[{"cards_removed":["Defend_P"],"damage_healed":0.0,"max_hp_gain":0.0,"max_hp_loss":0.0,"gold_gain":0.0,"event_name":"Bonfire Elementals","player_choice":"Offered Basic","floor":2.0,"gold_loss":0.0,"damage_taken":0.0},{"damage_healed":0.0,"max_hp_gain":0.0,"max_hp_loss":0.0,"gold_gain":0.0,"event_name":"The Cleric","player_choice":"Leave","floor":4.0,"gold_loss":0.0,"damage_taken":0.0},{"damage_healed":0.0,"max_hp_gain":0.0,"max_hp_loss":0.0,"gold_gain":0.0,"event_name":"Upgrade Shrine","player_choice":"Upgraded","floor":12.0,"gold_loss":0.0,"damage_taken":0.0,"cards_upgraded":["SandsOfTime"]},{"damage_healed":0.0,"max_hp_gain":0.0,"max_hp_loss":0.0,"gold_gain":0.0,"event_name":"Masked Bandits","player_choice":"Fought Bandits","floor":21.0,"gold_loss":0.0,"damage_taken":0.0},{"damage_healed":0.0,"max_hp_gain":0.0,"max_hp_loss":0.0,"gold_gain":0.0,"event_name":"Vampires","player_choice":"Ignored","floor":22.0,"gold_loss":0.0,"damage_taken":0.0},{"damage_healed":0.0,"max_hp_gain":0.0,"max_hp_loss":0.0,"gold_gain":0.0,"event_name":"The Library","player_choice":"Read","floor":25.0,"gold_loss":0.0,"damage_taken":0.0,"cards_obtained":["Adaptation"]},{"damage_healed":0.0,"max_hp_gain":0.0,"max_hp_loss":0.0,"gold_gain":0.0,"event_name":"MindBloom","player_choice":"Fight","floor":36.0,"gold_loss":0.0,"damage_taken":0.0},{"cards_removed":["Defend_P"],"damage_healed":0.0,"max_hp_gain":0.0,"max_hp_loss":0.0,"gold_gain":0.0,"event_name":"Designer","player_choice":"Upgrade and Remove","floor":37.0,"gold_loss":110.0,"damage_taken":0.0,"cards_upgraded":["Vigilance"]}],"is_beta":false,"boss_relics":[{"not_picked":["SlaversCollar","Runic Dome"],"picked":"Tiny House"},{"not_picked":["Sozu","Black Star"],"picked":"Busted Crown"}],"items_purged_floors":[3,14,39],"is_endless":false,"potions_floor_spawned":[1,7,28,29,31,33,35,38,41,46,55],"ascension_level":20}}