{"host":"oqv3vxnsjitmn8w8","time":1613355042,"event":{"mods":["BaseMod","DeckTracker","Lobotomy","Minty Spire (QoL Compilation)","StSLib","WarShipGirlsR/??á´Ò³R mod"],"gold_per_floor":[116,291,291,291,2,2,2,2,29,29,103,152,152,77,77,178,178,193,193,193,46,46,46,46,46,46,46,63,63,63,63,63,164,164,183,136,136,149,176,176,176,176,176,176,176,176,176,176,176,176,176],"floor_reached":50,"language":"KOR","playtime":1825,"items_purged":["Doubt"],"score":522,"play_id":"d678285b-a454-4b76-bf23-ea13feca2726","local_time":"20210215111042","daily_mods":["Heirloom","Time Dilation","Flight","Elite Swarm"],"is_ascension_mode":false,"campfire_choices":[{"data":"CENSORED_ego","floor":15,"key":"SMITH"},{"data":"Mimicry","floor":32,"key":"SMITH"}],"circlet_count":0,"master_deck":["Apo_Pray","Apo_SoulSlash","Apo_Charge","Apo_Charge","Apo_Charge","Apo_Charge","Apo_Beam","Apo_Beam","Apo_Beam","Apo_Execute","Apo_Slash","Apo_Slash","Apo_SoulSlash","ControlCode","TT2Protocol"],"relics":["CogitoBucket","Torii","Bronze Scales","Omamori","Art of War","Blue Candle","Runic Dome","Nilry\u0027s Codex","Anchor","Whetstone","Bottled Tornado","ChangeAnything","Calling Bell","Ginger","Pear","Ancient Tea Set","Potion Belt","ApostleMask","Unceasing Top"],"acts_visited":["Exordium","TheCity","TheBeyond"],"potions_floor_usage":[50,50,50],"damage_taken":[{"damage":0,"enemies":"Cultist","floor":1,"turns":2},{"damage":20,"enemies":"Lagavulin","floor":12,"turns":5},{"damage":49,"enemies":"The Guardian","floor":16,"turns":9},{"damage":9,"enemies":"3 Byrds","floor":18,"turns":4},{"damage":0,"enemies":"Shell Parasite","floor":28,"turns":3},{"damage":0,"enemies":"Snake Plant","floor":31,"turns":3},{"damage":0,"enemies":"Champ","floor":33,"turns":10},{"damage":9,"enemies":"3 Darklings","floor":35,"turns":3},{"damage":0,"enemies":"3 Shapes","floor":38,"turns":4},{"damage":36,"enemies":"Donu and Deca","floor":50,"turns":3}],"seed_played":"-3972900954059595455","potions_obtained":[{"floor":12,"key":"LiquidBronze"},{"floor":18,"key":"ColorlessPotion"},{"floor":31,"key":"DistilledChaos"}],"is_trial":true,"path_per_floor":["M","?","?","?","$","R","R","R","T","R","?","E","R","$","R","B",null,"M","?","?","$","T","R","R","R","T","?","M","R","?","M","R","B",null,"M","$","?","M","T","R","R","M","T","R","?","R","R","?","R","B"],"character_chosen":"Angela","items_purchased":["ParadiseLost","Omamori","Anchor","Soda+1"],"campfire_rested":0,"item_purchase_floors":[5,5,21,36],"current_hp_per_floor":[70,70,56,53,53,53,53,53,53,53,53,41,41,41,41,9,70,70,54,54,54,54,54,54,54,54,54,54,54,54,56,56,65,80,75,75,75,80,80,80,80,80,80,80,80,80,80,80,80,44,44],"gold":176,"neow_bonus":"","is_daily":false,"chose_seed":false,"campfire_upgraded":2,"win_rate":0.0,"timestamp":1613355042,"path_taken":["M","?","?","?","$","R","R","R","T","R","?","E","R","?","R","BOSS","M","?","?","$","?","R","R","R","T","?","?","R","?","M","R","BOSS","M","$","?","?","?","R","R","M","T","R","?","R","R","?","R","BOSS"],"items_purchased_type":["Card","Relic","Relic","Card"],"build_version":"2020-12-22","purchased_purges":1,"victory":false,"max_hp_per_floor":[70,70,70,70,70,70,70,70,70,70,70,70,70,70,70,70,70,70,70,70,70,70,70,70,70,70,70,70,70,70,70,70,70,80,80,80,80,80,80,80,80,80,80,80,80,80,80,80,80,80,80],"card_choices":[{"not_picked":["OSAHOGD","Scorched"],"picked":"CENSORED","floor":1},{"not_picked":["Laetitia_ego"],"picked":"LifeForTheDareDevil","floor":1},{"not_picked":["TheSmile","Pinks"],"picked":"CENSORED_ego","floor":12},{"not_picked":["Variant","CherryBlossoms"],"picked":"UniverseFragment","floor":12},{"not_picked":["ShyLook","FairyFestival"],"picked":"MeatLantern","floor":16},{"not_picked":["CENSORED_ego","TheSmile"],"picked":"Mimicry","floor":16},{"not_picked":["Laetitia","FieryBird"],"picked":"OldLady","floor":18},{"not_picked":["CrimsonScar","Loneliness"],"picked":"GreenStem","floor":18},{"not_picked":["SomewhereSpear","RedEyes","BearPaw"],"picked":"SKIP","floor":18},{"not_picked":["RedEyes+1","CrimsonScar+1"],"picked":"CUTE+1","floor":28},{"not_picked":["MagicBullet+1","SoundOfStar+1"],"picked":"Soda+1","floor":28},{"not_picked":["CrimsonScar+1","RapturousDream+1"],"picked":"Beak+1","floor":31},{"not_picked":["HappyTeddy","BlueStar"],"picked":"PlagueDoctor","floor":35},{"not_picked":["CUTE+1","BlackSwan_ego+1"],"picked":"ParadiseLost+1","floor":35},{"not_picked":["SolemnVow+1","Lantern+1","Penitence+1"],"picked":"SKIP","floor":38}],"player_experience":108202,"relics_obtained":[{"floor":9,"key":"Art of War"},{"floor":12,"key":"Blue Candle"},{"floor":19,"key":"Nilry\u0027s Codex"},{"floor":22,"key":"Whetstone"},{"floor":26,"key":"Bottled Tornado"},{"floor":34,"key":"Ginger"},{"floor":34,"key":"Pear"},{"floor":34,"key":"Ancient Tea Set"},{"floor":39,"key":"Potion Belt"},{"floor":43,"key":"Unceasing Top"}],"event_choices":[{"damage_healed":0,"gold_gain":175,"player_choice":"AGREE","damage_taken":0,"max_hp_gain":0,"max_hp_loss":0,"event_name":"Liars Game","floor":2,"gold_loss":0,"cards_obtained":["Doubt"]},{"damage_healed":0,"gold_gain":0,"player_choice":"Entered Light","damage_taken":14,"max_hp_gain":0,"max_hp_loss":0,"event_name":"Shining Light","floor":3,"gold_loss":0,"cards_upgraded":["LifeForTheDareDevil"]},{"damage_healed":0,"gold_gain":0,"player_choice":"Success","damage_taken":3,"relics_obtained":["Bronze Scales"],"max_hp_gain":0,"max_hp_loss":0,"event_name":"Scrap Ooze","floor":4,"gold_loss":0},{"damage_healed":0,"gold_gain":74,"player_choice":"Gained Gold","damage_taken":0,"max_hp_gain":0,"max_hp_loss":0,"event_name":"Golden Wing","floor":11,"gold_loss":0},{"damage_healed":0,"gold_gain":0,"player_choice":"Obtained Book","damage_taken":16,"max_hp_gain":0,"max_hp_loss":0,"event_name":"Cursed Tome","floor":19,"gold_loss":0},{"damage_healed":0,"gold_gain":0,"player_choice":"Ignored","damage_taken":0,"max_hp_gain":0,"max_hp_loss":0,"event_name":"Ghosts","floor":20,"gold_loss":0},{"damage_healed":0,"gold_gain":0,"player_choice":"Upgraded","damage_taken":0,"max_hp_gain":0,"max_hp_loss":0,"event_name":"Upgrade Shrine","floor":27,"gold_loss":0,"cards_upgraded":["GreenStem"]},{"damage_healed":0,"gold_gain":0,"player_choice":"Ignored","damage_taken":0,"max_hp_gain":0,"max_hp_loss":0,"event_name":"Vampires","floor":30,"gold_loss":0},{"damage_healed":0,"gold_gain":0,"player_choice":"Copied","damage_taken":0,"max_hp_gain":0,"max_hp_loss":0,"event_name":"Duplicator","floor":37,"gold_loss":0,"cards_obtained":["Soda"]},{"damage_healed":0,"gold_gain":0,"player_choice":"Ignored","damage_taken":0,"max_hp_gain":0,"max_hp_loss":0,"event_name":"Tomb of Lord Red Mask","floor":45,"gold_loss":0},{"damage_healed":0,"gold_gain":0,"player_choice":"Ignored","damage_taken":0,"max_hp_gain":0,"max_hp_loss":0,"event_name":"NoteForYourself","floor":48,"gold_loss":0}],"is_beta":false,"boss_relics":[{"not_picked":["Snecko Eye","SacredBark"],"picked":"Runic Dome"},{"not_picked":["Tiny House","Velvet Choker"],"picked":"Calling Bell"}],"items_purged_floors":[14],"is_endless":false,"potions_floor_spawned":[12,18,31,38],"killed_by":"Donu and Deca","ascension_level":0}}