{"host":"8pvw2tcf9wctlvur","time":1613416841,"event":{"mods":["BaseMod","Better Third Choice","Colored Powertips","Curses Come First","Minty Spire (QoL Compilation)","Rare Cards Sparkle","Relic Stats","StSLib","SuperFastMode"],"gold_per_floor":[117,130,148,165,185,185,214,214,287,304,321,321,347,367,367,467,467,481,481,132,132,63,95,95,111,111,111,128,128,153,171,171,267,267,283,294,294,73,127,127,152,152,152,54,54,54,68,84,84,84],"floor_reached":51,"language":"ENG","playtime":2052,"items_purged":[],"score":854,"play_id":"fbb9a6ce-22cf-48cd-84c1-4dd774f5e0e4","local_time":"20210215122041","is_ascension_mode":true,"campfire_choices":[{"floor":6,"key":"REST"},{"floor":8,"key":"REST"},{"floor":12,"key":"REST"},{"floor":15,"key":"REST"},{"floor":24,"key":"REST"},{"floor":29,"key":"REST"},{"floor":32,"key":"REST"},{"floor":40,"key":"REST"},{"floor":42,"key":"REST"},{"data":"Whirlwind","floor":45,"key":"SMITH"},{"floor":49,"key":"REST"}],"circlet_count":0,"master_deck":["Strike_R","Strike_R","Strike_R","Defend_R","Defend_R","Defend_R","Defend_R","Bash","Infernal Blade","Warcry","Sever Soul","True Grit","Whirlwind+1","Double Tap","Clothesline","Barricade","Flame Barrier","Fire Breathing","Searing Blow","Clothesline","Havoc","RitualDagger","Ghostly Armor","Shockwave","Body Slam","Heavy Blade","Searing Blow","Wild Strike","Bludgeon","Burning Pact+1","Bloodletting+1","Rampage+1","Evolve+1","Flame Barrier","Limit Break","Second Wind","Feel No Pain","Immolate","Body Slam","Metallicize","Mayhem","Fire Breathing+1"],"relics":["Snecko Eye","Ice Cream","HornCleat","Unceasing Top","Mark of Pain","Vajra","Regal Pillow","Paper Frog","Thread and Needle","Astrolabe","Bag of Preparation","CaptainsWheel","Anchor","The Courier"],"acts_visited":["Exordium","TheCity","TheBeyond"],"potions_floor_usage":[7,7,13,18,28,28,28,36,39,50],"damage_taken":[{"damage":5,"enemies":"2 Louse","floor":1,"turns":3},{"damage":0,"enemies":"Jaw Worm","floor":2,"turns":3},{"damage":4,"enemies":"Small Slimes","floor":3,"turns":3},{"damage":10,"enemies":"Gremlin Gang","floor":4,"turns":3},{"damage":10,"enemies":"Exordium Thugs","floor":5,"turns":3},{"damage":33,"enemies":"Lagavulin","floor":7,"turns":5},{"damage":5,"enemies":"3 Louse","floor":10,"turns":3},{"damage":8,"enemies":"Blue Slaver","floor":11,"turns":3},{"damage":22,"enemies":"Gremlin Nob","floor":13,"turns":5},{"damage":3,"enemies":"Large Slime","floor":14,"turns":2},{"damage":58,"enemies":"The Guardian","floor":16,"turns":12},{"damage":15,"enemies":"Shell Parasite","floor":18,"turns":5},{"damage":38,"enemies":"Book of Stabbing","floor":23,"turns":5},{"damage":10,"enemies":"Spheric Guardian","floor":25,"turns":4},{"damage":6,"enemies":"Centurion and Healer","floor":28,"turns":3},{"damage":62,"enemies":"Gremlin Leader","floor":30,"turns":5},{"damage":0,"enemies":"3 Cultists","floor":31,"turns":4},{"damage":27,"enemies":"Champ","floor":33,"turns":14},{"damage":13,"enemies":"3 Darklings","floor":35,"turns":3},{"damage":13,"enemies":"3 Shapes","floor":36,"turns":3},{"damage":24,"enemies":"2 Orb Walkers","floor":39,"turns":5},{"damage":15,"enemies":"Nemesis","floor":41,"turns":5},{"damage":5,"enemies":"Writhing Mass","floor":47,"turns":5},{"damage":20,"enemies":"4 Shapes","floor":48,"turns":2},{"damage":61,"enemies":"Time Eater","floor":50,"turns":12}],"seed_played":"-5174010892052673979","potions_obtained":[{"floor":1,"key":"LiquidMemories"},{"floor":3,"key":"EssenceOfSteel"},{"floor":5,"key":"Explosive Potion"},{"floor":11,"key":"EssenceOfSteel"},{"floor":13,"key":"ElixirPotion"},{"floor":23,"key":"BlessingOfTheForge"},{"floor":25,"key":"PowerPotion"},{"floor":27,"key":"EssenceOfSteel"},{"floor":33,"key":"Fire Potion"},{"floor":36,"key":"Swift Potion"},{"floor":47,"key":"ColorlessPotion"}],"is_trial":false,"path_per_floor":["M","M","M","M","M","R","E","R","T","M","M","R","E","M","R","B",null,"M","?","$","?","$","E","R","M","T","?","M","R","E","M","R","B",null,"M","M","?","$","?","R","E","R","T","$","R","?","M","M","R","B",null],"character_chosen":"IRONCLAD","items_purchased":["Fire Breathing","Searing Blow","Clothesline","Vajra","Havoc","Ghostly Armor","Second Wind","Bag of Preparation","Body Slam","Metallicize"],"campfire_rested":10,"item_purchase_floors":[20,20,20,20,20,22,38,38,44,44],"current_hp_per_floor":[75,75,71,61,51,75,42,66,66,61,53,77,55,52,76,18,80,65,65,65,59,59,21,60,50,50,50,44,80,18,18,57,30,80,67,54,54,54,30,69,54,80,80,80,80,80,75,55,80,19],"gold":84,"neow_bonus":"BOSS_RELIC","is_daily":false,"chose_seed":false,"campfire_upgraded":1,"win_rate":0.0,"timestamp":1613416841,"path_taken":["M","M","M","M","M","R","E","R","T","M","M","R","E","M","R","BOSS","M","?","$","?","$","E","R","M","T","?","M","R","E","?","R","BOSS","M","M","?","?","?","R","E","R","T","$","R","?","?","M","R","BOSS"],"items_purchased_type":["Card","Card","Card","Relic","Card","Card","Card","Relic","Card","Card"],"build_version":"2020-12-22","purchased_purges":0,"victory":true,"max_hp_per_floor":[80,80,80,80,80,80,80,80,80,80,80,80,80,80,80,80,80,80,80,80,80,80,80,80,80,80,80,80,80,80,80,80,80,80,80,80,80,80,80,80,80,80,80,80,80,80,80,80,80,80],"relic_stats":{"Regal Pillow":60,"counters":[25,120],"Astrolabe":["Burning Pact","Bloodletting","Rampage"],"Snecko Eye":[204,211,204,187],"Bag of Preparation":[10],"obtain_stats":[{"Ice Cream":7,"Regal Pillow":23,"Astrolabe":34,"Vajra":20,"Thread and Needle":30,"The Courier":43,"Bag of Preparation":38,"Burning Blood":0,"CaptainsWheel":39,"Anchor":41,"HornCleat":9,"Snecko Eye":0,"Mark of Pain":17,"Unceasing Top":13,"Paper Frog":26},{"Ice Cream":6,"Regal Pillow":13,"Astrolabe":18,"Vajra":12,"Thread and Needle":16,"The Courier":22,"Bag of Preparation":20,"Burning Blood":0,"CaptainsWheel":21,"Anchor":22,"HornCleat":6,"Snecko Eye":0,"Mark of Pain":11,"Unceasing Top":9,"Paper Frog":14},{"Ice Cream":20,"Regal Pillow":55,"Astrolabe":85,"Vajra":50,"Thread and Needle":67,"The Courier":101,"Bag of Preparation":91,"Burning Blood":0,"CaptainsWheel":96,"Anchor":101,"HornCleat":20,"Snecko Eye":0,"Mark of Pain":45,"Unceasing Top":31,"Paper Frog":59}],"Unceasing Top":[6]},"card_choices":[{"not_picked":["Sword Boomerang","Wild Strike"],"picked":"Infernal Blade","floor":1},{"not_picked":["Sentinel","Dropkick"],"picked":"Warcry","floor":2},{"not_picked":["Cleave","Havoc"],"picked":"Sever Soul","floor":3},{"not_picked":["Pummel","Searing Blow"],"picked":"True Grit","floor":4},{"not_picked":["Iron Wave","Clothesline"],"picked":"Whirlwind","floor":5},{"not_picked":["Evolve","Flex"],"picked":"Double Tap","floor":7},{"not_picked":["Flex","Armaments"],"picked":"Clothesline","floor":10},{"not_picked":["Reckless Charge","Warcry"],"picked":"Rage","floor":11},{"not_picked":["Iron Wave","Headbutt"],"picked":"Flex","floor":13},{"not_picked":["Twin Strike","Armaments","Cleave"],"picked":"SKIP","floor":14},{"not_picked":["Berserk","Corruption"],"picked":"Barricade","floor":16},{"not_picked":["Clash","Power Through"],"picked":"Flame Barrier","floor":18},{"not_picked":["Cleave","Sentinel"],"picked":"Shockwave","floor":23},{"not_picked":["Shrug It Off","Armaments"],"picked":"Body Slam","floor":25},{"not_picked":["Anger","Combust"],"picked":"Heavy Blade","floor":28},{"not_picked":["Clash","Infernal Blade"],"picked":"Searing Blow","floor":30},{"not_picked":["Thunderclap","Seeing Red+1"],"picked":"Wild Strike","floor":31},{"not_picked":["Offering","Corruption"],"picked":"Bludgeon","floor":33},{"not_picked":["Cleave","Thunderclap+1"],"picked":"Evolve+1","floor":35},{"not_picked":["Wild Strike","Thunderclap+1"],"picked":"Flame Barrier","floor":36},{"not_picked":["Rupture+1","Heavy Blade+1"],"picked":"Feel No Pain","floor":39},{"not_picked":["Disarm+1","Infernal Blade"],"picked":"Immolate","floor":41},{"not_picked":["Blind","Good Instincts"],"picked":"Mayhem","floor":46},{"not_picked":["Disarm","Cleave+1","Hemokinesis+1"],"picked":"SKIP","floor":47},{"not_picked":["True Grit+1","Seeing Red"],"picked":"Fire Breathing+1","floor":48}],"player_experience":290254,"relics_obtained":[{"floor":7,"key":"Ice Cream"},{"floor":9,"key":"HornCleat"},{"floor":13,"key":"Unceasing Top"},{"floor":23,"key":"Regal Pillow"},{"floor":26,"key":"Paper Frog"},{"floor":30,"key":"Thread and Needle"},{"floor":39,"key":"CaptainsWheel"},{"floor":41,"key":"Anchor"},{"floor":43,"key":"The Courier"}],"event_choices":[{"damage_healed":0,"gold_gain":0,"player_choice":"Ignored","damage_taken":0,"max_hp_gain":0,"max_hp_loss":0,"event_name":"Beggar","floor":19,"gold_loss":0},{"damage_healed":0,"gold_gain":0,"player_choice":"Dagger","damage_taken":6,"max_hp_gain":0,"max_hp_loss":0,"event_name":"betterThird:BetterNest","floor":21,"gold_loss":0,"cards_obtained":["RitualDagger"]},{"damage_healed":0,"gold_gain":0,"player_choice":"Got Potions","damage_taken":0,"max_hp_gain":0,"max_hp_loss":0,"event_name":"Lab","floor":27,"gold_loss":0},{"damage_healed":0,"gold_gain":0,"cards_transformed":["Flex"],"player_choice":"Transformed","damage_taken":0,"max_hp_gain":0,"max_hp_loss":0,"event_name":"Transmorgrifier","floor":37,"gold_loss":0,"cards_obtained":["Limit Break"]},{"damage_healed":0,"gold_gain":0,"player_choice":"Fight","damage_taken":0,"max_hp_gain":0,"max_hp_loss":0,"event_name":"Mysterious Sphere","floor":39,"gold_loss":0},{"damage_healed":0,"gold_gain":0,"player_choice":"Memory 1","damage_taken":0,"max_hp_gain":0,"max_hp_loss":0,"event_name":"SensoryStone","floor":46,"gold_loss":0}],"is_beta":false,"boss_relics":[{"not_picked":["SacredBark","Runic Dome"],"picked":"Mark of Pain"},{"not_picked":["Runic Cube","Cursed Key"],"picked":"Astrolabe"}],"items_purged_floors":[],"is_endless":false,"potions_floor_spawned":[1,3,5,11,13,23,25,33,36,47],"ascension_level":3}}