{"host":"8anmd7ibyxevnonj","time":1613379981,"event":{"mods":["BaseMod","Curses Come First","Downfall","Minty Spire (QoL Compilation)","Reliquary","StSLib"],"gold_per_floor":[99,109,164,174,174,186,210,210,210,210,229,242,242,242,256,256,256,256],"floor_reached":16,"language":"ENG","playtime":1041,"items_purged":[],"score":92,"play_id":"1049d9c2-13b7-4f26-8ebf-254bff18debe","local_time":"20210215100621","is_ascension_mode":false,"campfire_choices":[{"data":"bronze:Goto","floor":1,"key":"SMITH"},{"floor":9,"key":"REST"},{"floor":10,"key":"REST"},{"data":"bronze:FineTuning","floor":13,"key":"SMITH"}],"circlet_count":0,"master_deck":["bronze:Strike","bronze:Strike","bronze:Strike","bronze:Strike","bronze:Defend","bronze:Defend","bronze:Defend","bronze:Defend","bronze:Replicate+1","bronze:Goto+1","bronze:Separator","bronze:ChosenStrike","bronze:FineTuning+1","Decay","CurseOfTheBell","downfall:Bewildered","bronze:CloningBeam","bronze:Spike","bronze:DazingPulse","bronze:GetLatest","bronze:Fortify","bronze:DarkDash"],"relics":["bronze:BronzeCore","reliquary:RosewoodLute","Calling Bell","Anchor","reliquary:BallBearing","WingedGreaves","PreservedInsect"],"acts_visited":["Exordium"],"potions_floor_usage":[12,16],"damage_taken":[{"damage":1,"enemies":"Jaw Worm","floor":2,"turns":2},{"damage":14,"enemies":"Gremlin Nob","floor":3,"turns":3},{"damage":7,"enemies":"Small Slimes","floor":4,"turns":3},{"damage":0,"enemies":"2 Louse","floor":6,"turns":3},{"damage":42,"enemies":"2 Louse","floor":8,"turns":4},{"damage":24,"enemies":"Exordium Wildlife","floor":11,"turns":7},{"damage":0,"enemies":"Exordium Thugs","floor":12,"turns":1},{"damage":6,"enemies":"Lots of Slimes","floor":15,"turns":3},{"damage":77,"enemies":"SI_SHIV_ARCHETYPE","floor":16,"turns":8}],"seed_played":"-1919705766361817623","potions_obtained":[{"floor":4,"key":"Fire Potion"},{"floor":6,"key":"Weak Potion"},{"floor":8,"key":"SteroidPotion"},{"floor":12,"key":"BlessingOfTheForge"}],"is_trial":false,"path_per_floor":["R","M","?","M","?","M","T","?","R","R","M","M","R","?","M","B"],"character_chosen":"THE_AUTOMATON","items_purchased":[],"campfire_rested":2,"item_purchase_floors":[],"current_hp_per_floor":[70,69,55,48,48,48,48,6,27,48,24,24,24,80,74,0,0,0],"gold":256,"neow_bonus":"UPGRADE_CARD","is_daily":false,"chose_seed":false,"campfire_upgraded":2,"win_rate":0.0,"timestamp":1613379981,"path_taken":["R","M","?","M","?","M","T","?","R","R","M","M","R","?","M","BOSS"],"items_purchased_type":[],"build_version":"2020-12-13","purchased_purges":0,"victory":false,"max_hp_per_floor":[70,70,70,70,70,70,70,70,70,70,70,70,70,80,80,80,80,80],"card_choices":[{"not_picked":["bronze:Invalidate","bronze:NullPointer"],"picked":"bronze:Separator","floor":2},{"not_picked":["bronze:Repair","bronze:Frontload"],"picked":"bronze:ChosenStrike","floor":3},{"not_picked":["bronze:BugBarrage","bronze:Safeguard"],"picked":"bronze:FineTuning","floor":4},{"not_picked":["bronze:Iterate","bronze:CutThrough"],"picked":"bronze:CloningBeam","floor":6},{"not_picked":[],"picked":"bronze:Spike","floor":8},{"not_picked":[],"picked":"bronze:DazingPulse","floor":8},{"not_picked":["bronze:Turbo","bronze:Shell"],"picked":"bronze:GetLatest","floor":8},{"not_picked":["bronze:NullPointer","bronze:HardenedForm"],"picked":"bronze:Fortify","floor":11},{"not_picked":["bronze:Overheat","bronze:Deprecate"],"picked":"bronze:DarkDash","floor":12},{"not_picked":["bronze:Constructor","bronze:BuggyMess","bronze:Frontload"],"picked":"SKIP","floor":15}],"player_experience":135088,"relics_obtained":[{"floor":3,"key":"reliquary:RosewoodLute"},{"floor":5,"key":"Anchor"},{"floor":5,"key":"reliquary:BallBearing"},{"floor":5,"key":"WingedGreaves"},{"floor":7,"key":"PreservedInsect"}],"event_choices":[],"is_beta":false,"boss_relics":[],"items_purged_floors":[],"is_endless":false,"potions_floor_spawned":[4,6,8,12],"killed_by":"SI_SHIV_ARCHETYPE","ascension_level":0}}