{"host":"it04jaz8eul1eh3d","time":1613368898,"event":{"mods":["AchievementEnabler","BaseMod","Colored Map","DeckTracker","Keyboard Shortcuts","Minty Spire (QoL Compilation)","SuperFastMode"],"gold_per_floor":[114,114,130,55,130,171,190,234,234,184,184,198,198,211,211,334,334,353,278,278,293,76,117,117,155,155,169,169,209,209,224,224,347,347,372,372,388,80,80,80,99,132,158,173,186,206,206,206,206,206,206],"floor_reached":50,"language":"KOR","playtime":1507,"items_purged":["Injury","Defend_G"],"score":593,"play_id":"9f238f4d-ea5c-4cff-8aba-b8c6f9af5291","local_time":"20210215150138","is_ascension_mode":true,"campfire_choices":[{"data":"Noxious Fumes","floor":11,"key":"SMITH"},{"floor":13,"key":"REST"},{"data":"Bouncing Flask","floor":15,"key":"SMITH"},{"floor":24,"key":"REST"},{"data":"Apotheosis","floor":28,"key":"SMITH"},{"data":"Adrenaline","floor":30,"key":"SMITH"},{"floor":32,"key":"REST"},{"data":"Deadly Poison","floor":40,"key":"SMITH"},{"floor":47,"key":"REST"},{"data":"Noxious Fumes","floor":49,"key":"SMITH"}],"circlet_count":0,"master_deck":["Strike_G","Strike_G","Strike_G+1","Defend_G","Defend_G","Defend_G","Survivor","Neutralize","Backflip","Escape Plan","Noxious Fumes+1","Bouncing Flask+1","All Out Attack","Backstab","Die Die Die","Bouncing Flask","Noxious Fumes+1","Flying Knee+1","Deadly Poison+1","Apotheosis+1","Cloak And Dagger+1","Adrenaline+1","Escape Plan+1","Madness","Madness","Poisoned Stab","Acrobatics+1","Bouncing Flask+1","Noxious Fumes+1","Prepared+1"],"relics":["Ring of the Snake","NeowsBlessing","Golden Idol","Meat on the Bone","Darkstone Periapt","Mercury Hourglass","Black Star","Bag of Marbles","Lantern","Pantograph","HornCleat","Whetstone","Smiling Mask","Orichalcum","Toxic Egg 2","Bronze Scales","Bottled Tornado","Vajra"],"acts_visited":["Exordium","TheCity","TheBeyond"],"potions_floor_usage":[23,37,37,46],"damage_taken":[{"damage":0,"enemies":"2 Louse","floor":1,"turns":1},{"damage":0,"enemies":"Cultist","floor":3,"turns":1},{"damage":0,"enemies":"Lagavulin","floor":6,"turns":1},{"damage":0,"enemies":"Small Slimes","floor":7,"turns":3},{"damage":34,"enemies":"3 Sentries","floor":8,"turns":8},{"damage":2,"enemies":"Exordium Thugs","floor":12,"turns":4},{"damage":3,"enemies":"Exordium Wildlife","floor":14,"turns":3},{"damage":30,"enemies":"The Guardian","floor":16,"turns":9},{"damage":11,"enemies":"Shell Parasite","floor":18,"turns":6},{"damage":23,"enemies":"Spheric Guardian","floor":21,"turns":5},{"damage":23,"enemies":"Slavers","floor":23,"turns":2},{"damage":25,"enemies":"Gremlin Leader","floor":25,"turns":6},{"damage":4,"enemies":"Centurion and Healer","floor":27,"turns":3},{"damage":15,"enemies":"Book of Stabbing","floor":29,"turns":5},{"damage":0,"enemies":"3 Cultists","floor":31,"turns":3},{"damage":31,"enemies":"Automaton","floor":33,"turns":8},{"damage":14,"enemies":"3 Shapes","floor":35,"turns":3},{"damage":0,"enemies":"3 Darklings","floor":37,"turns":3},{"damage":17,"enemies":"Spire Growth","floor":41,"turns":4},{"damage":47,"enemies":"Reptomancer","floor":42,"turns":6},{"damage":5,"enemies":"Sphere and 2 Shapes","floor":44,"turns":3},{"damage":23,"enemies":"Transient","floor":45,"turns":5},{"damage":19,"enemies":"Writhing Mass","floor":46,"turns":4},{"damage":57,"enemies":"Donu and Deca","floor":50,"turns":6}],"seed_played":"7679557341160069461","potions_obtained":[{"floor":6,"key":"Energy Potion"},{"floor":7,"key":"BlessingOfTheForge"},{"floor":12,"key":"SkillPotion"},{"floor":16,"key":"ColorlessPotion"},{"floor":23,"key":"ColorlessPotion"},{"floor":41,"key":"FairyPotion"}],"is_trial":false,"path_per_floor":["M","?","M","$","?","E","M","E","T","?","R","M","R","M","R","B",null,"M","?","?","M","$","E","R","E","T","M","R","E","R","M","R","B",null,"M","?","M","$","?","R","M","E","T","M","M","M","R","?","R","B"],"character_chosen":"THE_SILENT","items_purchased":["Deadly Poison","Apotheosis","Toxic Egg 2"],"campfire_rested":4,"item_purchase_floors":[22,22,38],"current_hp_per_floor":[70,70,70,70,63,63,63,41,41,41,41,39,60,57,57,39,70,59,59,59,36,36,25,46,33,33,41,41,38,38,38,59,39,70,56,47,47,47,47,47,42,33,33,40,29,22,43,61,61,4,4],"gold":206,"neow_bonus":"THREE_ENEMY_KILL","is_daily":false,"chose_seed":false,"campfire_upgraded":6,"win_rate":0.0,"timestamp":1613368898,"path_taken":["M","?","M","$","?","E","?","E","T","?","R","M","R","M","R","BOSS","M","?","?","?","$","E","R","E","T","M","R","E","R","M","R","BOSS","M","?","M","$","?","R","?","E","T","M","M","M","R","?","R","BOSS"],"items_purchased_type":["Card","Card","Relic"],"build_version":"2020-12-22","purchased_purges":2,"victory":false,"max_hp_per_floor":[70,70,70,70,70,70,70,70,70,70,70,70,70,70,70,70,70,70,70,70,70,70,70,70,70,70,70,70,70,70,70,70,70,70,70,70,70,70,70,70,70,70,70,70,70,70,70,61,61,61,61],"card_choices":[{"not_picked":["Choke","Concentrate"],"picked":"Backflip","floor":1},{"not_picked":["Backflip","Choke"],"picked":"Escape Plan","floor":3},{"not_picked":["Deflect","Dodge and Roll"],"picked":"Noxious Fumes","floor":6},{"not_picked":["Well Laid Plans","Slice"],"picked":"Bouncing Flask","floor":7},{"not_picked":["Skewer","Heel Hook","Masterful Stab"],"picked":"SKIP","floor":8},{"not_picked":["Deflect","Bane"],"picked":"All Out Attack","floor":12},{"not_picked":["Skewer","Dodge and Roll"],"picked":"Backstab","floor":14},{"not_picked":["Storm of Steel","A Thousand Cuts"],"picked":"Die Die Die","floor":16},{"not_picked":["Acrobatics","Backflip"],"picked":"Bouncing Flask","floor":18},{"not_picked":["PiercingWail","Heel Hook"],"picked":"Flying Knee","floor":21},{"not_picked":["Bane","Dagger Spray","Setup"],"picked":"SKIP","floor":23},{"not_picked":["Backflip","Quick Slash"],"picked":"Cloak And Dagger+1","floor":25},{"not_picked":["Dagger Throw","Acrobatics+1","Sucker Punch"],"picked":"SKIP","floor":27},{"not_picked":["Bane+1","Eviscerate"],"picked":"Adrenaline","floor":29},{"not_picked":["Dagger Throw","Dagger Spray","Setup"],"picked":"SKIP","floor":31},{"not_picked":["Infinite Blades","Sucker Punch"],"picked":"Escape Plan+1","floor":35},{"not_picked":["Bane","Quick Slash"],"picked":"Poisoned Stab","floor":37},{"not_picked":["Acrobatics+1","Escape Plan+1"],"picked":"Bouncing Flask+1","floor":41},{"not_picked":["Poisoned Stab","Deadly Poison+1","Blade Dance+1"],"picked":"SKIP","floor":42},{"not_picked":["Blade Dance+1","Poisoned Stab"],"picked":"Noxious Fumes","floor":44},{"not_picked":["Grand Finale","Backflip+1","Blade Dance+1"],"picked":"SKIP","floor":45},{"not_picked":["Setup+1","Acrobatics+1"],"picked":"Prepared+1","floor":46}],"player_experience":168576,"relics_obtained":[{"floor":6,"key":"Meat on the Bone"},{"floor":8,"key":"Darkstone Periapt"},{"floor":9,"key":"Mercury Hourglass"},{"floor":23,"key":"Bag of Marbles"},{"floor":23,"key":"Lantern"},{"floor":25,"key":"Pantograph"},{"floor":25,"key":"HornCleat"},{"floor":26,"key":"Whetstone"},{"floor":29,"key":"Smiling Mask"},{"floor":29,"key":"Orichalcum"},{"floor":42,"key":"Bronze Scales"},{"floor":42,"key":"Bottled Tornado"},{"floor":43,"key":"Vajra"}],"event_choices":[{"damage_healed":0,"gold_gain":0,"player_choice":"Take Wound","damage_taken":0,"relics_obtained":["Golden Idol"],"max_hp_gain":0,"max_hp_loss":0,"event_name":"Golden Idol","floor":2,"gold_loss":0,"cards_obtained":["Injury"]},{"damage_healed":0,"gold_gain":75,"player_choice":"Touch","damage_taken":7,"max_hp_gain":0,"max_hp_loss":0,"event_name":"FaceTrader","floor":5,"gold_loss":0},{"cards_removed":["Strike_G"],"damage_healed":0,"gold_gain":0,"player_choice":"Card Removal","damage_taken":0,"max_hp_gain":0,"max_hp_loss":0,"event_name":"The Cleric","floor":10,"gold_loss":50},{"cards_removed":["Strike_G"],"damage_healed":0,"gold_gain":0,"player_choice":"Gave Gold","damage_taken":0,"max_hp_gain":0,"max_hp_loss":0,"event_name":"Beggar","floor":19,"gold_loss":75},{"damage_healed":0,"gold_gain":0,"player_choice":"Copied","damage_taken":0,"max_hp_gain":0,"max_hp_loss":0,"event_name":"Duplicator","floor":20,"gold_loss":0,"cards_obtained":["Noxious Fumes"]},{"damage_healed":0,"gold_gain":0,"player_choice":"Embrace Madness","damage_taken":9,"max_hp_gain":0,"max_hp_loss":0,"event_name":"Winding Halls","floor":36,"gold_loss":0,"cards_obtained":["Madness","Madness"]},{"damage_healed":0,"gold_gain":0,"cards_transformed":["Defend_G"],"player_choice":"Transformed","damage_taken":0,"max_hp_gain":0,"max_hp_loss":0,"event_name":"Transmorgrifier","floor":39,"gold_loss":0,"cards_obtained":["Acrobatics"]},{"damage_healed":61,"gold_gain":0,"player_choice":"Heal","damage_taken":0,"max_hp_gain":0,"max_hp_loss":9,"event_name":"The Moai Head","floor":48,"gold_loss":0}],"is_beta":false,"boss_relics":[{"not_picked":["SlaversCollar","Fusion Hammer"],"picked":"Black Star"},{"not_picked":["Velvet Choker","Snecko Eye","Pandora\u0027s Box"]}],"items_purged_floors":[4,38],"is_endless":false,"potions_floor_spawned":[6,7,12,16,23,25,31,33,35,41,44],"killed_by":"Donu and Deca","ascension_level":1}}