{"host":"u8gwyxapu65l7nuk","time":1613386856,"event":{"mods":["BaseMod","Custom Start","Minty Spire (QoL Compilation)","StSLib"],"gold_per_floor":[114,129,129,153,201,166,209,209,258,281,281,324,324,339,339,463,463,483,483,483,498,513,513,537,537,585,606,606,212,239,239,239,342,342,360,460,477,494,542,542,554,554,554,554,554,585,600,626,626,626,626,626,81,116,116],"floor_reached":56,"language":"ENG","playtime":1684,"items_purged":["Hologram"],"score":1384,"play_id":"81aae30d-32a6-42ea-8b0e-47aca8c26edc","local_time":"20210215190056","is_ascension_mode":true,"campfire_choices":[{"data":"Seek","floor":8,"key":"SMITH"},{"data":"Amplify","floor":11,"key":"SMITH"},{"data":"Seek","floor":15,"key":"SMITH"},{"data":"Biased Cognition","floor":23,"key":"SMITH"},{"data":"Biased Cognition","floor":25,"key":"SMITH"},{"data":"Chill","floor":32,"key":"SMITH"},{"floor":40,"key":"DIG"},{"floor":42,"key":"DIG"},{"data":"Fission","floor":44,"key":"SMITH"},{"floor":49,"key":"RECALL"},{"floor":52,"key":"DIG"}],"circlet_count":0,"master_deck":["Amplify+1","Biased Cognition+1","Biased Cognition+1","Seek+1","Seek+1","Dualcast","Zap+1","FTL","Rebound","Consume+1","Core Surge","Leap","Echo Form","Electrodynamics","Capacitor","Loop","Fission+1","Chill+1","Conserve Battery","Lockon","Beam Cell","White Noise+1","Cold Snap","Mayhem+1","Reboot","Loop+1","Core Surge","Core Surge","White Noise"],"relics":["Cracked Core","OrangePellets","Bottled Lightning","Bottled Flame","Bloody Idol","Orichalcum","Letter Opener","Centennial Puzzle","Du-Vu Doll","Pandora\u0027s Box","Frozen Egg 2","Potion Belt","Pen Nib","Philosopher\u0027s Stone","Shovel","PreservedInsect","War Paint","Torii","Pear","Bag of Preparation","Smiling Mask","StrikeDummy","Lizard Tail","Emotion Chip"],"acts_visited":["Exordium","TheCity","TheBeyond","TheEnding"],"potions_floor_usage":[39,50,54,55,55],"damage_taken":[{"damage":0,"enemies":"Cultist","floor":1,"turns":3},{"damage":0,"enemies":"Small Slimes","floor":2,"turns":2},{"damage":11,"enemies":"Jaw Worm","floor":4,"turns":2},{"damage":12,"enemies":"Gremlin Nob","floor":7,"turns":3},{"damage":5,"enemies":"Large Slime","floor":10,"turns":2},{"damage":20,"enemies":"3 Sentries","floor":12,"turns":5},{"damage":1,"enemies":"3 Louse","floor":14,"turns":2},{"damage":5,"enemies":"Hexaghost","floor":16,"turns":8},{"damage":14,"enemies":"2 Thieves","floor":18,"turns":2},{"damage":0,"enemies":"Chosen","floor":21,"turns":3},{"damage":0,"enemies":"Centurion and Healer","floor":22,"turns":2},{"damage":9,"enemies":"Chosen and Byrds","floor":24,"turns":2},{"damage":4,"enemies":"Cultist and Chosen","floor":27,"turns":4},{"damage":16,"enemies":"Gremlin Leader","floor":30,"turns":4},{"damage":3,"enemies":"Collector","floor":33,"turns":7},{"damage":0,"enemies":"3 Darklings","floor":35,"turns":3},{"damage":0,"enemies":"3 Shapes","floor":37,"turns":4},{"damage":0,"enemies":"Sphere and 2 Shapes","floor":38,"turns":4},{"damage":19,"enemies":"2 Orb Walkers","floor":39,"turns":3},{"damage":0,"enemies":"4 Shapes","floor":41,"turns":4},{"damage":0,"enemies":"Reptomancer","floor":46,"turns":5},{"damage":0,"enemies":"3 Darklings","floor":47,"turns":1},{"damage":0,"enemies":"Nemesis","floor":48,"turns":3},{"damage":1,"enemies":"Time Eater","floor":50,"turns":6},{"damage":0,"enemies":"Shield and Spear","floor":54,"turns":2},{"damage":21,"enemies":"The Heart","floor":55,"turns":4}],"seed_played":"-9185995405173580131","potions_obtained":[{"floor":4,"key":"Fire Potion"},{"floor":7,"key":"Swift Potion"},{"floor":10,"key":"Swift Potion"},{"floor":14,"key":"DuplicationPotion"},{"floor":24,"key":"DistilledChaos"},{"floor":33,"key":"EssenceOfSteel"},{"floor":35,"key":"LiquidMemories"},{"floor":39,"key":"Weak Potion"},{"floor":54,"key":"LiquidBronze"}],"is_trial":true,"path_per_floor":["M","M","?","M","T","?","E","R","T","M","R","E","?","M","R","B",null,"M","?","?","M","M","R","M","R","T","M","?","$","E","?","R","B",null,"M","?","M","M","?","R","M","R","T","R","T","E","M","E","R","B",null,"R","$","E","B",null],"character_chosen":"DEFECT","items_purchased":["Mayhem+1","Reboot","Lizard Tail","Fruit Juice","Core Surge"],"campfire_rested":0,"item_purchase_floors":[29,29,53,53,53],"current_hp_per_floor":[75,75,69,58,58,69,57,57,57,52,52,32,32,31,31,26,69,55,55,55,55,55,55,46,46,46,42,42,42,31,31,31,33,69,69,69,69,69,55,55,60,60,60,60,70,75,79,79,79,78,79,79,79,84,63],"gold":116,"neow_bonus":"","is_daily":false,"chose_seed":false,"campfire_upgraded":7,"win_rate":0.0,"timestamp":1613386856,"path_taken":["M","?","?","M","?","?","E","R","T","M","R","E","?","M","R","BOSS","M","?","?","?","M","R","M","R","T","M","?","$","E","?","R","BOSS","M","?","?","M","?","R","M","R","T","R","?","E","?","E","R","BOSS","R","$","E","BOSS"],"items_purchased_type":["Card","Card","Relic","Potion","Card"],"build_version":"2020-12-22","purchased_purges":1,"victory":true,"max_hp_per_floor":[75,75,69,69,69,69,69,69,69,69,69,69,69,69,69,69,69,69,69,69,69,69,69,69,69,69,69,69,69,69,69,69,69,69,69,69,69,69,69,69,69,69,69,69,79,79,79,79,79,79,79,79,79,84,84],"card_choices":[{"not_picked":["Streamline","Heatsinks"],"picked":"Rebound","floor":1},{"not_picked":["Glacier","Aggregate"],"picked":"Consume","floor":2},{"not_picked":["Storm","Barrage","Redo"],"picked":"SKIP","floor":4},{"not_picked":["Streamline","Go for the Eyes"],"picked":"Hologram","floor":7},{"not_picked":["Tempest","Gash","Streamline"],"picked":"SKIP","floor":10},{"not_picked":["Consume","Compile Driver"],"picked":"Core Surge","floor":12},{"not_picked":["Coolheaded","Redo"],"picked":"Leap","floor":14},{"not_picked":["Core Surge","Machine Learning"],"picked":"Echo Form","floor":16},{"not_picked":["Gash","Stack"],"picked":"Conserve Battery","floor":18},{"not_picked":["Force Field","Genetic Algorithm"],"picked":"White Noise+1","floor":21},{"not_picked":["Turbo","Rebound+1","Auto Shields"],"picked":"SKIP","floor":22},{"not_picked":["Redo","Barrage"],"picked":"Cold Snap","floor":24},{"not_picked":["Cold Snap","Steam Power+1","Gash"],"picked":"SKIP","floor":27},{"not_picked":["Barrage","Cold Snap"],"picked":"Loop+1","floor":30},{"not_picked":["Reboot","Buffer+1"],"picked":"Core Surge","floor":33},{"not_picked":["Steam Power+1","Beam Cell+1","Stack"],"picked":"SKIP","floor":35},{"not_picked":["Reinforced Body","BootSequence","Conserve Battery+1"],"picked":"SKIP","floor":37},{"not_picked":["Gash+1","Turbo","Hologram+1"],"picked":"SKIP","floor":38},{"not_picked":["Stack+1","Hello World+1","Undo"],"picked":"SKIP","floor":41},{"not_picked":["Consume+1","Multi-Cast","Conserve Battery+1"],"picked":"SKIP","floor":46},{"not_picked":["Redo+1","Force Field","Tempest"],"picked":"SKIP","floor":47},{"not_picked":["Streamline+1","Reinforced Body","Hello World+1"],"picked":"SKIP","floor":48},{"not_picked":["Redo+1","Force Field+1"],"picked":"White Noise","floor":54}],"player_experience":281737,"relics_obtained":[{"floor":5,"key":"Orichalcum"},{"floor":7,"key":"Letter Opener"},{"floor":9,"key":"Centennial Puzzle"},{"floor":12,"key":"Du-Vu Doll"},{"floor":30,"key":"Potion Belt"},{"floor":39,"key":"Shovel"},{"floor":40,"key":"PreservedInsect"},{"floor":42,"key":"War Paint"},{"floor":43,"key":"Torii"},{"floor":45,"key":"Pear"},{"floor":46,"key":"Bag of Preparation"},{"floor":48,"key":"Smiling Mask"},{"floor":52,"key":"StrikeDummy"},{"floor":54,"key":"Emotion Chip"}],"event_choices":[{"damage_healed":0,"gold_gain":0,"player_choice":"Lose Max HP","damage_taken":0,"relics_obtained":["Golden Idol"],"max_hp_gain":0,"max_hp_loss":6,"event_name":"Golden Idol","floor":3,"gold_loss":0},{"damage_healed":17,"gold_gain":0,"player_choice":"Healed","damage_taken":0,"max_hp_gain":0,"max_hp_loss":0,"event_name":"The Cleric","floor":6,"gold_loss":35},{"cards_removed":["Strike_B"],"damage_healed":0,"gold_gain":0,"player_choice":"Forget","damage_taken":0,"max_hp_gain":0,"max_hp_loss":0,"event_name":"Living Wall","floor":13,"gold_loss":0},{"damage_healed":0,"gold_gain":0,"cards_transformed":["Hyperbeam","Static Discharge"],"player_choice":"Became Test Subject","damage_taken":0,"max_hp_gain":0,"max_hp_loss":0,"event_name":"Drug Dealer","floor":19,"gold_loss":0,"cards_obtained":["Lockon","Beam Cell"]},{"damage_healed":0,"gold_gain":0,"player_choice":"Gave Potion","damage_taken":0,"relics_obtained":["Frozen Egg 2"],"max_hp_gain":0,"max_hp_loss":0,"event_name":"WeMeetAgain","floor":20,"gold_loss":0},{"damage_healed":0,"gold_gain":0,"player_choice":"Gave Idol","damage_taken":0,"relics_obtained":["Bloody Idol"],"max_hp_gain":0,"max_hp_loss":0,"event_name":"Forgotten Altar","floor":28,"relics_lost":["Golden Idol"],"gold_loss":0},{"damage_healed":0,"gold_gain":0,"player_choice":"Opened","damage_taken":0,"relics_obtained":["Pen Nib"],"max_hp_gain":0,"max_hp_loss":0,"event_name":"The Mausoleum","floor":31,"gold_loss":0},{"damage_healed":0,"gold_gain":100,"player_choice":"Pray","damage_taken":0,"max_hp_gain":0,"max_hp_loss":0,"event_name":"Golden Shrine","floor":36,"gold_loss":0},{"damage_healed":0,"gold_gain":0,"player_choice":"Fight","damage_taken":0,"max_hp_gain":0,"max_hp_loss":0,"event_name":"Mysterious Sphere","floor":39,"gold_loss":0}],"is_beta":false,"boss_relics":[{"not_picked":["SlaversCollar","Snecko Eye"],"picked":"Pandora\u0027s Box"},{"not_picked":["Tiny House","Calling Bell"],"picked":"Philosopher\u0027s Stone"}],"items_purged_floors":[29],"is_endless":false,"potions_floor_spawned":[4,7,10,14,24,27,33,35,37,39,47,48,54],"ascension_level":1}}