{"host":"anox4050deqdcqoh","time":1613420834,"event":{"mods":["BaseMod","Colored Map","Displayed Cursed Tome","Highlight Path","Minty Spire (QoL Compilation)","Quick Restart","Rare Cards Sparkle","everything is the same but u backflip on backflip"],"gold_per_floor":[119,135,135,153,165,193,211,265,265,265,265,265,109,129,129,231,231,250,74,74,91,111,111,111,111,193,193,209,9,9,9,9,110,110,125,143,143,155,5,5,20,20,46,61,76,76,126,142,142,142],"floor_reached":51,"language":"ENG","playtime":3043,"items_purged":["Defend_R","Anger","Strike_R"],"score":750,"play_id":"a31d53d7-146d-4381-8c84-b0ea5b518d07","local_time":"20210215152714","is_ascension_mode":true,"campfire_choices":[{"floor":10,"key":"REST"},{"data":"Offering","floor":12,"key":"SMITH"},{"data":"Clothesline","floor":15,"key":"SMITH"},{"data":"Whirlwind","floor":23,"key":"SMITH"},{"data":"Sever Soul","floor":25,"key":"SMITH"},{"data":"Rupture","floor":27,"key":"SMITH"},{"floor":32,"key":"REST"},{"data":"Reaper","floor":40,"key":"SMITH"},{"data":"Bludgeon","floor":42,"key":"SMITH"},{"floor":49,"key":"REST"}],"circlet_count":0,"master_deck":["Strike_R","Strike_R","Strike_R","Defend_R","Defend_R","Defend_R","Bash+1","Shrug It Off","Flex","Clothesline+1","Offering+1","Sever Soul+1","Whirlwind+1","Brutality","Rupture+1","Dark Embrace+1","Feel No Pain","Feel No Pain","True Grit+1","Clothesline+1","Armaments+1","Bloodletting+1","Bludgeon+1","Reaper+1","Second Wind+1","Inflame+1","Combust+1","Parasite"],"relics":["Black Blood","Sundial","Blue Candle","Bird Faced Urn","Pear","Snecko Eye","MutagenicStrength","Singing Bowl","Orrery","Thread and Needle"],"acts_visited":["Exordium","TheCity","TheBeyond"],"potions_floor_usage":[6,8,8,22,33,36,41,41,47,50],"damage_taken":[{"damage":10,"enemies":"Small Slimes","floor":1,"turns":3},{"damage":4,"enemies":"2 Louse","floor":2,"turns":3},{"damage":1,"enemies":"Cultist","floor":4,"turns":3},{"damage":15,"enemies":"Exordium Thugs","floor":5,"turns":4},{"damage":31,"enemies":"Lagavulin","floor":6,"turns":6},{"damage":11,"enemies":"3 Louse","floor":7,"turns":4},{"damage":17,"enemies":"3 Sentries","floor":8,"turns":7},{"damage":1,"enemies":"2 Fungi Beasts","floor":14,"turns":3},{"damage":28,"enemies":"Slime Boss","floor":16,"turns":8},{"damage":0,"enemies":"Chosen","floor":18,"turns":4},{"damage":6,"enemies":"Shell Parasite","floor":21,"turns":1},{"damage":41,"enemies":"Shelled Parasite and Fungi","floor":22,"turns":7},{"damage":25,"enemies":"Centurion and Healer","floor":28,"turns":5},{"damage":70,"enemies":"Automaton","floor":33,"turns":8},{"damage":17,"enemies":"3 Shapes","floor":35,"turns":3},{"damage":78,"enemies":"3 Darklings","floor":36,"turns":5},{"damage":21,"enemies":"Sphere and 2 Shapes","floor":38,"turns":6},{"damage":31,"enemies":"Maw","floor":41,"turns":9},{"damage":6,"enemies":"Spire Growth","floor":44,"turns":4},{"damage":12,"enemies":"Sphere and 2 Shapes","floor":45,"turns":6},{"damage":17,"enemies":"Mind Bloom Boss Battle","floor":47,"turns":6},{"damage":83,"enemies":"Writhing Mass","floor":48,"turns":9},{"damage":105,"enemies":"Awakened One","floor":50,"turns":11}],"seed_played":"-3964175436327577339","potions_obtained":[{"floor":2,"key":"SkillPotion"},{"floor":7,"key":"EntropicBrew"},{"floor":14,"key":"AttackPotion"},{"floor":28,"key":"BloodPotion"},{"floor":35,"key":"Dexterity Potion"},{"floor":36,"key":"Dexterity Potion"},{"floor":45,"key":"Weak Potion"},{"floor":48,"key":"ColorlessPotion"}],"is_trial":false,"path_per_floor":["M","M","?","M","M","E","M","E","T","R","?","R","$","M","R","B",null,"M","$","?","M","M","R","?","R","T","R","M","$","?","$","R","B",null,"M","M","?","M","$","R","M","R","T","M","M","?","?","M","R","B",null],"character_chosen":"IRONCLAD","items_purchased":["Sever Soul","Rupture","Feel No Pain","Orrery"],"campfire_rested":3,"item_purchase_floors":[13,19,29,39],"current_hp_per_floor":[76,78,78,80,71,46,41,30,30,54,57,57,57,62,62,40,90,90,90,90,90,59,59,59,59,59,59,46,46,46,46,73,19,94,96,36,36,37,41,41,53,53,53,68,85,85,96,37,68,42],"gold":142,"neow_bonus":"UPGRADE_CARD","is_daily":false,"chose_seed":false,"campfire_upgraded":7,"win_rate":0.0,"timestamp":1613420834,"path_taken":["M","M","?","M","M","E","M","E","T","R","?","R","$","M","R","BOSS","M","$","?","M","M","R","?","R","T","R","?","?","?","$","R","BOSS","M","M","?","?","$","R","?","R","T","M","M","?","?","M","R","BOSS"],"items_purchased_type":["Card","Card","Card","Relic"],"build_version":"2020-12-22","purchased_purges":3,"victory":true,"max_hp_per_floor":[80,80,80,80,80,80,80,80,80,80,90,90,90,90,90,90,90,90,90,90,90,90,90,90,90,90,90,92,92,92,92,92,94,94,96,96,96,96,100,100,100,100,100,100,102,102,102,104,104,104],"card_choices":[{"not_picked":["Flex","Armaments"],"picked":"Perfected Strike","floor":1},{"not_picked":["Iron Wave","Headbutt"],"picked":"Anger","floor":2},{"not_picked":["Pummel","Feel No Pain"],"picked":"Shrug It Off","floor":4},{"not_picked":["Warcry","Searing Blow","Havoc"],"picked":"SKIP","floor":5},{"not_picked":["Searing Blow","Wild Strike"],"picked":"Flex","floor":6},{"not_picked":["Armaments","Dark Embrace"],"picked":"Clothesline","floor":7},{"not_picked":["Sword Boomerang","Fiend Fire"],"picked":"Offering","floor":8},{"not_picked":["Entrench","Armaments"],"picked":"Whirlwind","floor":14},{"not_picked":["Bludgeon","Corruption"],"picked":"Brutality","floor":16},{"not_picked":["Cleave","Intimidate","Warcry"],"picked":"SKIP","floor":18},{"not_picked":["Searing Blow","Pommel Strike","Headbutt"],"picked":"SKIP","floor":21},{"not_picked":["Warcry+1","True Grit"],"picked":"Dark Embrace+1","floor":22},{"not_picked":["Warcry","Twin Strike+1","Body Slam"],"picked":"Singing Bowl","floor":28},{"not_picked":["Limit Break","Juggernaut","Brutality"],"picked":"Singing Bowl","floor":33},{"not_picked":["Flex+1","Cleave","Pommel Strike+1"],"picked":"Singing Bowl","floor":35},{"not_picked":["Headbutt","Perfected Strike+1"],"picked":"True Grit+1","floor":36},{"not_picked":["Wild Strike","Sword Boomerang+1"],"picked":"Armaments+1","floor":38},{"not_picked":["Twin Strike+1","Immolate"],"picked":"Bloodletting+1","floor":39},{"not_picked":["Pommel Strike","Warcry+1"],"picked":"Bludgeon","floor":39},{"not_picked":["Twin Strike","Intimidate"],"picked":"Reaper","floor":39},{"not_picked":["Cleave+1","Burning Pact","Clash+1"],"picked":"Singing Bowl","floor":39},{"not_picked":["Dropkick+1","Anger+1","Flex"],"picked":"Singing Bowl","floor":39},{"not_picked":["Flex","Headbutt+1"],"picked":"Second Wind+1","floor":41},{"not_picked":["Pommel Strike","Clash+1"],"picked":"Inflame+1","floor":44},{"not_picked":["Thunderclap+1","Rage+1","True Grit"],"picked":"Singing Bowl","floor":45},{"not_picked":["Havoc","Headbutt"],"picked":"Combust+1","floor":47},{"not_picked":["Perfected Strike+1","Corruption","Sentinel+1"],"picked":"Singing Bowl","floor":48}],"player_experience":464411,"relics_obtained":[{"floor":6,"key":"Sundial"},{"floor":8,"key":"Blue Candle"},{"floor":9,"key":"Bird Faced Urn"},{"floor":26,"key":"Singing Bowl"},{"floor":47,"key":"Thread and Needle"}],"event_choices":[{"damage_healed":0,"gold_gain":0,"player_choice":"Ignored","damage_taken":0,"max_hp_gain":0,"max_hp_loss":0,"event_name":"Liars Game","floor":3,"gold_loss":0},{"damage_healed":0,"gold_gain":0,"player_choice":"Success","damage_taken":7,"relics_obtained":["Pear"],"max_hp_gain":0,"max_hp_loss":0,"event_name":"Scrap Ooze","floor":11,"gold_loss":0},{"damage_healed":0,"gold_gain":0,"player_choice":"Inject Mutagens","damage_taken":0,"relics_obtained":["MutagenicStrength"],"max_hp_gain":0,"max_hp_loss":0,"event_name":"Drug Dealer","floor":20,"gold_loss":0},{"damage_healed":0,"gold_gain":0,"cards_transformed":["Perfected Strike"],"player_choice":"Transformed","damage_taken":0,"max_hp_gain":0,"max_hp_loss":0,"event_name":"Transmorgrifier","floor":24,"gold_loss":0,"cards_obtained":["Feel No Pain"]},{"cards_removed":["Strike_R"],"damage_healed":0,"gold_gain":0,"player_choice":"Elegance","damage_taken":0,"max_hp_gain":0,"max_hp_loss":0,"event_name":"Back to Basics","floor":30,"gold_loss":0},{"damage_healed":0,"gold_gain":0,"player_choice":"Copied","damage_taken":0,"max_hp_gain":0,"max_hp_loss":0,"event_name":"Duplicator","floor":37,"gold_loss":0,"cards_obtained":["Clothesline"]},{"damage_healed":0,"gold_gain":0,"player_choice":"Ignored","damage_taken":0,"max_hp_gain":0,"max_hp_loss":0,"event_name":"Mysterious Sphere","floor":46,"gold_loss":0},{"damage_healed":0,"gold_gain":0,"player_choice":"Fight","damage_taken":0,"max_hp_gain":0,"max_hp_loss":0,"event_name":"MindBloom","floor":47,"gold_loss":0}],"is_beta":false,"boss_relics":[{"not_picked":["Sozu","Pandora\u0027s Box"],"picked":"Snecko Eye"},{"not_picked":["Coffee Dripper","SacredBark"],"picked":"Black Blood"}],"items_purged_floors":[13,19,29],"is_endless":false,"potions_floor_spawned":[2,7,14,21,28,35,36,45,48],"ascension_level":3}}