{"host":"1ftto2vaskemldx8","time":1613399965,"event":{"mods":["BaseMod","Minty Spire (QoL Compilation)","Replay The Spire","StSLib","Together in Spire","[功能]功能增强和修复MOD"],"gold_per_floor":[118,7,182,196,95,95,146,111,111,138,138,138,13,28,28,288,288,302,353,365,329,329,357,357,357,426,426,443,457,457,360,360,644,644,658,568,608,488,488,564,564,651,651,651,542,610,610,516,516,538,538,538,455,538,622],"floor_reached":56,"language":"ZHS","playtime":6974,"items_purged":["Strike_B","Defend_B","Strike_B","Defend_B","Defend_B","Doubt","Strike_B","Fission","Defend_B","Strike_B","Zap","Dualcast","Magnetism","Mayhem+1","Streamline","Reprogram","Steam Power","Pot Of Greed"],"score":1490,"play_id":"0adda75c-749e-46ce-835a-f908175ac6e8","local_time":"20210215223925","is_ascension_mode":true,"campfire_choices":[{"data":"Heatsinks","floor":6.0,"key":"SMITH"},{"data":"Glacier","floor":11.0,"key":"SMITH"},{"data":"Mayhem","floor":15.0,"key":"SMITH"},{"data":"Pot Of Greed","floor":24,"key":"SMITH"},{"data":"Pot Of Greed","floor":27,"key":"SMITH"},{"data":"Pot Of Greed","floor":30,"key":"SMITH"},{"floor":32,"key":"REST"},{"floor":41,"key":"RECALL"},{"data":"Hologram","floor":44,"key":"SMITH"},{"data":"Turbo","floor":47,"key":"SMITH"},{"data":"Steam Power","floor":49,"key":"SMITH"},{"data":"Scrape","floor":52,"key":"SMITH"}],"circlet_count":0,"master_deck":["CurseOfTheBell","Pot Of Greed+1","Conserve Battery","Glacier+1","Gash","Panic Button","Gash","FTL+1","Scrape+1","Gash","Pot Of Greed+1","Replay:Bootleg Shield Generator","Beam Cell","Echo Form+1","Core Surge","Turbo+1","Steam Power+1","Auto Shields","Self Repair+1","Pot Of Greed+1","Reboot+1","Seek","All For One+1","Hologram+1","Gash+1","Master of Strategy","Secret Weapon","Turbo+1"],"relics":["Calling Bell","Grinning Jar","Unceasing Top","Pantograph","ClockworkSouvenir","Carrot","Replay:Towering Pillar of Hats","Durian","Mango","DollysMirror","Question Card","SlaversCollar","Solar Panel","Nunchaku","Replay:Accelerometer","ReplayTheSpireMod:Shallot","Pear","Strange Spoon","Molten Egg 2","Replay:Grab Bag","Philosopher\u0027s Stone","ChewingGum","Runic Pyramid","Oddly Smooth Stone","Replay:Bandana","Guide Book","Happy Flower","Singing Bowl","Replay:Frozen Program","Quantum Egg","CaptainsWheel","ReplayTheSpireMod:Ninjato","Garlic","Blue Doll","Darkstone Periapt","HandDrill","Eternal Feather"],"acts_visited":["Exordium","TheCity","TheBeyond","TheEnding"],"potions_floor_usage":[20,20,20,20,20,28,33,33,40,42,42,50,50,55,55],"damage_taken":[{"damage":8.0,"enemies":"Jaw Worm","floor":1.0,"turns":6.0},{"damage":10.0,"enemies":"2 Louse","floor":4.0,"turns":2.0},{"damage":55.0,"enemies":"Gremlin Nob","floor":7.0,"turns":6.0},{"damage":6.0,"enemies":"Lagavulin","floor":10.0,"turns":7.0},{"damage":0.0,"enemies":"Cultist","floor":14.0,"turns":3.0},{"damage":3.0,"enemies":"Hexaghost","floor":16.0,"turns":6.0},{"damage":8.0,"enemies":"Shell Parasite","floor":18.0,"turns":5.0},{"damage":8,"enemies":"Spheric Guardian","floor":20,"turns":4},{"damage":39,"enemies":"Slavers","floor":23,"turns":6},{"damage":5,"enemies":"3 Cultists","floor":28,"turns":5},{"damage":19,"enemies":"Snake Plant","floor":29,"turns":5},{"damage":9,"enemies":"Collector","floor":33,"turns":5},{"damage":2,"enemies":"3 Darklings","floor":35,"turns":8},{"damage":0,"enemies":"3 Shapes","floor":37,"turns":3},{"damage":13,"enemies":"Reptomancer","floor":40,"turns":3},{"damage":0,"enemies":"2 Orb Walkers","floor":42,"turns":3},{"damage":0,"enemies":"R_Hoarder","floor":46,"turns":2},{"damage":93,"enemies":"Time Eater","floor":50,"turns":9},{"damage":3,"enemies":"Shield and Spear","floor":54,"turns":3},{"damage":4,"enemies":"The Heart","floor":55,"turns":3}],"seed_played":"-2018701624427519452","potions_obtained":[{"floor":1.0,"key":"Elixir"},{"floor":7.0,"key":"FocusPotion"},{"floor":7.0,"key":"Venom Potion"},{"floor":7.0,"key":"Block Potion"},{"floor":14.0,"key":"Block Potion"},{"floor":16.0,"key":"SkillPotion"},{"floor":16.0,"key":"Swift Potion"},{"floor":18.0,"key":"EntropicBrew"},{"floor":23,"key":"BlessingOfTheForge"},{"floor":28,"key":"Adrenaline Potion"},{"floor":33,"key":"Ancient Potion"},{"floor":37,"key":"EssenceOfSteel"},{"floor":40,"key":"LifebloodPotion"},{"floor":40,"key":"Flashbang"},{"floor":42,"key":"Strength Potion"},{"floor":54,"key":"Elixir"}],"is_trial":false,"path_per_floor":["M","$","?","M","$","R","E","?","T","E","R","?","$","M","R","B",null,"M","?","M","$","?","E","R","?","T","R","M","M","R","$","R","B",null,"M","$","M","$","?","E","R","?","T","R","$","E","R","$","R","B",null,"R","$","E","B",null],"character_chosen":"DEFECT","items_purchased":["ClockworkSouvenir","Carrot","Conserve Battery","Gash","Heatsinks","Magnetism","Fission","Scrape","DollysMirror","Mayhem","Replay:Bootleg Shield Generator","Nunchaku","Steam Power","Pear","Strange Spoon","Oddly Smooth Stone","Replay:Bandana","Guide Book","Happy Flower","Singing Bowl","Replay:Frozen Program","Gash+1","ReplayTheSpireMod:Ninjato","Garlic","Master of Strategy","Darkstone Periapt","HandDrill","Swift Potion","Toxic Potion","SteroidPotion","Secret Weapon"],"campfire_rested":1,"item_purchase_floors":[2,2,2,5,5,5,5,13,13,13,13,21,21,31,31,36,36,36,38,38,38,45,45,45,48,48,53,53,53,53,53],"current_hp_per_floor":[67,67,67,57,57,57,2,20,25,33,33,33,33,33,33,55,94,86,86,83,83,83,44,44,44,44,44,39,20,20,30,61,77,104,104,104,104,104,104,103,103,108,108,108,108,110,110,110,110,27,110,110,110,110,110],"gold":622,"neow_bonus":"BOSS_RELIC","is_daily":false,"chose_seed":false,"campfire_upgraded":10,"win_rate":0.0,"timestamp":1613399965,"path_taken":["M","$","?","M","$","R","E","?","T","E","R","?","$","M","R","BOSS","M","?","?","$","?","E","R","?","T","R","?","M","R","$","R","BOSS","M","$","M","$","?","E","R","?","T","R","?","E","R","$","R","BOSS","R","$","E","BOSS"],"items_purchased_type":["Relic","Relic","Card","Card","Card","Card","Card","Card","Relic","Card","Card","Relic","Card","Relic","Relic","Relic","Relic","Relic","Relic","Relic","Relic","Card","Relic","Relic","Card","Relic","Relic","Potion","Potion","Potion","Card"],"build_version":"2020-12-22","purchased_purges":18,"victory":true,"max_hp_per_floor":[75,75,75,75,75,75,75,75,80,94,94,94,94,94,94,94,94,94,94,94,94,94,94,94,94,94,94,94,94,94,104,104,104,104,104,104,104,104,104,106,106,108,108,108,108,110,110,110,110,110,110,110,110,110,110],"card_choices":[{"not_picked":["Panic Button","Force Field"],"picked":"Streamline","floor":1.0},{"not_picked":["BasicCrystalCard","Sweeping Beam"],"picked":"Glacier","floor":4.0},{"not_picked":["Compile Driver","Genetic Algorithm"],"picked":"Panic Button","floor":7.0},{"not_picked":["Darkness","Rebound"],"picked":"Gash","floor":10.0},{"not_picked":["Loop","Steam"],"picked":"Beam Cell","floor":14.0},{"not_picked":["Biased Cognition","Meteor Strike"],"picked":"Echo Form","floor":16.0},{"not_picked":["Seek","ReplayRNGCard"],"picked":"Core Surge","floor":16.0},{"not_picked":["Ball Lightning","Genetic Algorithm","Beam Cell"],"picked":"Reprogram","floor":18.0},{"not_picked":["Time Bomb","Go for the Eyes+1","Redo+1"],"picked":"Turbo","floor":20},{"not_picked":["Compile Driver","Heatsinks+1","Multi-Cast"],"picked":"Auto Shields","floor":23},{"not_picked":["Redo","Genetic Algorithm","ReplayTheSpireMod:Repulse+1"],"picked":"Steam Power","floor":28},{"not_picked":["Barrage+1","Steam","Darkness"],"picked":"Self Repair+1","floor":29},{"not_picked":["Echo Form","Amplify","ReplayTheSpireMod:Omega Cannon+1"],"picked":"Reboot","floor":33},{"not_picked":["Machine Learning","Biased Cognition","Core Surge+1"],"picked":"Seek","floor":33},{"not_picked":["Creative AI","Fission","Hyperbeam+1"],"picked":"All For One+1","floor":33},{"not_picked":["Conserve Battery","Streamline+1","Coolheaded+1","Heatsinks"],"picked":"SKIP","floor":35},{"not_picked":["ReplayTheSpireMod:Reroute Power","Rip and Tear+1","Time Bomb+1"],"picked":"Hologram","floor":37},{"not_picked":["Beam Cell+1","Static Discharge","Reboot","Barrage+1"],"picked":"Singing Bowl","floor":40},{"not_picked":["Panic Button+1","Darkness+1","Compile Driver+1","Lockon+1"],"picked":"Singing Bowl","floor":42},{"not_picked":["Stack","Cold Snap+1","Glacier","Sunder+1"],"picked":"Singing Bowl","floor":46},{"not_picked":["Conserve Battery+1","Darkness","Gash+1"],"picked":"Turbo+1","floor":54}],"player_experience":110407,"relics_obtained":[{"floor":0.0,"key":"Grinning Jar"},{"floor":0.0,"key":"Unceasing Top"},{"floor":0.0,"key":"Pantograph"},{"floor":7.0,"key":"Replay:Towering Pillar of Hats"},{"floor":9.0,"key":"Durian"},{"floor":10.0,"key":"Mango"},{"floor":16.0,"key":"Question Card"},{"floor":19,"key":"Solar Panel"},{"floor":23,"key":"Replay:Accelerometer"},{"floor":26,"key":"ReplayTheSpireMod:Shallot"},{"floor":33,"key":"Molten Egg 2"},{"floor":40,"key":"Quantum Egg"},{"floor":42,"key":"CaptainsWheel"},{"floor":46,"key":"Blue Doll"},{"floor":54,"key":"Eternal Feather"}],"event_choices":[{"damage_healed":0.0,"max_hp_gain":0.0,"max_hp_loss":0.0,"gold_gain":175.0,"event_name":"Liars Game","player_choice":"AGREE","floor":3.0,"gold_loss":0.0,"damage_taken":0.0,"cards_obtained":["Doubt"]},{"damage_healed":18.0,"max_hp_gain":0.0,"max_hp_loss":0.0,"gold_gain":0.0,"event_name":"The Cleric","player_choice":"Healed","floor":8.0,"gold_loss":35.0,"damage_taken":0.0},{"damage_healed":0,"gold_gain":0,"player_choice":"1 cards matched","damage_taken":0,"max_hp_gain":0,"max_hp_loss":0,"event_name":"Match and Keep!","floor":25,"gold_loss":0,"cards_obtained":["ReplayRNGCard"]},{"cards_removed":["ReplayRNGCard"],"damage_healed":0,"gold_gain":0,"player_choice":"Removed Skill","damage_taken":0,"max_hp_gain":0,"max_hp_loss":0,"event_name":"Falling","floor":39,"gold_loss":0},{"damage_healed":0,"gold_gain":0,"player_choice":"Fight","damage_taken":0,"max_hp_gain":0,"max_hp_loss":0,"event_name":"Mysterious Sphere","floor":42,"gold_loss":0}],"is_beta":false,"boss_relics":[{"not_picked":["Coffee Dripper","Painkiller Herb"],"picked":"SlaversCollar"},{"not_picked":["Replay:Wanted Poster","Replay:Bronze Core"],"picked":"Replay:Grab Bag"},{"not_picked":["Busted Crown","Sozu"],"picked":"Philosopher\u0027s Stone"},{"not_picked":["Fusion Hammer","Velvet Choker"],"picked":"ChewingGum"},{"not_picked":["Honey Jar","Empty Cage"],"picked":"Runic Pyramid"}],"items_purged_floors":[2,2,2,2,5,5,5,13,13,13,13,13,31,31,31,38,38,48],"is_endless":false,"potions_floor_spawned":[1,7,7,7,14,16,16,18,18,23,28,33,37,40,40,42,54],"ascension_level":3}}