{"host":"1n4zh8skucxnzijq","time":1613382158,"event":{"mods":["AchievementEnabler","BaseMod","Minty Spire (QoL Compilation)","Quick Restart"],"gold_per_floor":[110,110,128,128,128,160,174,229,229,229,154,186,205,221,221,326,326,342,352,105,124,124,153,153,183,206,206,221,248,42,70,70,169,169,184,184,200,250,300,300,324,356,356,368,401,141,161,187,187,187,187,187,32,65,65,65],"floor_reached":55,"language":"ENG","playtime":2622,"items_purged":["Strike_R","Strike_R","Defend_R","Defend_R","Strike_R"],"score":1207,"play_id":"78289d87-01e5-4ff3-832f-24cc62cbc874","local_time":"20210215094238","is_ascension_mode":true,"campfire_choices":[{"data":"Rampage","floor":10,"key":"SMITH"},{"data":"Infernal Blade","floor":15,"key":"SMITH"},{"data":"Anger","floor":24,"key":"SMITH"},{"data":"Limit Break","floor":32,"key":"SMITH"},{"data":"Body Slam","floor":40,"key":"SMITH"},{"floor":49,"key":"RECALL"},{"data":"Seeing Red","floor":52,"key":"SMITH"}],"circlet_count":0,"master_deck":["Strike_R","Defend_R","Defend_R","Spot Weakness","Flame Barrier","Infernal Blade+1","Reaper","Thunderclap","Rampage+1","Anger+1","True Grit","Sever Soul","Offering","Seeing Red+1","Warcry","Flex+1","Anger+1","Seeing Red+1","Limit Break+1","Demon Form+1","Warcry","Flex+1","Body Slam+1","Heavy Blade+1","True Grit+1","Juggernaut+1","Offering","Flex+1","Havoc+1","Flex+1"],"relics":["Burning Blood","NeowsBlessing","Question Card","Torii","Unceasing Top","Eternal Feather","Frozen Egg 2","Philosopher\u0027s Stone","Sling","Enchiridion","Pantograph","Red Mask","Smiling Mask","Self Forming Clay","Membership Card","Tiny Chest","SlaversCollar","StoneCalendar","Prayer Wheel","Ancient Tea Set","The Courier","Bag of Marbles","Ginger","HandDrill","Happy Flower","Kunai","Lantern"],"acts_visited":["Exordium","TheCity","TheBeyond","TheEnding"],"potions_floor_usage":[8,12,14,16,19,25,33,39,45,55,55,55],"damage_taken":[{"damage":0,"enemies":"2 Louse","floor":1,"turns":1},{"damage":0,"enemies":"Small Slimes","floor":3,"turns":1},{"damage":0,"enemies":"3 Sentries","floor":6,"turns":1},{"damage":0,"enemies":"Cultist","floor":7,"turns":2},{"damage":11,"enemies":"Gremlin Nob","floor":8,"turns":4},{"damage":44,"enemies":"Lagavulin","floor":12,"turns":9},{"damage":10,"enemies":"2 Fungi Beasts","floor":13,"turns":4},{"damage":17,"enemies":"Exordium Wildlife","floor":14,"turns":4},{"damage":45,"enemies":"Hexaghost","floor":16,"turns":8},{"damage":6,"enemies":"Chosen","floor":18,"turns":3},{"damage":0,"enemies":"3 Byrds","floor":19,"turns":3},{"damage":6,"enemies":"Snecko","floor":21,"turns":3},{"damage":22,"enemies":"Book of Stabbing","floor":23,"turns":3},{"damage":14,"enemies":"Masked Bandits","floor":25,"turns":3},{"damage":13,"enemies":"Shelled Parasite and Fungi","floor":28,"turns":3},{"damage":20,"enemies":"Slavers","floor":29,"turns":3},{"damage":18,"enemies":"Gremlin Leader","floor":31,"turns":3},{"damage":31,"enemies":"Automaton","floor":33,"turns":5},{"damage":16,"enemies":"3 Shapes","floor":35,"turns":14},{"damage":34,"enemies":"3 Darklings","floor":37,"turns":3},{"damage":40,"enemies":"Mind Bloom Boss Battle","floor":38,"turns":5},{"damage":16,"enemies":"2 Orb Walkers","floor":39,"turns":4},{"damage":9,"enemies":"Giant Head","floor":42,"turns":4},{"damage":26,"enemies":"Maw","floor":44,"turns":5},{"damage":8,"enemies":"Reptomancer","floor":45,"turns":4},{"damage":12,"enemies":"Writhing Mass","floor":47,"turns":2},{"damage":8,"enemies":"Nemesis","floor":48,"turns":3},{"damage":24,"enemies":"Donu and Deca","floor":50,"turns":3},{"damage":12,"enemies":"Shield and Spear","floor":54,"turns":2},{"damage":104,"enemies":"The Heart","floor":55,"turns":5}],"seed_played":"-7959466793835876127","potions_obtained":[{"floor":1,"key":"GamblersBrew"},{"floor":3,"key":"SkillPotion"},{"floor":6,"key":"Block Potion"},{"floor":12,"key":"Energy Potion"},{"floor":14,"key":"Explosive Potion"},{"floor":21,"key":"BlessingOfTheForge"},{"floor":23,"key":"Dexterity Potion"},{"floor":28,"key":"Ancient Potion"},{"floor":29,"key":"Explosive Potion"},{"floor":37,"key":"FearPotion"},{"floor":42,"key":"LiquidMemories"},{"floor":47,"key":"Dexterity Potion"},{"floor":54,"key":"BloodPotion"}],"is_trial":false,"path_per_floor":["M","?","M","?","?","E","M","?","T","R","$","E","M","M","R","B",null,"M","M","$","M","?","E","R","?","T","?","M","E","$","E","R","B",null,"M","?","M","?","?","R","T","E","T","M","E","$","M","E","R","B",null,"R","$","E","B"],"character_chosen":"IRONCLAD","items_purchased":["Sling","Membership Card","Ginger","HandDrill","Offering","Kunai"],"campfire_rested":0,"item_purchase_floors":[20,30,46,46,46,53],"current_hp_per_floor":[78,60,66,71,71,77,83,78,78,85,85,52,60,57,66,37,73,79,85,85,85,69,53,65,83,83,83,78,83,83,73,85,66,80,85,85,68,51,51,66,66,76,76,71,69,69,71,83,85,73,82,85,85,79,0,0],"gold":65,"neow_bonus":"THREE_ENEMY_KILL","is_daily":false,"chose_seed":false,"campfire_upgraded":6,"win_rate":0.0,"timestamp":1613382158,"path_taken":["M","?","M","?","?","E","?","?","T","R","$","E","M","M","R","BOSS","M","M","$","M","?","E","R","?","T","?","M","E","?","E","R","BOSS","M","?","M","?","?","R","?","E","T","M","E","$","M","E","R","BOSS","R","$","E","BOSS"],"items_purchased_type":["Relic","Relic","Relic","Relic","Card","Relic"],"build_version":"2020-12-22","purchased_purges":5,"victory":false,"max_hp_per_floor":[80,80,80,85,85,85,85,85,85,85,85,85,85,85,85,85,85,85,85,85,85,85,85,85,85,85,85,85,85,85,85,85,85,85,85,85,85,85,85,85,85,85,85,85,85,85,85,85,85,85,85,85,85,85,85,85],"card_choices":[{"not_picked":["Uppercut","Cleave"],"picked":"Spot Weakness","floor":1},{"not_picked":["Clothesline","Shockwave","Sentinel"],"picked":"Flame Barrier","floor":3},{"not_picked":["Shrug It Off","Thunderclap","Body Slam"],"picked":"Reaper","floor":6},{"not_picked":["Whirlwind","Anger","Heavy Blade"],"picked":"Thunderclap","floor":7},{"not_picked":["Armaments","Carnage","Pummel"],"picked":"Rampage","floor":8},{"not_picked":["Seeing Red","Pommel Strike","Armaments"],"picked":"Anger","floor":12},{"not_picked":["Armaments","Shrug It Off","Cleave"],"picked":"True Grit","floor":13},{"not_picked":["Intimidate","Havoc","Cleave"],"picked":"Sever Soul","floor":14},{"not_picked":["Barricade+1","Exhume","Reaper"],"picked":"Offering","floor":16},{"not_picked":["Cleave","Rupture+1","Power Through","Iron Wave+1"],"picked":"SKIP","floor":18},{"not_picked":["Reckless Charge","Searing Blow","Anger+1"],"picked":"Seeing Red+1","floor":19},{"not_picked":["True Grit","Whirlwind","Twin Strike"],"picked":"Warcry","floor":21},{"not_picked":["Heavy Blade","Pommel Strike","Blood for Blood"],"picked":"Flex+1","floor":23},{"not_picked":["Armaments","Iron Wave","Havoc"],"picked":"Anger+1","floor":25},{"not_picked":["Pommel Strike","Armaments","Dark Embrace+1"],"picked":"Seeing Red","floor":28},{"not_picked":["Dropkick","Entrench","Dark Embrace+1"],"picked":"Limit Break","floor":29},{"not_picked":["Clash","Shockwave","Perfected Strike","Clothesline+1"],"picked":"SKIP","floor":31},{"not_picked":["Bludgeon","Barricade+1","Immolate"],"picked":"Demon Form+1","floor":33},{"not_picked":["Sword Boomerang","Spot Weakness+1","Rampage"],"picked":"Warcry","floor":35},{"not_picked":["Whirlwind","Wild Strike+1","Pommel Strike+1"],"picked":"Flex+1","floor":37},{"not_picked":["Rampage+1","Spot Weakness+1","True Grit"],"picked":"Body Slam","floor":39},{"not_picked":["Headbutt","Thunderclap+1","Impervious","Clothesline"],"picked":"SKIP","floor":42},{"not_picked":["Whirlwind","Thunderclap+1","Rupture+1"],"picked":"Heavy Blade+1","floor":44},{"not_picked":["Shrug It Off+1","Hemokinesis+1","Wild Strike"],"picked":"True Grit+1","floor":44},{"not_picked":["Pommel Strike+1","Body Slam","Havoc"],"picked":"Juggernaut+1","floor":45},{"not_picked":["True Grit+1","Fire Breathing+1","Rampage"],"picked":"Flex+1","floor":47},{"not_picked":["Armaments+1","Clothesline","Wild Strike+1"],"picked":"Havoc+1","floor":47},{"not_picked":["Disarm+1","Armaments","True Grit+1","Twin Strike+1"],"picked":"SKIP","floor":48},{"not_picked":["Disarm","Fire Breathing+1","Power Through"],"picked":"Flex+1","floor":54}],"player_experience":1055958,"relics_obtained":[{"floor":6,"key":"Torii"},{"floor":8,"key":"Unceasing Top"},{"floor":9,"key":"Eternal Feather"},{"floor":12,"key":"Frozen Egg 2"},{"floor":22,"key":"Enchiridion"},{"floor":23,"key":"Pantograph"},{"floor":25,"key":"Red Mask"},{"floor":26,"key":"Smiling Mask"},{"floor":29,"key":"Self Forming Clay"},{"floor":31,"key":"Tiny Chest"},{"floor":38,"key":"StoneCalendar"},{"floor":39,"key":"Prayer Wheel"},{"floor":42,"key":"Ancient Tea Set"},{"floor":43,"key":"The Courier"},{"floor":45,"key":"Bag of Marbles"},{"floor":48,"key":"Happy Flower"},{"floor":54,"key":"Lantern"}],"event_choices":[{"damage_healed":0,"gold_gain":0,"player_choice":"Success","damage_taken":18,"relics_obtained":["Question Card"],"max_hp_gain":0,"max_hp_loss":0,"event_name":"Scrap Ooze","floor":2,"gold_loss":0},{"damage_healed":0,"gold_gain":0,"player_choice":"Donut","damage_taken":0,"max_hp_gain":5,"max_hp_loss":0,"event_name":"Big Fish","floor":4,"gold_loss":0},{"damage_healed":0,"gold_gain":0,"cards_transformed":["Strike_R"],"player_choice":"Transformed","damage_taken":0,"max_hp_gain":0,"max_hp_loss":0,"event_name":"Transmorgrifier","floor":5,"gold_loss":0,"cards_obtained":["Infernal Blade"]},{"damage_healed":0,"gold_gain":0,"player_choice":"Searched \u00271\u0027 times","damage_taken":0,"max_hp_gain":0,"max_hp_loss":0,"event_name":"Dead Adventurer","floor":8,"gold_loss":0},{"damage_healed":0,"gold_gain":0,"player_choice":"Obtained Book","damage_taken":16,"max_hp_gain":0,"max_hp_loss":0,"event_name":"Cursed Tome","floor":22,"gold_loss":0},{"damage_healed":0,"gold_gain":0,"player_choice":"Fought Bandits","damage_taken":0,"max_hp_gain":0,"max_hp_loss":0,"event_name":"Masked Bandits","floor":25,"gold_loss":0},{"damage_healed":0,"gold_gain":0,"player_choice":"Ignored","damage_taken":0,"max_hp_gain":0,"max_hp_loss":0,"event_name":"Ghosts","floor":27,"gold_loss":0},{"cards_removed":["Bash"],"damage_healed":0,"gold_gain":0,"player_choice":"Removed Attack","damage_taken":0,"max_hp_gain":0,"max_hp_loss":0,"event_name":"Falling","floor":36,"gold_loss":0},{"damage_healed":0,"gold_gain":0,"player_choice":"Fight","damage_taken":0,"max_hp_gain":0,"max_hp_loss":0,"event_name":"MindBloom","floor":38,"gold_loss":0},{"damage_healed":0,"gold_gain":0,"player_choice":"Fight","damage_taken":0,"max_hp_gain":0,"max_hp_loss":0,"event_name":"Mysterious Sphere","floor":39,"gold_loss":0}],"is_beta":false,"boss_relics":[{"not_picked":["Runic Pyramid","Fusion Hammer"],"picked":"Philosopher\u0027s Stone"},{"not_picked":["Cursed Key","Astrolabe"],"picked":"SlaversCollar"}],"items_purged_floors":[11,20,30,46,53],"is_endless":false,"potions_floor_spawned":[1,3,6,12,14,21,23,28,29,37,42,47,54],"killed_by":"The Heart","ascension_level":6}}