{"host":"ypphcgdomtfqpc2w","time":1613392480,"event":{"mods":["BaseMod","DeckTracker","MarisaÅiñ∂âJÅ@ñÇóùçπÅj","Minty Spire (QoL Compilation)","Relic Stats","StSLib"],"gold_per_floor":[111,124,69,94,144,178,208,234,234,234,234,284,284,284,284,394,394,437,468,468,29,55,116,116,159,159,190,223,223,223,259,259,372,372,386,386,661,696,97,97,172,172,172,8,39,79,139,172,172,172,172,172,172,35,75,75],"floor_reached":57,"language":"ENG","playtime":3470,"items_purged":["Strike_MRS","Regret"],"score":2887,"play_id":"cdfb3165-1ea7-409b-b227-565f72d231a7","local_time":"20210215213440","is_ascension_mode":true,"campfire_choices":[{"data":"FinalSpark","floor":10.0,"key":"SMITH"},{"floor":13.0,"key":"REST"},{"data":"6A","floor":15.0,"key":"SMITH"},{"data":"CollectingQuirk","floor":24.0,"key":"SMITH"},{"data":"ShootTheMoon","floor":29.0,"key":"SMITH"},{"floor":32.0,"key":"REST"},{"data":"MillisecondPulsars","floor":40.0,"key":"SMITH"},{"data":"EventHorizon","floor":42,"key":"SMITH"},{"floor":49,"key":"RECALL"},{"data":"DeepEcoloBomb","floor":53,"key":"SMITH"}],"circlet_count":0,"master_deck":["AscendersBane","Strike_MRS+1","Strike_MRS+1","Strike_MRS+1","Defend_MRS+1","Defend_MRS+1","Defend_MRS+1","Defend_MRS+1","MasterSpark","UpSweep+1","MeteoricShower","6A+1","WitchOfGreed","FinalSpark+1","MilkyWay+1","FairyDestructionRay","GalacticHalo","CollectingQuirk+1","PowerUp+1","GasGiant+1","EventHorizon+1","TreasureHunter","AsteroidBelt+1","GravityBeat","ShootTheMoon+1","GrandCross","MillisecondPulsars+1","SprinkleStarSeal+1","EarthLightRay+1","GravityBeat+1","UltimateShortwave+1","DeepEcoloBomb+1","AsteroidBelt+1","DoubleSpark","AsteroidBelt+1"],"relics":["MiniHakkero","NeowsBlessing","PreservedInsect","Kunai","Regal Pillow","Golden Idol","Runic Pyramid","Toxic Egg 2","Akabeko","Blood Vial","TungstenRod","Letter Opener","Darkstone Periapt","Turnip","Coffee Dripper","Gremlin Horn","Bronze Scales","CatCart","Shuriken","StrikeDummy","OrangePellets","Mercury Hourglass","Potion Belt","Happy Flower","Boot"],"acts_visited":["Exordium","TheCity","TheBeyond","TheEnding"],"potions_floor_usage":[50,55,55,56,56],"damage_taken":[{"damage":0.0,"enemies":"Cultist","floor":1.0,"turns":1.0},{"damage":0.0,"enemies":"2 Louse","floor":2.0,"turns":1.0},{"damage":0.0,"enemies":"3 Sentries","floor":6.0,"turns":1.0},{"damage":2.0,"enemies":"Small Slimes","floor":7.0,"turns":3.0},{"damage":7.0,"enemies":"Exordium Thugs","floor":8.0,"turns":6.0},{"damage":21.0,"enemies":"Lagavulin","floor":12.0,"turns":6.0},{"damage":13.0,"enemies":"The Guardian","floor":16.0,"turns":10.0},{"damage":5.0,"enemies":"Chosen","floor":18.0,"turns":5.0},{"damage":0.0,"enemies":"3 Byrds","floor":19.0,"turns":4.0},{"damage":0.0,"enemies":"Gremlin Leader","floor":23.0,"turns":5.0},{"damage":1.0,"enemies":"Snecko","floor":25.0,"turns":4.0},{"damage":4.0,"enemies":"Chosen and Byrds","floor":27.0,"turns":5.0},{"damage":21.0,"enemies":"Slavers","floor":28.0,"turns":9.0},{"damage":0.0,"enemies":"3 Cultists","floor":31.0,"turns":6.0},{"damage":56.0,"enemies":"Collector","floor":33.0,"turns":10.0},{"damage":0.0,"enemies":"Orb Walker","floor":35.0,"turns":1.0},{"damage":2.0,"enemies":"3 Shapes","floor":38.0,"turns":7.0},{"damage":1,"enemies":"Orin","floor":41,"turns":7},{"damage":13,"enemies":"Nemesis","floor":45,"turns":3},{"damage":6,"enemies":"Sphere and 2 Shapes","floor":46,"turns":4},{"damage":0,"enemies":"Reptomancer","floor":47,"turns":4},{"damage":5,"enemies":"Writhing Mass","floor":48,"turns":4},{"damage":11,"enemies":"Awakened One","floor":50,"turns":8},{"damage":56,"enemies":"Donu and Deca","floor":51,"turns":7},{"damage":4,"enemies":"Shield and Spear","floor":55,"turns":2},{"damage":26,"enemies":"The Heart","floor":56,"turns":8}],"seed_played":"-4380913130873774876","potions_obtained":[{"floor":1.0,"key":"SkillPotion"},{"floor":2.0,"key":"EssenceOfSteel"},{"floor":8.0,"key":"Dexterity Potion"},{"floor":12.0,"key":"Dexterity Potion"},{"floor":16.0,"key":"BottledSpark"},{"floor":18.0,"key":"PowerPotion"},{"floor":19.0,"key":"Dexterity Potion"},{"floor":23.0,"key":"LiquidBronze"},{"floor":25.0,"key":"Dexterity Potion"},{"floor":27.0,"key":"GamblersBrew"},{"floor":31.0,"key":"PowerPotion"},{"floor":33.0,"key":"BlessingOfTheForge"},{"floor":33.0,"key":"ShroomBrew"},{"floor":35.0,"key":"LiquidMemories"},{"floor":47,"key":"BottledSpark"},{"floor":47,"key":"DistilledChaos"}],"is_trial":false,"path_per_floor":["M","M","$","T","?","E","M","M","T","R","?","E","R","?","R","B",null,"M","M","?","$","T","E","R","M","T","M","E","R","?","M","R","B",null,"M","?","?","M","$","R","?","R","T","$","E","M","E","M","R","B","B",null,"R","$","E","B",null],"character_chosen":"MARISA","items_purchased":["WitchOfGreed","Toxic Egg 2","EventHorizon","Gremlin Horn","EarthLightRay+1","Bronze Scales","OrangePellets","AsteroidBelt+1","BottledSpark","DoubleSpark"],"campfire_rested":2,"item_purchase_floors":[3,21,21,39,39,39,44,54,54,54],"current_hp_per_floor":[63,63,63,63,56,56,54,47,47,47,26,5,41,41,41,28,54,49,49,49,49,49,49,49,50,50,48,29,29,29,31,63,7,49,51,51,57,57,57,57,64,64,64,64,59,61,69,69,69,64,16,56,56,56,54,36],"gold":75,"neow_bonus":"THREE_ENEMY_KILL","is_daily":false,"chose_seed":false,"campfire_upgraded":7,"win_rate":0.0,"timestamp":1613392480,"path_taken":["M","M","$","?","?","E","?","M","T","R","?","E","R","?","R","BOSS","M","M","?","$","?","E","R","M","T","?","E","R","?","M","R","BOSS","M","?","?","?","$","R","?","R","T","$","E","M","E","M","R","BOSS","BOSS","R","$","E","BOSS"],"items_purchased_type":["Card","Relic","Card","Relic","Card","Relic","Relic","Card","Potion","Card"],"build_version":"2020-12-22","purchased_purges":2,"victory":true,"max_hp_per_floor":[70,70,70,70,70,70,70,70,70,70,70,70,70,63,63,63,63,63,63,63,63,63,63,63,63,63,63,63,63,63,63,63,63,63,63,63,69,69,69,69,69,69,69,69,69,69,69,69,69,69,69,69,69,69,69,69],"relic_stats":{"Darkstone Periapt":6,"Regal Pillow":29,"Gremlin Horn":[14,19],"Happy Flower":[9],"counters":[26,131],"Golden Idol":300,"PreservedInsect":326,"Letter Opener":[71],"Boot":[3],"Mercury Hourglass":[136],"Blood Vial":26,"OrangePellets":[2],"Shuriken":[27],"Bronze Scales":[190],"Turnip":[7],"Kunai":[49],"obtain_stats":[{"Darkstone Periapt":28,"Regal Pillow":12,"Gremlin Horn":39,"Boot":55,"Blood Vial":23,"Kunai":9,"Toxic Egg 2":21,"Runic Pyramid":17,"Potion Belt":47,"NeowsBlessing":0,"Happy Flower":47,"Golden Idol":14,"PreservedInsect":6,"Letter Opener":28,"Akabeko":22,"Mercury Hourglass":45,"OrangePellets":44,"Shuriken":41,"Bronze Scales":39,"Turnip":33,"Coffee Dripper":34,"MiniHakkero":0,"CatCart":41,"StrikeDummy":43,"TungstenRod":26},{"Darkstone Periapt":13,"Regal Pillow":6,"Gremlin Horn":17,"Boot":25,"Blood Vial":10,"Kunai":5,"Toxic Egg 2":9,"Runic Pyramid":7,"Potion Belt":21,"NeowsBlessing":0,"Happy Flower":21,"Golden Idol":6,"PreservedInsect":3,"Letter Opener":13,"Akabeko":9,"Mercury Hourglass":19,"OrangePellets":18,"Shuriken":18,"Bronze Scales":17,"Turnip":15,"Coffee Dripper":15,"MiniHakkero":0,"CatCart":18,"StrikeDummy":18,"TungstenRod":11},{"Darkstone Periapt":60,"Regal Pillow":18,"Gremlin Horn":84,"Boot":123,"Blood Vial":42,"Kunai":12,"Toxic Egg 2":37,"Runic Pyramid":28,"Potion Belt":102,"NeowsBlessing":0,"Happy Flower":102,"Golden Idol":18,"PreservedInsect":3,"Letter Opener":60,"Akabeko":37,"Mercury Hourglass":94,"OrangePellets":91,"Shuriken":91,"Bronze Scales":84,"Turnip":76,"Coffee Dripper":76,"MiniHakkero":0,"CatCart":91,"StrikeDummy":91,"TungstenRod":46}],"TungstenRod":50},"card_choices":[{"not_picked":["EventHorizon","AsteroidBelt"],"picked":"MeteoricShower","floor":1.0},{"not_picked":["UnstableBomb","RefractionSpark"],"picked":"6A","floor":2.0},{"not_picked":["UnstableBomb","SuperPerseids"],"picked":"FinalSpark","floor":6.0},{"not_picked":["WitchLeyline","StarBarrage"],"picked":"MilkyWay","floor":7.0},{"not_picked":["PulseMagic","WitchLeyline"],"picked":"FairyDestructionRay","floor":8.0},{"not_picked":["OpenUniverse","SuperPerseids"],"picked":"GalacticHalo","floor":12.0},{"not_picked":["StarDustReverie","BlazingStar"],"picked":"CollectingQuirk","floor":16.0},{"not_picked":["NonDirectionalLaser","GalacticHalo+1"],"picked":"PowerUp+1","floor":18.0},{"not_picked":["DeepEcoloBomb","DarkMatter"],"picked":"GasGiant+1","floor":19.0},{"not_picked":["WitchOfGreed+1","BlazeAway+1"],"picked":"TreasureHunter","floor":23.0},{"not_picked":["WitchOfGreed","6A"],"picked":"AsteroidBelt+1","floor":25.0},{"not_picked":["MysteriousBeam+1","OpenUniverse+1"],"picked":"GravityBeat","floor":27.0},{"not_picked":["TreasureHunter","OortCloud"],"picked":"ShootTheMoon","floor":28.0},{"not_picked":["MysteriousBeam","NonDirectionalLaser"],"picked":"GrandCross","floor":31.0},{"not_picked":["JA","UltimateShortwave+1"],"picked":"MillisecondPulsars","floor":33.0},{"not_picked":["IllusionStar+1","MysteriousBeam","StarBarrage"],"picked":"SKIP","floor":35.0},{"not_picked":["UnstableBomb","ChargingUp+1"],"picked":"SprinkleStarSeal+1","floor":38.0},{"not_picked":["DC","ShootingEcho"],"picked":"GravityBeat+1","floor":41},{"not_picked":["Robbery","MysteriousBeam"],"picked":"UltimateShortwave+1","floor":45},{"not_picked":["IllusionStar+1","MeteoricShower+1","GrandCross"],"picked":"SKIP","floor":46},{"not_picked":["GrandCross+1","SuperNova","RefractionSpark"],"picked":"SKIP","floor":47},{"not_picked":["ShootingEcho","DC"],"picked":"DeepEcoloBomb","floor":48},{"not_picked":["ShootingEcho","DoubleSpark"],"picked":"AsteroidBelt+1","floor":55}],"player_experience":3299224,"relics_obtained":[{"floor":6.0,"key":"PreservedInsect"},{"floor":9.0,"key":"Kunai"},{"floor":12.0,"key":"Regal Pillow"},{"floor":22.0,"key":"Akabeko"},{"floor":23.0,"key":"Blood Vial"},{"floor":26.0,"key":"TungstenRod"},{"floor":28.0,"key":"Letter Opener"},{"floor":28.0,"key":"Darkstone Periapt"},{"floor":33.0,"key":"Turnip"},{"floor":41,"key":"CatCart"},{"floor":41,"key":"Shuriken"},{"floor":43,"key":"StrikeDummy"},{"floor":45,"key":"Mercury Hourglass"},{"floor":47,"key":"Potion Belt"},{"floor":47,"key":"Happy Flower"},{"floor":55,"key":"Boot"}],"event_choices":[{"damage_healed":0.0,"max_hp_gain":0.0,"max_hp_loss":0.0,"gold_gain":50.0,"event_name":"FaceTrader","player_choice":"Touch","floor":5.0,"gold_loss":0.0,"damage_taken":7.0},{"damage_healed":0.0,"max_hp_gain":0.0,"max_hp_loss":0.0,"gold_gain":0.0,"event_name":"Shining Light","player_choice":"Entered Light","floor":11.0,"gold_loss":0.0,"damage_taken":21.0,"cards_upgraded":["MilkyWay","UpSweep"]},{"damage_healed":0.0,"max_hp_gain":0.0,"max_hp_loss":7.0,"gold_gain":0.0,"event_name":"Golden Idol","player_choice":"Lose Max HP","floor":14.0,"gold_loss":0.0,"damage_taken":0.0,"relics_obtained":["Golden Idol"]},{"damage_healed":0.0,"max_hp_gain":0.0,"max_hp_loss":0.0,"gold_gain":0.0,"event_name":"Lab","player_choice":"Got Potions","floor":20.0,"gold_loss":0.0,"damage_taken":0.0},{"damage_healed":0.0,"max_hp_gain":0.0,"max_hp_loss":0.0,"gold_gain":0.0,"event_name":"Back to Basics","player_choice":"Simplicity","floor":30.0,"gold_loss":0.0,"damage_taken":0.0,"cards_upgraded":["Strike_MRS","Strike_MRS","Strike_MRS","Defend_MRS","Defend_MRS","Defend_MRS","Defend_MRS"]},{"damage_healed":0.0,"max_hp_gain":0.0,"max_hp_loss":0.0,"gold_gain":0.0,"event_name":"Tomb of Lord Red Mask","player_choice":"Ignored","floor":36.0,"gold_loss":0.0,"damage_taken":0.0},{"damage_healed":0.0,"max_hp_gain":0.0,"max_hp_loss":0.0,"gold_gain":275.0,"event_name":"Golden Shrine","player_choice":"Desecrate","floor":37.0,"gold_loss":0.0,"damage_taken":0.0,"cards_obtained":["Regret"]},{"damage_healed":0,"gold_gain":0,"player_choice":"Fight","damage_taken":0,"max_hp_gain":0,"max_hp_loss":0,"event_name":"OrinTheCat","floor":41,"gold_loss":0}],"is_beta":false,"boss_relics":[{"not_picked":["Black Star","Ectoplasm"],"picked":"Runic Pyramid"},{"not_picked":["Sozu","Empty Cage"],"picked":"Coffee Dripper"}],"items_purged_floors":[21,39],"is_endless":false,"potions_floor_spawned":[1,2,12,18,19,25,33,35,41,47,48],"ascension_level":20}}