{"host":"a3gu5zu37ht99mpa","time":1613357926,"event":{"mods":["100% Spire Juice","Act Like it!","Arknights","BaseMod","Better Silent Start","BetterRewards","Conspire","Downfall","Energized Spire","GifTheSpireLib","Gold Saver","Halation","Minty Spire (QoL Compilation)","Prisma Mod","Robot Space Explorer","Shop Mod","StSLib","Stuff the Spire","The Animator","The Servant 0.9.4","Virulent Crown","Wandering Minibosses","yUi"],"gold_per_floor":[303,303,273,283,159,197,297,142,142,174,194,223,254,264,264,369,369,393,404,248,261,261,261,297,297,297,329,340,340,340],"floor_reached":29,"language":"ENG","playtime":1963,"items_purged":[],"score":295,"play_id":"e721e03d-bd05-4a6b-9fa0-d1a96c5bc040","local_time":"20210214215846","is_ascension_mode":true,"campfire_choices":[{"floor":15,"key":"RECALL"},{"data":"animator:AcuraShin","floor":23,"key":"SMITH"},{"data":"animator:AcuraAkari","floor":25,"key":"SMITH"}],"circlet_count":0,"master_deck":["animator:Strike_HitsugiNoChaika","animator:Defend_HitsugiNoChaika","animator:Strike","animator:Strike","animator:Strike","animator:Defend","animator:Defend","animator:Defend","animator:AcuraAkari","animator:Gillette","animator:Demiurge","animator:Entoma+4","animator:AcuraAkari+1","animator:ChaikaBohdan","animator:Guy","animator:PandorasActor","animator:AcuraShin+1","animator:Layla","animator:Darkness","animator:Shalltear","animator:Shizu","animator:LizardPriest","animator:Vesta+1","animator:NarberalGamma","animator:DwarfShaman","animator:Albedo","animator:Fredrika","animator:Evileye+1"],"relics":["animator:LivingPicture","animator:TheMissingPiece","Boot","animator:Buoy","Sling","White Beast Statue","energizedSpire:OgreHead","animator:CerealBox","Regal Pillow","animator:OldCoffin","Paper Crane"],"acts_visited":["Exordium","TheCity"],"potions_floor_usage":[16,21,27,27,27,28,29],"damage_taken":[{"damage":3,"enemies":"Jaw Worm","floor":1,"turns":2},{"damage":0,"enemies":"Cultist","floor":4,"turns":4},{"damage":13,"enemies":"3 Sentries","floor":6,"turns":6},{"damage":3,"enemies":"Small Slimes","floor":10,"turns":2},{"damage":0,"enemies":"Red Slaver","floor":11,"turns":3},{"damage":3,"enemies":"Blue Slaver","floor":12,"turns":2},{"damage":7,"enemies":"Gremlin Nob","floor":13,"turns":3},{"damage":10,"enemies":"2 Fungi Beasts","floor":14,"turns":3},{"damage":30,"enemies":"The Guardian","floor":16,"turns":9},{"damage":22,"enemies":"2 Thieves","floor":18,"turns":3},{"damage":11,"enemies":"3 Byrds","floor":19,"turns":4},{"damage":21,"enemies":"Shelled Parasite and Fungi","floor":21,"turns":5},{"damage":4,"enemies":"Centurion and Healer","floor":24,"turns":7},{"damage":37,"enemies":"Slavers","floor":27,"turns":4},{"damage":2,"enemies":"Cultist and Chosen","floor":28,"turns":4},{"damage":8,"enemies":"Gremlin Leader","floor":29,"turns":4}],"seed_played":"1261575743309780669","potions_obtained":[{"floor":1,"key":"ColorlessPotion"},{"floor":3,"key":"Regen Potion"},{"floor":3,"key":"SmokeBomb"},{"floor":4,"key":"animator:FalseLifePotion"},{"floor":10,"key":"AttackPotion"},{"floor":14,"key":"champ:CounterPotion"},{"floor":16,"key":"hexamod:SoulburnPotion"},{"floor":18,"key":"SteroidPotion"},{"floor":21,"key":"Slimebound:ThreeZeroPotion"},{"floor":24,"key":"LiquidMemories"},{"floor":27,"key":"Fire Potion"},{"floor":28,"key":"DuplicationPotion"}],"is_trial":false,"path_per_floor":["M","$","?","M","$","E","?","$","T","M","M","M","E","M","R","B",null,"M","M","$","M","?","R","M","R","T","E","M","E"],"character_chosen":"THE_ANIMATOR","items_purchased":["animator:AcuraAkari","animator:ChaikaBohdan","Sling","animator:CerealBox","animator:NarberalGamma"],"campfire_rested":0,"item_purchase_floors":[5,5,8,20,20],"current_hp_per_floor":[63,63,63,64,64,53,53,53,53,52,53,50,45,38,38,8,77,55,44,44,24,24,36,32,32,32,4,4,0,0],"gold":340,"neow_bonus":"RANDOM_COMMON_RELIC","is_daily":false,"chose_seed":false,"campfire_upgraded":2,"win_rate":0.0,"timestamp":1613357926,"path_taken":["M","$","?","?","?","E","?","$","T","M","?","M","E","M","R","BOSS","M","M","$","M","?","R","M","R","T","E","?","E"],"items_purchased_type":["Card","Card","Relic","Relic","Card"],"build_version":"2020-12-22","purchased_purges":0,"victory":false,"max_hp_per_floor":[66,66,66,67,67,69,69,69,69,71,72,72,74,77,77,77,77,77,77,77,78,78,78,78,78,78,79,81,81,81],"card_choices":[{"not_picked":["animator:Scar","animator:Melzalgald"],"picked":"animator:Demiurge","floor":1},{"not_picked":["animator:CowGirl","animator:Millim"],"picked":"animator:Entoma","floor":4},{"not_picked":["animator:Tatsumaki","animator:Megumin"],"picked":"animator:Guy","floor":6},{"not_picked":["animator:Demiurge","animator:Sebas"],"picked":"animator:PandorasActor","floor":10},{"not_picked":["animator:Sebas","animator:ElricEdward"],"picked":"animator:AcuraShin","floor":11},{"not_picked":["animator:Kaijin","animator:Geryuganshoop"],"picked":"animator:Layla","floor":12},{"not_picked":["animator:Sloth","animator:Gillette"],"picked":"animator:Darkness","floor":13},{"not_picked":["animator:PandorasActor","animator:Demiurge"],"picked":"animator:Shalltear","floor":14},{"not_picked":["animator:Wiz","animator:Envy"],"picked":"animator:Shizu","floor":16},{"not_picked":["animator:MaesHughes","animator:ChaikaBohdan"],"picked":"animator:LizardPriest","floor":18},{"not_picked":["animator:Kaijin","animator:PandorasActor"],"picked":"animator:Vesta+1","floor":19},{"not_picked":["animator:Kazuma","animator:Souei"],"picked":"animator:DwarfShaman","floor":21},{"not_picked":["animator:Shalltear","animator:Entoma"],"picked":"animator:Albedo","floor":24},{"not_picked":["animator:Shion+1","animator:Evileye+1"],"picked":"animator:Fredrika","floor":27},{"not_picked":["animator:LizardPriest","animator:MumenRider"],"picked":"animator:Evileye+1","floor":28}],"player_experience":82676,"relics_obtained":[{"floor":6,"key":"animator:Buoy"},{"floor":13,"key":"White Beast Statue"},{"floor":26,"key":"animator:OldCoffin"},{"floor":27,"key":"Paper Crane"}],"event_choices":[{"damage_healed":0,"gold_gain":0,"player_choice":"Bought 2 Potions","damage_taken":0,"max_hp_gain":0,"max_hp_loss":0,"event_name":"The Woman in Blue","floor":3,"gold_loss":0},{"damage_healed":0,"gold_gain":100,"player_choice":"Pray","damage_taken":0,"max_hp_gain":0,"max_hp_loss":0,"event_name":"Golden Shrine","floor":7,"gold_loss":0},{"damage_healed":0,"gold_gain":0,"player_choice":"Gave Potion","damage_taken":0,"relics_obtained":["Regal Pillow"],"max_hp_gain":0,"max_hp_loss":0,"event_name":"WeMeetAgain","floor":22,"gold_loss":0}],"is_beta":false,"boss_relics":[{"not_picked":["halation:Yufonium","halation:PinkAlligatorPlush"],"picked":"energizedSpire:OgreHead"}],"items_purged_floors":[],"is_endless":false,"potions_floor_spawned":[1,4,10,14,16,18,19,21,24,27,28],"killed_by":"Gremlin Leader","ascension_level":1}}