{"host":"zxkjcgzis4pm3za5","time":1613392746,"event":{"mods":["2.2 Compatiblity","AchievementEnabler","BaseMod","Colored Map","Colored Powertips","Minty Spire (QoL Compilation)","Quick Restart","Random Character Button","Relic Filter Mod","Relic Sorter","Relic Stats","StSLib"],"gold_per_floor":[112,127,127,127,87,115,115,132,155,172,190,217,60,72,72,72,72],"floor_reached":16,"language":"ENG","playtime":412,"items_purged":[],"score":274,"play_id":"5b9b4bd0-66d9-4d14-9ad0-fe509455f7b0","local_time":"20210215180906","is_ascension_mode":true,"campfire_choices":[{"data":"Genetic Algorithm","floor":7,"key":"SMITH"},{"data":"Capacitor","floor":15,"key":"SMITH"}],"circlet_count":0,"master_deck":["AscendersBane","Strike_B","Strike_B","Strike_B","Strike_B","Defend_B+1","Defend_B","Defend_B","Zap","Dualcast","Auto Shields+1","Go for the Eyes","Genetic Algorithm+1","Gash","Beam Cell","Skim","Ball Lightning","Conserve Battery","Capacitor+1"],"relics":["Cracked Core","NeowsBlessing","War Paint","Omamori","Eternal Feather","Medical Kit"],"acts_visited":["Exordium"],"potions_floor_usage":[12,16],"damage_taken":[{"damage":0,"enemies":"Small Slimes","floor":1,"turns":1},{"damage":0,"enemies":"Jaw Worm","floor":2,"turns":1},{"damage":0,"enemies":"Lagavulin","floor":6,"turns":2},{"damage":0,"enemies":"Cultist","floor":8,"turns":3},{"damage":2,"enemies":"3 Louse","floor":10,"turns":4},{"damage":1,"enemies":"Red Slaver","floor":11,"turns":3},{"damage":12,"enemies":"3 Sentries","floor":12,"turns":7},{"damage":0,"enemies":"Looter","floor":14,"turns":3},{"damage":77,"enemies":"Slime Boss","floor":16,"turns":11}],"seed_played":"-665295487443988255","potions_obtained":[{"floor":6,"key":"Block Potion"},{"floor":8,"key":"Energy Potion"},{"floor":12,"key":"Regen Potion"}],"is_trial":false,"path_per_floor":["M","M","?","?","$","E","R","M","T","M","M","E","$","M","R","B"],"character_chosen":"DEFECT","items_purchased":["Genetic Algorithm","Medical Kit"],"campfire_rested":0,"item_purchase_floors":[5,13],"current_hp_per_floor":[64,64,64,57,57,57,57,57,57,55,54,42,42,42,51,0,0],"gold":72,"neow_bonus":"THREE_ENEMY_KILL","is_daily":false,"chose_seed":false,"campfire_upgraded":2,"win_rate":0.0,"timestamp":1613392746,"path_taken":["M","M","?","?","?","E","R","M","T","M","?","E","$","M","R","BOSS"],"items_purchased_type":["Card","Relic"],"build_version":"2020-12-22","purchased_purges":0,"victory":false,"max_hp_per_floor":[71,71,71,71,71,71,71,71,71,71,71,71,71,71,71,71,71],"relic_stats":{"counters":[9,35],"Eternal Feather":9,"War Paint":["Defend_B","Auto Shields"],"Medical Kit":[0],"obtain_stats":[{"NeowsBlessing":0,"Eternal Feather":12,"Omamori":9,"War Paint":6,"Cracked Core":0,"Medical Kit":13},{"NeowsBlessing":0,"Eternal Feather":7,"Omamori":4,"War Paint":3,"Cracked Core":0,"Medical Kit":7},{"NeowsBlessing":0,"Eternal Feather":21,"Omamori":7,"War Paint":4,"Cracked Core":0,"Medical Kit":21}]},"card_choices":[{"not_picked":["Steam","Hologram"],"picked":"Auto Shields","floor":1},{"not_picked":["Auto Shields","Storm"],"picked":"Go for the Eyes","floor":2},{"not_picked":["Steam","Barrage"],"picked":"Gash","floor":6},{"not_picked":["Steam","Consume"],"picked":"Beam Cell","floor":8},{"not_picked":["Leap","Compile Driver"],"picked":"Skim","floor":10},{"not_picked":["Storm","Force Field"],"picked":"Ball Lightning","floor":11},{"not_picked":["Cold Snap","Multi-Cast"],"picked":"Conserve Battery","floor":12},{"not_picked":["Coolheaded","BootSequence"],"picked":"Capacitor","floor":14}],"player_experience":373655,"relics_obtained":[{"floor":6,"key":"War Paint"},{"floor":9,"key":"Omamori"},{"floor":12,"key":"Eternal Feather"}],"event_choices":[{"damage_healed":0,"gold_gain":0,"player_choice":"Leave","damage_taken":0,"max_hp_gain":0,"max_hp_loss":0,"event_name":"The Cleric","floor":3,"gold_loss":0},{"cards_removed":["Defend_B"],"damage_healed":0,"gold_gain":0,"player_choice":"Card Removal","damage_taken":7,"max_hp_gain":0,"max_hp_loss":0,"event_name":"Golden Wing","floor":4,"gold_loss":0}],"is_beta":false,"boss_relics":[],"items_purged_floors":[],"is_endless":false,"potions_floor_spawned":[6,8,10,12,14],"killed_by":"Slime Boss","ascension_level":20}}