{"host":"u7y9frlpoazak2mn","time":1613425242,"event":{"mods":["AchievementEnabler","Act Like it!","Aspiration","BaseMod","Beaked The Cultist","Better Altar","Better Match","Better Note","Better Sensory Stone","Better Skull","Better Third Choice","Colored Map","Colored Powertips","Displayed Cursed Tome","Downfall","Emptier Cage","Energized Spire","GifTheSpireLib","Hermit","Marked Mod","Mimic Mod","Minty Spire (QoL Compilation)","Permanent Neow","Prisma Mod","Rare Cards Sparkle","Relic Stats","StSLib","The Construct","Waifu the Spire"],"gold_per_floor":[114,130,130,53,71,71,90,90,116,131,144,224,224,249,249,249,249],"floor_reached":16,"language":"ENG","playtime":461,"items_purged":[],"score":107,"play_id":"2a2934d0-5c5d-4a58-a108-25de32180de4","local_time":"20210215164042","is_ascension_mode":true,"campfire_choices":[{"data":"Hyperbeam","floor":6,"key":"SMITH"},{"floor":8,"key":"REST"},{"floor":13,"key":"REST"},{"floor":15,"key":"REST"}],"circlet_count":0,"master_deck":["Strike_B","Strike_B","Strike_B","Strike_B","Defend_B","Defend_B","Defend_B+1","Defend_B+1","Zap","Dualcast","Hyperbeam+1","Compile Driver","Heatsinks","Heatsinks","Consume","White Noise","Tempest","Heatsinks"],"relics":["Cracked Core","Juzu Bracelet","beaked:ShinyBauble"],"acts_visited":["Exordium"],"potions_floor_usage":[14,14,14],"damage_taken":[{"damage":8,"enemies":"Small Slimes","floor":1,"turns":2},{"damage":6,"enemies":"Jaw Worm","floor":2,"turns":2},{"damage":0,"enemies":"2 Louse","floor":5,"turns":2},{"damage":13,"enemies":"Red Slaver","floor":7,"turns":2},{"damage":23,"enemies":"Large Slime","floor":10,"turns":6},{"damage":19,"enemies":"2 Fungi Beasts","floor":11,"turns":4},{"damage":21,"enemies":"Lagavulin","floor":14,"turns":4},{"damage":43,"enemies":"The Guardian","floor":16,"turns":6}],"seed_played":"7539617249510206662","potions_obtained":[{"floor":2,"key":"Explosive Potion"},{"floor":5,"key":"AttackPotion"},{"floor":7,"key":"FocusPotion"}],"is_trial":false,"path_per_floor":["M","M","?","$","M","R","M","R","T","M","M","?","R","E","R","B"],"character_chosen":"DEFECT","items_purchased":["Heatsinks"],"campfire_rested":3,"item_purchase_floors":[4],"current_hp_per_floor":[67,61,46,46,46,46,33,55,55,32,13,13,35,14,36,0,0],"gold":249,"neow_bonus":"ONE_RANDOM_RARE_CARD","is_daily":false,"chose_seed":false,"campfire_upgraded":1,"win_rate":0.0,"timestamp":1613425242,"path_taken":["M","M","?","$","M","R","M","R","T","M","M","?","R","E","R","BOSS"],"items_purchased_type":["Card"],"build_version":"2020-12-22","purchased_purges":0,"victory":false,"max_hp_per_floor":[75,75,75,75,75,75,75,75,75,75,75,75,75,75,75,75,75],"relic_stats":{"counters":[8,28],"Juzu Bracelet":0,"obtain_stats":[{"beaked:ShinyBauble":14,"Juzu Bracelet":9,"Cracked Core":0},{"beaked:ShinyBauble":7,"Juzu Bracelet":4,"Cracked Core":0},{"beaked:ShinyBauble":22,"Juzu Bracelet":8,"Cracked Core":0}]},"card_choices":[{"not_picked":["Streamline","Blizzard"],"picked":"Compile Driver","floor":1},{"not_picked":["Turbo","Sweeping Beam"],"picked":"Heatsinks","floor":2},{"not_picked":["Multi-Cast","Barrage"],"picked":"Consume","floor":5},{"not_picked":["Loop","Conserve Battery"],"picked":"White Noise","floor":7},{"not_picked":["Streamline","Cold Snap","Genetic Algorithm"],"picked":"SKIP","floor":10},{"not_picked":["Conserve Battery","Barrage"],"picked":"Tempest","floor":11},{"not_picked":["Recycle","Hologram"],"picked":"Heatsinks","floor":14}],"player_experience":459658,"relics_obtained":[{"floor":9,"key":"Juzu Bracelet"},{"floor":14,"key":"beaked:ShinyBauble"}],"event_choices":[{"damage_healed":61,"gold_gain":0,"player_choice":"Upgrade","damage_taken":15,"max_hp_gain":0,"max_hp_loss":75,"event_name":"betterThird:BetterShining","floor":3,"gold_loss":0,"cards_upgraded":["Defend_B","Defend_B"]},{"damage_healed":0,"gold_gain":80,"player_choice":"Gained Gold","damage_taken":0,"max_hp_gain":0,"max_hp_loss":0,"event_name":"Golden Wing","floor":12,"gold_loss":0}],"is_beta":false,"boss_relics":[],"items_purged_floors":[],"is_endless":false,"potions_floor_spawned":[2,5,7],"killed_by":"The Guardian","ascension_level":1}}