{"host":"27c1zwn2rxlukojz","time":1613426171,"event":{"mods":["BaseMod","Filter the Spire","Minty Spire (QoL Compilation)","Relic Stats","StSLib"],"gold_per_floor":[114,289,304,319,319,349,424,424,424,424,439,454,484,499,499,599,599,614,614,629,554,558,573,588,588,588,618,182,212,51,66,66,166,166,181,196,196,196,211,241,241,274,299,299,329,143,158,173,173,173],"floor_reached":51,"language":"DEU","playtime":3595,"items_purged":["Strike_R","Doubt"],"score":882,"play_id":"3487d7d6-edcb-4862-8b7a-4be11bbb84f4","local_time":"20210215225611","is_ascension_mode":false,"campfire_choices":[{"data":"Flex","floor":10.0,"key":"SMITH"},{"data":"Spot Weakness","floor":15.0,"key":"SMITH"},{"floor":25.0,"key":"REST"},{"data":"Feed","floor":32.0,"key":"SMITH"},{"data":"Dual Wield","floor":41.0,"key":"SMITH"},{"data":"Bash","floor":44.0,"key":"SMITH"},{"data":"Armaments","floor":49,"key":"SMITH"}],"circlet_count":0,"master_deck":["Defend_R","Defend_R","Defend_R","Defend_R","Bash+1","Fire Breathing+1","Twin Strike","Flame Barrier+1","Flex+1","Spot Weakness+1","Sword Boomerang+1","Shrug It Off","Feed+1","Power Through+1","Rupture+1","Flame Barrier+1","Seeing Red","Sword Boomerang+1","Shrug It Off+1","Rage","Heavy Blade+1","Dark Embrace+1","Reckless Charge","Corruption+1","Feel No Pain+1","Infernal Blade","Rage","Flame Barrier","Impervious","Heavy Blade+1","Feel No Pain+1","Dual Wield+1","Limit Break","Havoc+1","Metallicize+1","Madness","Armaments+1","Shrug It Off","Exhume","Second Wind+1"],"relics":["Burning Blood","Mercury Hourglass","Singing Bowl","Frozen Egg 2","Bag of Preparation","Astrolabe","Nilry\u0027s Codex","Red Mask","Meat on the Bone","Pocketwatch","Membership Card","Pear","Potion Belt","Calling Bell","MealTicket","Blue Candle","Prayer Wheel","Matryoshka","Boot","Whetstone","Regal Pillow","Bird Faced Urn","Darkstone Periapt","Smiling Mask","Unceasing Top"],"acts_visited":["Exordium","TheCity","TheBeyond"],"potions_floor_usage":[50,50],"damage_taken":[{"damage":1.0,"enemies":"Jaw Worm","floor":1.0,"turns":6.0},{"damage":12.0,"enemies":"Small Slimes","floor":3.0,"turns":4.0},{"damage":0.0,"enemies":"2 Louse","floor":4.0,"turns":3.0},{"damage":21.0,"enemies":"Gremlin Nob","floor":6.0,"turns":5.0},{"damage":4.0,"enemies":"Exordium Wildlife","floor":11.0,"turns":4.0},{"damage":0.0,"enemies":"3 Louse","floor":12.0,"turns":2.0},{"damage":26.0,"enemies":"Lagavulin","floor":13.0,"turns":5.0},{"damage":9.0,"enemies":"2 Fungi Beasts","floor":14.0,"turns":2.0},{"damage":17.0,"enemies":"Hexaghost","floor":16.0,"turns":9.0},{"damage":5.0,"enemies":"Chosen","floor":18.0,"turns":4.0},{"damage":32.0,"enemies":"Spheric Guardian","floor":20.0,"turns":6.0},{"damage":22.0,"enemies":"Masked Bandits","floor":22.0,"turns":5.0},{"damage":20.0,"enemies":"Cultist and Chosen","floor":23.0,"turns":6.0},{"damage":11.0,"enemies":"Snecko","floor":24.0,"turns":5.0},{"damage":13.0,"enemies":"Slavers","floor":27.0,"turns":6.0},{"damage":22.0,"enemies":"Gremlin Leader","floor":29.0,"turns":8.0},{"damage":0.0,"enemies":"Snake Plant","floor":31.0,"turns":7.0},{"damage":24.0,"enemies":"Automaton","floor":33.0,"turns":11.0},{"damage":1.0,"enemies":"3 Shapes","floor":35.0,"turns":6.0},{"damage":45.0,"enemies":"3 Darklings","floor":36.0,"turns":8.0},{"damage":1.0,"enemies":"Writhing Mass","floor":39.0,"turns":4.0},{"damage":27.0,"enemies":"Reptomancer","floor":40.0,"turns":7.0},{"damage":18.0,"enemies":"2 Orb Walkers","floor":42.0,"turns":7.0},{"damage":4.0,"enemies":"Nemesis","floor":45.0,"turns":5.0},{"damage":36.0,"enemies":"Jaw Worm Horde","floor":47.0,"turns":5.0},{"damage":1.0,"enemies":"Maw","floor":48.0,"turns":7.0},{"damage":79,"enemies":"Awakened One","floor":50,"turns":8}],"seed_played":"-2857008648655107984","potions_obtained":[{"floor":4.0,"key":"CultistPotion"},{"floor":6.0,"key":"Ancient Potion"},{"floor":14.0,"key":"Weak Potion"},{"floor":20.0,"key":"DuplicationPotion"},{"floor":29.0,"key":"SpeedPotion"},{"floor":33.0,"key":"HeartOfIron"},{"floor":35.0,"key":"Strength Potion"},{"floor":36.0,"key":"Strength Potion"},{"floor":39.0,"key":"SkillPotion"},{"floor":47.0,"key":"BloodPotion"},{"floor":48,"key":"DistilledChaos"}],"is_trial":false,"path_per_floor":["M","?","M","M","?","E","?","T","T","R","M","M","E","M","R","B",null,"M","?","M","?","?","M","M","R","T","E","$","E","$","M","R","B",null,"M","M","T","T","M","E","R","?","T","R","E","$","M","M","R","B",null],"character_chosen":"IRONCLAD","items_purchased":["Membership Card","Pear","CultistPotion","Dark Embrace+1","Reckless Charge","Feel No Pain+1","Block Potion","Infernal Blade","Rage","Block Potion","Metallicize+1","Madness","Armaments","Shrug It Off"],"campfire_rested":1,"item_purchase_floors":[28,28,28,28,28,30,30,30,30,30,46,46,46,46],"current_hp_per_floor":[80,80,74,80,64,49,38,38,38,38,40,46,28,25,25,14,82,85,69,45,45,29,15,13,40,40,48,58,54,54,60,60,54,103,109,74,74,74,85,68,68,74,74,74,90,105,89,112,112,84],"gold":173,"neow_bonus":"","is_daily":true,"chose_seed":false,"campfire_upgraded":6,"win_rate":0.0,"timestamp":1613426171,"path_taken":["M","?","M","M","?","E","?","?","T","R","?","M","E","M","R","BOSS","M","?","M","?","?","M","M","R","T","E","?","E","$","M","R","BOSS","M","M","?","?","M","E","R","?","T","R","E","$","M","M","R","BOSS"],"items_purchased_type":["Relic","Relic","Potion","Card","Card","Card","Potion","Card","Card","Potion","Card","Card","Card","Card"],"build_version":"2020-12-22","purchased_purges":2,"victory":true,"max_hp_per_floor":[80,80,80,80,80,80,80,80,80,80,80,80,82,82,82,82,82,85,85,87,87,87,87,90,90,90,93,103,103,103,103,103,103,103,109,113,113,113,119,123,123,129,129,129,133,133,139,145,145,149],"relic_stats":{"Darkstone Periapt":0,"Regal Pillow":0,"Singing Bowl":14,"counters":[27,154],"Astrolabe":["Power Through","Rupture","Flame Barrier"],"Blue Candle":[5],"Bag of Preparation":[40],"Whetstone":["Sword Boomerang","Heavy Blade"],"Boot":[13],"Smiling Mask":0,"Burning Blood":151,"Mercury Hourglass":[567],"Bird Faced Urn":[42],"MealTicket":15,"Prayer Wheel":6,"obtain_stats":[{"Darkstone Periapt":43,"Regal Pillow":40,"Singing Bowl":8,"Nilry\u0027s Codex":19,"Bag of Preparation":13,"Whetstone":38,"Boot":38,"Smiling Mask":43,"Burning Blood":0,"Matryoshka":37,"MealTicket":34,"Prayer Wheel":34,"Red Mask":22,"Potion Belt":29,"Pear":28,"Astrolabe":17,"Blue Candle":34,"Frozen Egg 2":9,"Mercury Hourglass":6,"Calling Bell":34,"Bird Faced Urn":42,"Membership Card":28,"Unceasing Top":45,"Meat on the Bone":26,"Pocketwatch":27},{"Darkstone Periapt":23,"Regal Pillow":22,"Singing Bowl":4,"Nilry\u0027s Codex":10,"Bag of Preparation":7,"Whetstone":20,"Boot":20,"Smiling Mask":23,"Burning Blood":0,"Matryoshka":20,"MealTicket":18,"Prayer Wheel":18,"Red Mask":12,"Potion Belt":16,"Pear":15,"Astrolabe":9,"Blue Candle":18,"Frozen Egg 2":4,"Mercury Hourglass":4,"Calling Bell":18,"Bird Faced Urn":23,"Membership Card":15,"Unceasing Top":24,"Meat on the Bone":14,"Pocketwatch":15},{"Darkstone Periapt":129,"Regal Pillow":122,"Singing Bowl":18,"Nilry\u0027s Codex":44,"Bag of Preparation":29,"Whetstone":111,"Boot":111,"Smiling Mask":129,"Burning Blood":0,"Matryoshka":111,"MealTicket":97,"Prayer Wheel":97,"Red Mask":55,"Potion Belt":80,"Pear":72,"Astrolabe":40,"Blue Candle":97,"Frozen Egg 2":18,"Mercury Hourglass":18,"Calling Bell":97,"Bird Faced Urn":129,"Membership Card":72,"Unceasing Top":134,"Meat on the Bone":66,"Pocketwatch":72}],"Unceasing Top":[0],"Meat on the Bone":48,"Pocketwatch":[81]},"card_choices":[{"not_picked":["Headbutt","Second Wind"],"picked":"Fire Breathing","floor":1.0},{"not_picked":["True Grit","Infernal Blade"],"picked":"Twin Strike","floor":3.0},{"not_picked":["Headbutt","Armaments"],"picked":"Flame Barrier","floor":4.0},{"not_picked":["Sentinel","Iron Wave"],"picked":"Flex","floor":6.0},{"not_picked":["Clash","Metallicize+1"],"picked":"Spot Weakness","floor":11.0},{"not_picked":["Twin Strike","Body Slam"],"picked":"Sword Boomerang","floor":12.0},{"not_picked":["Thunderclap","Cleave","Rupture+1"],"picked":"Singing Bowl","floor":13.0},{"not_picked":["Havoc","Clash"],"picked":"Shrug It Off","floor":14.0},{"not_picked":["Impervious","Brutality+1"],"picked":"Feed","floor":16.0},{"not_picked":["Pommel Strike+1","Shrug It Off"],"picked":"Seeing Red","floor":18.0},{"not_picked":["Anger","Ghostly Armor","Intimidate"],"picked":"Singing Bowl","floor":20.0},{"not_picked":["Cleave","Rampage"],"picked":"Sword Boomerang+1","floor":22.0},{"not_picked":["Clothesline","Intimidate+1"],"picked":"Shrug It Off+1","floor":23.0},{"not_picked":["Pommel Strike","Headbutt+1"],"picked":"Rage","floor":24.0},{"not_picked":["Body Slam+1","Wild Strike+1"],"picked":"Heavy Blade","floor":27.0},{"not_picked":["Bludgeon","Thunderclap"],"picked":"Corruption+1","floor":29.0},{"not_picked":["Rampage","Sword Boomerang"],"picked":"Flame Barrier","floor":31.0},{"not_picked":["Fiend Fire","Bludgeon"],"picked":"Impervious","floor":33.0},{"not_picked":["Headbutt","Uppercut+1"],"picked":"Heavy Blade+1","floor":35.0},{"not_picked":["Sword Boomerang+1","Clash","Thunderclap"],"picked":"Singing Bowl","floor":35.0},{"not_picked":["True Grit+1","Disarm+1"],"picked":"Feel No Pain+1","floor":36.0},{"not_picked":["Warcry+1","Dropkick+1"],"picked":"Dual Wield","floor":36.0},{"not_picked":["Wild Strike+1","Clothesline","Iron Wave"],"picked":"Singing Bowl","floor":39.0},{"not_picked":["Shrug It Off","Iron Wave","True Grit+1"],"picked":"SKIP","floor":39.0},{"not_picked":["Battle Trance","Evolve+1"],"picked":"Limit Break","floor":40.0},{"not_picked":["Clothesline","Headbutt","Heavy Blade"],"picked":"Singing Bowl","floor":42.0},{"not_picked":["Pommel Strike","Blood for Blood+1"],"picked":"Havoc+1","floor":45.0},{"not_picked":["Rampage+1","Sword Boomerang"],"picked":"Exhume","floor":47.0},{"not_picked":["Dropkick","Anger+1","Thunderclap+1"],"picked":"Singing Bowl","floor":47.0},{"not_picked":["Anger","Power Through+1"],"picked":"Second Wind+1","floor":48},{"not_picked":["Havoc","Clash","Iron Wave+1"],"picked":"Singing Bowl","floor":48}],"player_experience":3983975,"relics_obtained":[{"floor":6.0,"key":"Mercury Hourglass"},{"floor":8.0,"key":"Singing Bowl"},{"floor":9.0,"key":"Frozen Egg 2"},{"floor":13.0,"key":"Bag of Preparation"},{"floor":19.0,"key":"Nilry\u0027s Codex"},{"floor":22.0,"key":"Red Mask"},{"floor":26.0,"key":"Meat on the Bone"},{"floor":27.0,"key":"Pocketwatch"},{"floor":29.0,"key":"Potion Belt"},{"floor":34.0,"key":"MealTicket"},{"floor":34.0,"key":"Blue Candle"},{"floor":34.0,"key":"Prayer Wheel"},{"floor":37.0,"key":"Matryoshka"},{"floor":38.0,"key":"Boot"},{"floor":38.0,"key":"Whetstone"},{"floor":40.0,"key":"Regal Pillow"},{"floor":42.0,"key":"Bird Faced Urn"},{"floor":43.0,"key":"Darkstone Periapt"},{"floor":43.0,"key":"Smiling Mask"},{"floor":45.0,"key":"Unceasing Top"}],"event_choices":[{"damage_healed":0.0,"max_hp_gain":0.0,"max_hp_loss":0.0,"gold_gain":175.0,"event_name":"Liars Game","player_choice":"AGREE","floor":2.0,"gold_loss":0.0,"damage_taken":0.0,"cards_obtained":["Doubt"]},{"damage_healed":0.0,"max_hp_gain":0.0,"max_hp_loss":0.0,"gold_gain":0.0,"event_name":"Shining Light","player_choice":"Entered Light","floor":5.0,"gold_loss":0.0,"damage_taken":16.0,"cards_upgraded":["Fire Breathing","Flame Barrier"]},{"damage_healed":0.0,"max_hp_gain":0.0,"max_hp_loss":0.0,"gold_gain":75.0,"event_name":"World of Goop","player_choice":"Gather Gold","floor":7.0,"gold_loss":0.0,"damage_taken":11.0},{"damage_healed":0.0,"max_hp_gain":0.0,"max_hp_loss":0.0,"gold_gain":0.0,"event_name":"Cursed Tome","player_choice":"Obtained Book","floor":19.0,"gold_loss":0.0,"damage_taken":16.0},{"cards_removed":["Strike_R"],"damage_healed":0.0,"max_hp_gain":0.0,"max_hp_loss":0.0,"gold_gain":0.0,"event_name":"Beggar","player_choice":"Gave Gold","floor":21.0,"gold_loss":75.0,"damage_taken":0.0},{"damage_healed":0.0,"max_hp_gain":0.0,"max_hp_loss":0.0,"gold_gain":0.0,"event_name":"Masked Bandits","player_choice":"Fought Bandits","floor":22.0,"gold_loss":0.0,"damage_taken":0.0},{"damage_healed":0.0,"max_hp_gain":0.0,"max_hp_loss":0.0,"gold_gain":0.0,"event_name":"Mysterious Sphere","player_choice":"Fight","floor":42.0,"gold_loss":0.0,"damage_taken":0.0}],"is_beta":false,"boss_relics":[{"not_picked":["SacredBark","Cursed Key"],"picked":"Astrolabe"},{"not_picked":["Black Star","Empty Cage"],"picked":"Calling Bell"}],"items_purged_floors":[28,46],"is_endless":false,"potions_floor_spawned":[4,6,14,20,29,33,35,36,39,47,48],"ascension_level":0}}