{"host":"bz6w3lfmpwgz81o3","time":1613401069,"event":{"mods":["BaseMod","Downfall","Hermit","Minty Spire (QoL Compilation)","StSLib"],"gold_per_floor":[118,131,151,170,170,199,199,212,257,32,63,63,83,163,163,261,261,276,33,33,33,49,80,80,92,115,149,167,117,117,129,129,232,232,245,259,35,48,0,32,32,46,46,60,60,60,79,98,98,98],"floor_reached":51,"language":"ENG","playtime":1706,"items_purged":["Strike_R","Strike_R"],"score":831,"play_id":"fda8125e-30fb-407b-a7f0-2a3d04e142e4","local_time":"20210215155749","is_ascension_mode":false,"campfire_choices":[{"data":"Double Tap","floor":12,"key":"SMITH"},{"data":"Inflame","floor":15,"key":"SMITH"},{"data":"Reaper","floor":24,"key":"SMITH"},{"data":"Whirlwind","floor":30,"key":"SMITH"},{"data":"Body Slam","floor":32,"key":"SMITH"},{"data":"Fire Breathing","floor":41,"key":"SMITH"},{"data":"Bash","floor":46,"key":"SMITH"},{"data":"hexamod:RecurringNightmare","floor":49,"key":"SMITH"}],"circlet_count":0,"master_deck":["Strike_R","Strike_R","Strike_R","Defend_R","Defend_R","Defend_R","Defend_R+1","Bash+1","Inflame+1","Cleave","Flame Barrier","Double Tap+1","Fire Breathing+1","Hemokinesis","Impervious","Body Slam+1","Shrug It Off+1","Whirlwind+1","Reaper+1","Sword Boomerang+1","Impervious","Parasite","hermit:Manifest+1","Parasite","Guardian:SentryBeam+1","hexamod:RecurringNightmare+1"],"relics":["Burning Blood","NeowsBlessing","Bottled Flame","Ancient Tea Set","Vajra","Mercury Hourglass","Kunai","Busted Crown","Membership Card","Guardian:PocketSentry","Dream Catcher","Calipers","Centennial Puzzle","Potion Belt","bronze:MakeshiftBattery","TungstenRod","PrismaticShard","Red Mask","Anchor","War Paint"],"acts_visited":["Exordium","TheCity","TheBeyond"],"potions_floor_usage":[11,16,23,23,28,33,40,47,50,50],"damage_taken":[{"damage":0,"enemies":"Cultist","floor":1,"turns":1},{"damage":0,"enemies":"Small Slimes","floor":2,"turns":1},{"damage":0,"enemies":"Jaw Worm","floor":3,"turns":1},{"damage":9,"enemies":"2 Fungi Beasts","floor":4,"turns":4},{"damage":43,"enemies":"Lagavulin","floor":6,"turns":10},{"damage":0,"enemies":"Looter","floor":8,"turns":4},{"damage":12,"enemies":"Gremlin Nob","floor":11,"turns":2},{"damage":0,"enemies":"3 Louse","floor":13,"turns":1},{"damage":9,"enemies":"Slime Boss","floor":16,"turns":7},{"damage":20,"enemies":"Shell Parasite","floor":18,"turns":6},{"damage":3,"enemies":"Spheric Guardian","floor":22,"turns":3},{"damage":32,"enemies":"Slavers","floor":23,"turns":3},{"damage":7,"enemies":"Centurion and Healer","floor":25,"turns":6},{"damage":2,"enemies":"Gremlin Leader","floor":27,"turns":4},{"damage":13,"enemies":"Snake Plant","floor":28,"turns":4},{"damage":2,"enemies":"Snecko","floor":31,"turns":3},{"damage":14,"enemies":"Collector","floor":33,"turns":5},{"damage":14,"enemies":"3 Darklings","floor":35,"turns":3},{"damage":6,"enemies":"3 Shapes","floor":36,"turns":4},{"damage":9,"enemies":"Writhing Mass","floor":38,"turns":5},{"damage":30,"enemies":"Giant Head","floor":40,"turns":6},{"damage":0,"enemies":"Sphere and 2 Shapes","floor":42,"turns":3},{"damage":0,"enemies":"Jaw Worm Horde","floor":44,"turns":1},{"damage":3,"enemies":"Writhing Mass","floor":47,"turns":5},{"damage":0,"enemies":"3 Darklings","floor":48,"turns":2},{"damage":41,"enemies":"Time Eater","floor":50,"turns":11}],"seed_played":"1437422076334931954","potions_obtained":[{"floor":2,"key":"Weak Potion"},{"floor":6,"key":"ColorlessPotion"},{"floor":8,"key":"Slimebound:ThreeZeroPotion"},{"floor":11,"key":"hexamod:SoulburnPotion"},{"floor":23,"key":"ColorlessPotion"},{"floor":25,"key":"SteroidPotion"},{"floor":28,"key":"Slimebound:ThreeZeroPotion"},{"floor":33,"key":"Weak Potion"},{"floor":36,"key":"Regen Potion"},{"floor":40,"key":"AttackPotion"},{"floor":44,"key":"Explosive Potion"},{"floor":48,"key":"PowerPotion"}],"is_trial":false,"path_per_floor":["M","M","M","M","?","E","?","M","T","$","E","R","M","T","R","B",null,"M","$","?","?","M","E","R","M","T","E","M","$","R","M","R","B",null,"M","M","$","M","?","E","R","M","T","M","?","R","M","M","R","B",null],"character_chosen":"IRONCLAD","items_purchased":["Vajra","Membership Card","Guardian:PocketSentry","Shrug It Off","TungstenRod","PrismaticShard"],"campfire_rested":0,"item_purchase_floors":[10,19,19,19,37,37],"current_hp_per_floor":[80,80,80,77,82,45,45,51,51,51,45,45,51,51,51,48,85,71,71,71,71,74,48,48,56,56,60,58,58,58,75,75,67,85,77,85,85,85,85,74,74,81,81,85,85,85,85,85,85,77],"gold":98,"neow_bonus":"THREE_ENEMY_KILL","is_daily":false,"chose_seed":false,"campfire_upgraded":8,"win_rate":0.0,"timestamp":1613401069,"path_taken":["M","M","M","M","?","E","?","M","T","$","E","R","M","?","R","BOSS","M","$","?","?","M","E","R","M","T","E","M","$","R","M","R","BOSS","M","M","$","M","?","E","R","M","T","M","?","R","M","?","R","BOSS"],"items_purchased_type":["Relic","Relic","Relic","Card","Relic","Relic"],"build_version":"2020-12-22","purchased_purges":2,"victory":true,"max_hp_per_floor":[80,80,80,80,85,85,85,85,85,85,85,85,85,85,85,85,85,85,85,85,85,85,85,85,85,85,85,85,85,85,85,85,85,85,85,85,85,85,85,85,85,85,85,85,85,85,85,85,85,85],"card_choices":[{"not_picked":["Warcry","Clash"],"picked":"Inflame","floor":1},{"not_picked":["Power Through","Pommel Strike"],"picked":"Cleave","floor":2},{"not_picked":["Rupture","Fire Breathing","Dual Wield"],"picked":"SKIP","floor":3},{"not_picked":["Rampage","Clash"],"picked":"Flame Barrier","floor":4},{"not_picked":["Headbutt","Cleave"],"picked":"Double Tap","floor":6},{"not_picked":["Thunderclap","Cleave"],"picked":"Fire Breathing","floor":8},{"not_picked":["Seeing Red","Cleave","Headbutt"],"picked":"SKIP","floor":11},{"not_picked":["Warcry","Pommel Strike"],"picked":"Hemokinesis","floor":13},{"not_picked":["Brutality","Double Tap"],"picked":"Impervious","floor":16},{"not_picked":[],"picked":"Body Slam","floor":18},{"not_picked":["Infernal Blade"],"picked":"SKIP","floor":22},{"not_picked":[],"picked":"Reaper","floor":23},{"not_picked":["Cleave"],"picked":"SKIP","floor":25},{"not_picked":["Pommel Strike"],"picked":"SKIP","floor":27},{"not_picked":[],"picked":"Sword Boomerang+1","floor":28},{"not_picked":["Perfected Strike"],"picked":"SKIP","floor":31},{"not_picked":[],"picked":"Impervious","floor":33},{"not_picked":["Rage+1"],"picked":"SKIP","floor":35},{"not_picked":["Dropkick"],"picked":"SKIP","floor":36},{"not_picked":["sneckomod:UnknownClassTHE_CHAMP_GRAY+1"],"picked":"SKIP","floor":38},{"not_picked":["hexamod:HeatShield"],"picked":"SKIP","floor":40},{"not_picked":["sneckomod:DefensiveFlair"],"picked":"SKIP","floor":42},{"not_picked":[],"picked":"hermit:Manifest+1","floor":44},{"not_picked":[],"picked":"Guardian:SentryBeam+1","floor":47},{"not_picked":[],"picked":"hexamod:RecurringNightmare","floor":48}],"player_experience":42605,"relics_obtained":[{"floor":6,"key":"Bottled Flame"},{"floor":9,"key":"Ancient Tea Set"},{"floor":11,"key":"Mercury Hourglass"},{"floor":14,"key":"Kunai"},{"floor":23,"key":"Calipers"},{"floor":26,"key":"Centennial Puzzle"},{"floor":27,"key":"Potion Belt"},{"floor":40,"key":"Anchor"},{"floor":43,"key":"War Paint"}],"event_choices":[{"damage_healed":0,"gold_gain":0,"player_choice":"Donut","damage_taken":0,"max_hp_gain":5,"max_hp_loss":0,"event_name":"Big Fish","floor":5,"gold_loss":0},{"damage_healed":0,"gold_gain":0,"player_choice":"Ignored","damage_taken":0,"max_hp_gain":0,"max_hp_loss":0,"event_name":"Liars Game","floor":7,"gold_loss":0},{"damage_healed":0,"gold_gain":0,"player_choice":"Opened","damage_taken":0,"relics_obtained":["Dream Catcher"],"max_hp_gain":0,"max_hp_loss":0,"event_name":"The Mausoleum","floor":20,"gold_loss":0},{"damage_healed":0,"gold_gain":0,"player_choice":"Read","damage_taken":0,"max_hp_gain":0,"max_hp_loss":0,"event_name":"The Library","floor":21,"gold_loss":0,"cards_obtained":["Whirlwind"]},{"damage_healed":0,"gold_gain":0,"player_choice":"Paid","damage_taken":0,"relics_obtained":["Red Mask"],"max_hp_gain":0,"max_hp_loss":0,"event_name":"Tomb of Lord Red Mask","floor":39,"gold_loss":48},{"damage_healed":0,"gold_gain":0,"player_choice":"Ignored","damage_taken":0,"max_hp_gain":0,"max_hp_loss":0,"event_name":"SecretPortal","floor":45,"gold_loss":0}],"is_beta":false,"boss_relics":[{"not_picked":["Mark of Pain","Runic Dome"],"picked":"Busted Crown"},{"not_picked":["Runic Cube","Calling Bell"],"picked":"bronze:MakeshiftBattery"}],"items_purged_floors":[10,29],"is_endless":false,"potions_floor_spawned":[2,6,8,11,23,25,28,33,36,40,44,48],"ascension_level":0}}