{"host":"rb2p2z6v6vieend5","time":1613359806,"event":{"mods":["BaseMod","Block Reminder","Colored Map","DeckTracker","Highlight Path","Minty Spire (QoL Compilation)","Random Character Button","Relic Stats"],"gold_per_floor":[109,109,259,125,135,135,166,166,193,193,140,140,150,214,214,287,337,355,355,270,270,280,280,310,310,310,322,333,333,333,366,366,366,366],"floor_reached":33,"language":"ENG","playtime":1208,"items_purged":["Doubt"],"score":502,"play_id":"9683f5a7-356a-43c6-a738-9bae749c7356","local_time":"20210215043006","is_ascension_mode":true,"campfire_choices":[{"data":"Perfected Strike","floor":6,"key":"SMITH"},{"data":"Searing Blow","floor":8,"key":"SMITH"},{"data":"Searing Blow+1","floor":10,"key":"SMITH"},{"data":"Searing Blow+2","floor":15,"key":"SMITH"},{"data":"Searing Blow+4","floor":23,"key":"SMITH"},{"data":"Searing Blow+5","floor":25,"key":"SMITH"},{"data":"Searing Blow+6","floor":30,"key":"SMITH"},{"data":"Searing Blow+7","floor":32,"key":"SMITH"}],"circlet_count":0,"master_deck":["AscendersBane","Strike_R","Strike_R","Strike_R","Strike_R","Strike_R","Defend_R","Defend_R+1","Defend_R","Bash","Fire Breathing","Flex","Perfected Strike+1","Searing Blow+8","Armaments","Headbutt","Feed","Pommel Strike","Clothesline","Ghostly","Ghostly","Ghostly","Shrug It Off","Flame Barrier","Shrug It Off","Pommel Strike"],"relics":["Burning Blood","Mercury Hourglass","Omamori","Akabeko","Happy Flower","Tiny House","StrikeDummy","Gremlin Horn","Charon\u0027s Ashes","Mummified Hand"],"acts_visited":["Exordium","TheCity"],"potions_floor_usage":[16,18,24,31,33,33],"damage_taken":[{"damage":12,"enemies":"Jaw Worm","floor":1,"turns":5},{"damage":2,"enemies":"2 Louse","floor":5,"turns":3},{"damage":32,"enemies":"Gremlin Nob","floor":7,"turns":4},{"damage":10,"enemies":"Small Slimes","floor":13,"turns":3},{"damage":28,"enemies":"Gremlin Nob","floor":14,"turns":4},{"damage":14,"enemies":"Hexaghost","floor":16,"turns":7},{"damage":12,"enemies":"2 Thieves","floor":18,"turns":3},{"damage":3,"enemies":"Chosen","floor":22,"turns":3},{"damage":7,"enemies":"Slavers","floor":24,"turns":6},{"damage":3,"enemies":"Centurion and Healer","floor":27,"turns":4},{"damage":0,"enemies":"Snecko","floor":28,"turns":4},{"damage":1,"enemies":"Book of Stabbing","floor":31,"turns":3},{"damage":51,"enemies":"Automaton","floor":33,"turns":6}],"seed_played":"5680399678871836967","potions_obtained":[{"floor":14,"key":"Energy Potion"},{"floor":16,"key":"SteroidPotion"},{"floor":17,"key":"GamblersBrew"},{"floor":18,"key":"Block Potion"},{"floor":24,"key":"LiquidMemories"},{"floor":31,"key":"DuplicationPotion"}],"is_trial":false,"path_per_floor":["M","?","?","$","M","R","E","R","T","R","?","?","M","?","R","B",null,"M","?","?","?","M","R","E","R","T","M","M","?","R","E","R","B"],"character_chosen":"IRONCLAD","items_purchased":["Flex"],"campfire_rested":0,"item_purchase_floors":[4],"current_hp_per_floor":[62,44,44,44,48,48,22,22,22,22,22,47,43,21,21,13,65,59,40,40,40,40,40,42,42,42,43,43,33,33,38,38,0,0],"gold":366,"neow_bonus":"REMOVE_CARD","is_daily":false,"chose_seed":false,"campfire_upgraded":8,"win_rate":0.0,"timestamp":1613359806,"path_taken":["M","?","?","$","M","R","E","R","T","R","?","?","M","?","R","BOSS","M","?","?","?","M","R","E","R","T","?","M","?","R","E","R","BOSS"],"items_purchased_type":["Card"],"build_version":"2020-12-22","purchased_purges":1,"victory":false,"max_hp_per_floor":[75,75,75,75,75,75,75,75,75,75,75,75,75,75,75,75,80,80,40,40,40,40,40,43,43,43,43,43,48,48,48,48,48,48],"relic_stats":{"Happy Flower":[12],"Gremlin Horn":[2,2],"counters":[13,53],"Mummified Hand":[1],"Charon\u0027s Ashes":[57],"obtain_stats":[{"Tiny House":17,"Happy Flower":14,"Gremlin Horn":24,"Mummified Hand":31,"Charon\u0027s Ashes":26,"Omamori":7,"StrikeDummy":20,"Burning Blood":0,"Akabeko":9,"Mercury Hourglass":2},{"Tiny House":6,"Happy Flower":5,"Gremlin Horn":9,"Mummified Hand":12,"Charon\u0027s Ashes":9,"Omamori":3,"StrikeDummy":7,"Burning Blood":0,"Akabeko":3,"Mercury Hourglass":1},{"Tiny House":24,"Happy Flower":17,"Gremlin Horn":36,"Mummified Hand":47,"Charon\u0027s Ashes":36,"Omamori":10,"StrikeDummy":27,"Burning Blood":0,"Akabeko":10,"Mercury Hourglass":5}],"Burning Blood":61,"Mercury Hourglass":[189]},"card_choices":[{"not_picked":["Sword Boomerang","Reckless Charge"],"picked":"Fire Breathing","floor":1},{"not_picked":["Sever Soul","Infernal Blade"],"picked":"Perfected Strike","floor":5},{"not_picked":["Pommel Strike","Cleave"],"picked":"Searing Blow","floor":7},{"not_picked":["Bloodletting","Evolve"],"picked":"Armaments","floor":13},{"not_picked":["Rage","Second Wind"],"picked":"Headbutt","floor":14},{"not_picked":["Fiend Fire","Berserk"],"picked":"Feed","floor":16},{"not_picked":["Thunderclap","Sword Boomerang"],"picked":"Pommel Strike","floor":17},{"not_picked":["Searing Blow","Anger"],"picked":"Clothesline","floor":18},{"not_picked":["Clothesline","Bludgeon"],"picked":"Shrug It Off","floor":22},{"not_picked":["Wild Strike","Clash"],"picked":"Flame Barrier","floor":24},{"not_picked":["Rupture+1","Fire Breathing"],"picked":"Shrug It Off","floor":27},{"not_picked":["Pommel Strike","Headbutt","Flame Barrier"],"picked":"SKIP","floor":28},{"not_picked":["Searing Blow","Iron Wave"],"picked":"Pommel Strike","floor":31}],"player_experience":749693,"relics_obtained":[{"floor":7,"key":"Omamori"},{"floor":9,"key":"Akabeko"},{"floor":14,"key":"Happy Flower"},{"floor":24,"key":"Gremlin Horn"},{"floor":26,"key":"Charon\u0027s Ashes"},{"floor":31,"key":"Mummified Hand"}],"event_choices":[{"damage_healed":0,"gold_gain":0,"player_choice":"Success","damage_taken":18,"relics_obtained":["Mercury Hourglass"],"max_hp_gain":0,"max_hp_loss":0,"event_name":"Scrap Ooze","floor":2,"gold_loss":0},{"damage_healed":0,"gold_gain":150,"player_choice":"AGREE","damage_taken":0,"max_hp_gain":0,"max_hp_loss":0,"event_name":"Liars Game","floor":3,"gold_loss":0,"cards_obtained":["Doubt"]},{"damage_healed":0,"gold_gain":0,"player_choice":"Left Gold","damage_taken":0,"max_hp_gain":0,"max_hp_loss":0,"event_name":"World of Goop","floor":11,"gold_loss":53},{"damage_healed":25,"gold_gain":0,"player_choice":"Banana","damage_taken":0,"max_hp_gain":0,"max_hp_loss":0,"event_name":"Big Fish","floor":12,"gold_loss":0},{"damage_healed":0,"gold_gain":0,"player_choice":"Searched \u00272\u0027 times","damage_taken":0,"max_hp_gain":0,"max_hp_loss":0,"event_name":"Dead Adventurer","floor":14,"gold_loss":0},{"damage_healed":0,"gold_gain":0,"player_choice":"Became a Ghost","damage_taken":0,"max_hp_gain":0,"max_hp_loss":40,"event_name":"Ghosts","floor":19,"gold_loss":0,"cards_obtained":["Ghostly","Ghostly","Ghostly"]},{"damage_healed":0,"gold_gain":0,"player_choice":"Obtained Relic","damage_taken":0,"relics_obtained":["StrikeDummy"],"max_hp_gain":0,"max_hp_loss":0,"event_name":"Addict","floor":20,"gold_loss":85},{"damage_healed":0,"gold_gain":0,"player_choice":"Upgraded","damage_taken":0,"max_hp_gain":0,"max_hp_loss":0,"event_name":"Upgrade Shrine","floor":21,"gold_loss":0,"cards_upgraded":["Searing Blow"]},{"damage_healed":0,"gold_gain":0,"player_choice":"Shed Blood","damage_taken":15,"max_hp_gain":5,"max_hp_loss":0,"event_name":"Forgotten Altar","floor":29,"gold_loss":0}],"is_beta":false,"boss_relics":[{"not_picked":["Fusion Hammer","SacredBark"],"picked":"Tiny House"}],"items_purged_floors":[4],"is_endless":false,"potions_floor_spawned":[14,16,18,24,31],"killed_by":"Automaton","ascension_level":16}}