{"host":"5agrj1fd4s00r127","time":1613399698,"event":{"mods":["BaseMod","Hermit","Minty Spire (QoL Compilation)","StSLib"],"gold_per_floor":[114,166,166,180,191,225,225,190,258,258,278,313,324,342,342,437,437,452,412,429,441,457,487,497,497,543,182,194,53,66,77,77,178,178,190,203,183,195,214,248,266,301,301,321,334,661,676,695,695,695],"floor_reached":51,"language":"RUS","playtime":2357,"items_purged":["Strike_R"],"score":881,"play_id":"efb8fef1-e29c-4424-b81d-68b8da3afa5b","local_time":"20210215163458","is_ascension_mode":false,"campfire_choices":[{"data":"Sword Boomerang","floor":7,"key":"SMITH"},{"data":"Heavy Blade","floor":10,"key":"SMITH"},{"floor":15,"key":"REST"},{"data":"Pummel","floor":25,"key":"SMITH"},{"data":"Brutality","floor":32,"key":"SMITH"},{"data":"Rupture","floor":49,"key":"SMITH"}],"circlet_count":0,"master_deck":["Strike_R","Strike_R","Strike_R+1","Strike_R","Defend_R+1","Defend_R+1","Defend_R+1","Defend_R","Bash+1","Heavy Blade+1","Shockwave","Bloodletting","Sword Boomerang+1","Twin Strike","Pommel Strike","Brutality+1","Blood for Blood+1","Sword Boomerang","Intimidate","Pummel+1","Heavy Blade+1","Rupture+1","Dropkick+1","Combust","Spot Weakness","Clash+1","Demon Form","Flex","Combust+1","Rage","Bludgeon+1","Parasite"],"relics":["Burning Blood","Potion Belt","Meat on the Bone","Blood Vial","Coffee Dripper","Matryoshka","War Paint","Bag of Preparation","Molten Egg 2","Runic Cube","Bag of Marbles","Bottled Flame","Regal Pillow","Question Card","Old Coin"],"acts_visited":["Exordium","TheCity","TheBeyond"],"potions_floor_usage":[5,6,12,18,20,22,23,33,33,40,40,42,48,50,50],"damage_taken":[{"damage":5,"enemies":"Small Slimes","floor":1,"turns":4},{"damage":4,"enemies":"2 Louse","floor":4,"turns":2},{"damage":5,"enemies":"Jaw Worm","floor":5,"turns":4},{"damage":9,"enemies":"Gremlin Nob","floor":6,"turns":3},{"damage":7,"enemies":"Red Slaver","floor":11,"turns":3},{"damage":34,"enemies":"Lagavulin","floor":12,"turns":6},{"damage":11,"enemies":"Large Slime","floor":13,"turns":5},{"damage":23,"enemies":"Gremlin Gang","floor":14,"turns":6},{"damage":52,"enemies":"Slime Boss","floor":16,"turns":13},{"damage":20,"enemies":"Spheric Guardian","floor":18,"turns":4},{"damage":9,"enemies":"Shell Parasite","floor":20,"turns":3},{"damage":38,"enemies":"Shelled Parasite and Fungi","floor":21,"turns":6},{"damage":31,"enemies":"Snake Plant","floor":22,"turns":4},{"damage":23,"enemies":"Slavers","floor":23,"turns":5},{"damage":29,"enemies":"Centurion and Healer","floor":24,"turns":6},{"damage":29,"enemies":"Shelled Parasite and Fungi","floor":28,"turns":4},{"damage":23,"enemies":"3 Cultists","floor":30,"turns":4},{"damage":11,"enemies":"Snake Plant","floor":31,"turns":2},{"damage":39,"enemies":"Automaton","floor":33,"turns":6},{"damage":34,"enemies":"3 Darklings","floor":35,"turns":3},{"damage":15,"enemies":"Orb Walker","floor":36,"turns":3},{"damage":24,"enemies":"3 Darklings","floor":38,"turns":3},{"damage":13,"enemies":"Maw","floor":39,"turns":4},{"damage":32,"enemies":"Nemesis","floor":40,"turns":5},{"damage":53,"enemies":"Spire Growth","floor":41,"turns":4},{"damage":3,"enemies":"Reptomancer","floor":42,"turns":1},{"damage":21,"enemies":"4 Shapes","floor":44,"turns":4},{"damage":8,"enemies":"Jaw Worm Horde","floor":45,"turns":3},{"damage":39,"enemies":"Giant Head","floor":46,"turns":6},{"damage":17,"enemies":"Writhing Mass","floor":47,"turns":4},{"damage":12,"enemies":"4 Shapes","floor":48,"turns":4},{"damage":84,"enemies":"Donu and Deca","floor":50,"turns":5}],"seed_played":"-4645808856346947002","potions_obtained":[{"floor":1,"key":"AttackPotion"},{"floor":4,"key":"Fruit Juice"},{"floor":11,"key":"Fire Potion"},{"floor":13,"key":"FearPotion"},{"floor":16,"key":"SkillPotion"},{"floor":18,"key":"Swift Potion"},{"floor":21,"key":"Energy Potion"},{"floor":24,"key":"FearPotion"},{"floor":28,"key":"Ancient Potion"},{"floor":33,"key":"DistilledChaos"},{"floor":35,"key":"BlessingOfTheForge"},{"floor":37,"key":"BloodPotion"},{"floor":38,"key":"DuplicationPotion"},{"floor":40,"key":"GamblersBrew"},{"floor":42,"key":"FairyPotion"},{"floor":45,"key":"Energy Potion"}],"is_trial":false,"path_per_floor":["M","?","?","M","M","E","R","?","T","R","M","E","M","M","R","B",null,"M","?","M","M","M","E","M","R","T","$","M","$","M","M","R","B",null,"M","M","?","M","M","E","M","E","T","M","M","E","M","M","R","B",null],"character_chosen":"IRONCLAD","items_purchased":["Rupture","Molten Egg 2","Combust","Spot Weakness"],"campfire_rested":1,"item_purchase_floors":[27,27,29,29],"current_hp_per_floor":[73,73,54,56,62,59,59,84,84,84,83,67,64,61,91,59,101,87,87,86,68,57,54,45,45,45,45,36,36,33,42,42,23,101,73,66,66,62,57,65,32,49,49,48,60,41,44,52,52,31],"gold":695,"neow_bonus":"TWENTY_PERCENT_HP_BONUS","is_daily":false,"chose_seed":false,"campfire_upgraded":5,"win_rate":0.0,"timestamp":1613399698,"path_taken":["M","?","?","M","M","E","R","?","T","R","M","E","M","M","R","BOSS","M","?","?","M","M","E","M","R","T","$","M","$","M","M","R","BOSS","M","M","?","?","M","E","M","E","T","M","M","E","M","M","R","BOSS"],"items_purchased_type":["Card","Relic","Card","Card"],"build_version":"2020-12-22","purchased_purges":1,"victory":true,"max_hp_per_floor":[96,96,96,96,101,101,101,101,101,101,101,101,101,101,101,101,101,101,101,101,101,101,101,101,101,101,101,101,101,101,101,101,101,101,101,101,101,101,101,101,101,101,101,101,101,101,101,101,101,101],"card_choices":[{"not_picked":["Sever Soul","Perfected Strike"],"picked":"Heavy Blade","floor":1},{"not_picked":["Iron Wave","Clash"],"picked":"Shockwave","floor":4},{"not_picked":["Iron Wave","Body Slam"],"picked":"Bloodletting","floor":5},{"not_picked":["Inflame","Dual Wield"],"picked":"Sword Boomerang","floor":6},{"not_picked":["Warcry","Rage"],"picked":"Twin Strike","floor":11},{"not_picked":["Bloodletting","True Grit"],"picked":"Pommel Strike","floor":12},{"not_picked":["Clash","True Grit","Warcry"],"picked":"SKIP","floor":13},{"not_picked":["Warcry","Sever Soul","Perfected Strike"],"picked":"SKIP","floor":14},{"not_picked":["Bludgeon","Feed"],"picked":"Brutality","floor":16},{"not_picked":["Power Through","Iron Wave"],"picked":"Blood for Blood","floor":18},{"not_picked":["Iron Wave","Power Through","Body Slam"],"picked":"SKIP","floor":20},{"not_picked":["Second Wind","True Grit"],"picked":"Sword Boomerang","floor":21},{"not_picked":["Clash","Warcry"],"picked":"Intimidate","floor":22},{"not_picked":["Twin Strike+1","Clash"],"picked":"Pummel","floor":23},{"not_picked":["Shockwave","True Grit"],"picked":"Heavy Blade+1","floor":24},{"not_picked":["Headbutt+1","Shockwave"],"picked":"Dropkick+1","floor":28},{"not_picked":["Iron Wave+1","Perfected Strike+1","Clothesline+1"],"picked":"SKIP","floor":30},{"not_picked":["Feel No Pain","Anger+1"],"picked":"Clash+1","floor":31},{"not_picked":["Feed+1","Fiend Fire+1"],"picked":"Demon Form","floor":33},{"not_picked":["Thunderclap+1","Pommel Strike+1"],"picked":"Flex","floor":35},{"not_picked":["Dropkick+1","Clash+1","Burning Pact"],"picked":"SKIP","floor":36},{"not_picked":["Carnage+1","Bloodletting+1","True Grit"],"picked":"SKIP","floor":38},{"not_picked":["Cleave+1","Pommel Strike+1"],"picked":"Combust+1","floor":39},{"not_picked":["Combust+1","Iron Wave+1"],"picked":"Rage","floor":40},{"not_picked":["Ghostly Armor+1","Flex+1","Rampage+1"],"picked":"SKIP","floor":41},{"not_picked":["Uppercut+1","Pummel+1"],"picked":"Bludgeon+1","floor":42},{"not_picked":["Clothesline+1","Warcry+1","Battle Trance+1","Infernal Blade+1"],"picked":"SKIP","floor":44},{"not_picked":["Pummel+1","Headbutt+1","Carnage+1","Entrench+1"],"picked":"SKIP","floor":45},{"not_picked":["Rage+1","Heavy Blade+1","True Grit","Perfected Strike+1"],"picked":"SKIP","floor":46},{"not_picked":["Combust+1","Infernal Blade","Power Through+1","Searing Blow+1"],"picked":"SKIP","floor":47},{"not_picked":["Second Wind+1","Cleave+1","Flex+1","Twin Strike+1"],"picked":"SKIP","floor":48}],"player_experience":7702,"relics_obtained":[{"floor":6,"key":"Potion Belt"},{"floor":9,"key":"Meat on the Bone"},{"floor":12,"key":"Blood Vial"},{"floor":23,"key":"Matryoshka"},{"floor":26,"key":"War Paint"},{"floor":26,"key":"Bag of Preparation"},{"floor":40,"key":"Bag of Marbles"},{"floor":42,"key":"Bottled Flame"},{"floor":43,"key":"Regal Pillow"},{"floor":43,"key":"Question Card"},{"floor":46,"key":"Old Coin"}],"event_choices":[{"damage_healed":0,"gold_gain":52,"player_choice":"Gained Gold","damage_taken":0,"max_hp_gain":0,"max_hp_loss":0,"event_name":"Golden Wing","floor":2,"gold_loss":0},{"damage_healed":0,"gold_gain":0,"player_choice":"Entered Light","damage_taken":19,"max_hp_gain":0,"max_hp_loss":0,"event_name":"Shining Light","floor":3,"gold_loss":0,"cards_upgraded":["Bash","Defend_R"]},{"damage_healed":25,"gold_gain":0,"player_choice":"Healed","damage_taken":0,"max_hp_gain":0,"max_hp_loss":0,"event_name":"The Cleric","floor":8,"gold_loss":35},{"damage_healed":0,"gold_gain":0,"player_choice":"Upgraded Two","damage_taken":0,"max_hp_gain":0,"max_hp_loss":0,"event_name":"Designer","floor":19,"gold_loss":40,"cards_upgraded":["Blood for Blood","Strike_R"]},{"damage_healed":0,"gold_gain":0,"player_choice":"Bought 1 Potion","damage_taken":0,"max_hp_gain":0,"max_hp_loss":0,"event_name":"The Woman in Blue","floor":37,"gold_loss":0}],"is_beta":false,"boss_relics":[{"not_picked":["Busted Crown","Astrolabe"],"picked":"Coffee Dripper"},{"not_picked":["Velvet Choker","Fusion Hammer"],"picked":"Runic Cube"}],"items_purged_floors":[27],"is_endless":false,"potions_floor_spawned":[1,4,11,13,16,18,21,24,28,33,35,38,40,42,45],"ascension_level":0}}