{"host":"oi6p1guiqfwwvxym","time":1613347423,"event":{"mods":["BaseMod","Bestiary","Colored Map","Minty Spire (QoL Compilation)","Relic Stats"],"gold_per_floor":[119,135,148,148,162,195,195,222,301,301,301,318,60,75,75,172,172,184,99,99,28,28,56,76,102,102,102,122,122,136,156,156,251,251,267,267,48,62,82,82,111,161,185,185,145,177,197,230,230,230],"floor_reached":51,"language":"ENG","playtime":2905,"items_purged":[],"score":775,"play_id":"6cd4015a-c16d-4850-bbd1-0a214ecc20d9","local_time":"20210214160343","is_ascension_mode":false,"campfire_choices":[{"data":"Sunder","floor":7,"key":"SMITH"},{"floor":10,"key":"REST"},{"data":"Static Discharge","floor":15,"key":"SMITH"},{"data":"Loop","floor":27,"key":"SMITH"},{"data":"RitualDagger","floor":32,"key":"SMITH"},{"floor":40,"key":"REST"},{"floor":49,"key":"REST"}],"circlet_count":0,"master_deck":["Strike_B","Strike_B","Defend_B","Defend_B","Defend_B","Zap","Dualcast","Static Discharge+1","Ball Lightning","Sunder+1","Lockon","Genetic Algorithm+1","Capacitor","Capacitor","Consume+1","Self Repair","Force Field+1","Thunder Strike","Hologram+1","RitualDagger+1","Loop+1","Hologram+1","Reinforced Body+1","FTL","Cold Snap+1","Scrape+1","Echo Form+1","Compile Driver+1","Fusion+1","Cold Snap+1","Turbo+1","Reboot+1","Echo Form+1","Skim+1"],"relics":["Cracked Core","Bag of Marbles","Torii","Odd Mushroom","Toxic Egg 2","PreservedInsect","Snecko Eye","Orichalcum","Frozen Egg 2","Bag of Preparation","Kunai","Molten Egg 2","Fusion Hammer","Omamori","ClockworkSouvenir","Pantograph","Mango","MealTicket","Bottled Lightning","Letter Opener"],"acts_visited":["Exordium","TheCity","TheBeyond"],"potions_floor_usage":[16,16,28,28,46,48],"damage_taken":[{"damage":1,"enemies":"Jaw Worm","floor":1,"turns":4},{"damage":1,"enemies":"Cultist","floor":2,"turns":4},{"damage":0,"enemies":"2 Louse","floor":3,"turns":2},{"damage":10,"enemies":"Looter","floor":5,"turns":3},{"damage":22,"enemies":"Gremlin Nob","floor":6,"turns":3},{"damage":13,"enemies":"The Mushroom Lair","floor":8,"turns":3},{"damage":11,"enemies":"Gremlin Gang","floor":12,"turns":3},{"damage":1,"enemies":"3 Louse","floor":14,"turns":3},{"damage":5,"enemies":"Hexaghost","floor":16,"turns":5},{"damage":0,"enemies":"Shell Parasite","floor":18,"turns":1},{"damage":10,"enemies":"Slavers","floor":23,"turns":5},{"damage":0,"enemies":"2 Thieves","floor":24,"turns":2},{"damage":7,"enemies":"Book of Stabbing","floor":25,"turns":5},{"damage":0,"enemies":"Snake Plant","floor":28,"turns":2},{"damage":1,"enemies":"Chosen and Byrds","floor":30,"turns":3},{"damage":1,"enemies":"Cultist and Chosen","floor":31,"turns":4},{"damage":2,"enemies":"Champ","floor":33,"turns":7},{"damage":1,"enemies":"Orb Walker","floor":35,"turns":3},{"damage":20,"enemies":"3 Darklings","floor":38,"turns":6},{"damage":0,"enemies":"4 Shapes","floor":39,"turns":4},{"damage":2,"enemies":"Reptomancer","floor":41,"turns":6},{"damage":0,"enemies":"Mind Bloom Boss Battle","floor":42,"turns":4},{"damage":28,"enemies":"Nemesis","floor":46,"turns":5},{"damage":2,"enemies":"Maw","floor":47,"turns":4},{"damage":1,"enemies":"Reptomancer","floor":48,"turns":4},{"damage":7,"enemies":"Awakened One","floor":50,"turns":8}],"seed_played":"-6579813082571571519","potions_obtained":[{"floor":1,"key":"PowerPotion"},{"floor":3,"key":"SneckoOil"},{"floor":6,"key":"Weak Potion"},{"floor":12,"key":"LiquidBronze"},{"floor":14,"key":"Regen Potion"},{"floor":16,"key":"LiquidBronze"},{"floor":23,"key":"Block Potion"},{"floor":24,"key":"Weak Potion"},{"floor":30,"key":"EssenceOfSteel"},{"floor":35,"key":"Swift Potion"},{"floor":41,"key":"AttackPotion"},{"floor":45,"key":"Fruit Juice"},{"floor":45,"key":"SkillPotion"},{"floor":47,"key":"SmokeBomb"}],"is_trial":false,"path_per_floor":["M","M","M","?","M","E","R","?","T","R","?","M","$","M","R","B",null,"M","?","?","$","?","E","M","E","T","R","M","?","M","M","R","B",null,"M","?","$","M","M","R","E","?","T","?","?","E","M","E","R","B",null],"character_chosen":"DEFECT","items_purchased":["PreservedInsect","Consume+1","Self Repair","Loop","Fusion+1","ClockworkSouvenir"],"campfire_rested":3,"item_purchase_floors":[13,13,13,21,37,37],"current_hp_per_floor":[74,73,73,73,63,41,41,28,28,50,50,39,39,45,45,61,75,75,75,69,69,69,59,66,66,66,66,73,73,75,74,74,75,75,74,74,74,61,68,75,75,89,89,89,89,68,80,79,89,89],"gold":230,"neow_bonus":"RANDOM_COMMON_RELIC","is_daily":false,"chose_seed":false,"campfire_upgraded":4,"win_rate":0.0,"timestamp":1613347423,"path_taken":["M","M","M","?","?","E","R","?","T","R","?","?","$","M","R","BOSS","M","?","?","$","?","E","M","E","T","R","?","?","M","M","R","BOSS","M","?","$","M","?","R","E","?","T","?","?","E","M","E","R","BOSS"],"items_purchased_type":["Relic","Card","Card","Card","Card","Relic"],"build_version":"2020-12-22","purchased_purges":0,"victory":true,"max_hp_per_floor":[75,75,75,75,75,75,75,75,75,75,75,75,75,75,75,75,75,75,75,75,75,75,75,75,75,75,75,75,75,75,75,75,75,75,75,75,75,75,75,75,75,89,89,89,89,89,89,89,89,89],"relic_stats":{"Torii":34,"counters":[26,103],"Pantograph":0,"Snecko Eye":[159,174,131,163],"MealTicket":0,"PreservedInsect":248,"Bag of Preparation":[30],"Kunai":[27],"Letter Opener":[40],"Orichalcum":[114],"obtain_stats":[{"Torii":6,"Mango":42,"PreservedInsect":13,"Bag of Preparation":23,"Omamori":36,"Letter Opener":48,"Odd Mushroom":8,"Orichalcum":19,"Frozen Egg 2":22,"ClockworkSouvenir":37,"Pantograph":41,"Snecko Eye":17,"Molten Egg 2":26,"MealTicket":43,"Fusion Hammer":34,"Bag of Marbles":0,"Kunai":25,"Bottled Lightning":46,"Toxic Egg 2":9,"Cracked Core":0},{"Torii":5,"Mango":22,"PreservedInsect":7,"Bag of Preparation":11,"Omamori":18,"Letter Opener":25,"Odd Mushroom":6,"Orichalcum":10,"Frozen Egg 2":10,"ClockworkSouvenir":18,"Pantograph":21,"Snecko Eye":9,"Molten Egg 2":13,"MealTicket":22,"Fusion Hammer":17,"Bag of Marbles":0,"Kunai":13,"Bottled Lightning":23,"Toxic Egg 2":6,"Cracked Core":0},{"Torii":16,"Mango":82,"PreservedInsect":22,"Bag of Preparation":36,"Omamori":62,"Letter Opener":95,"Odd Mushroom":19,"Orichalcum":31,"Frozen Egg 2":31,"ClockworkSouvenir":62,"Pantograph":78,"Snecko Eye":30,"Molten Egg 2":43,"MealTicket":82,"Fusion Hammer":59,"Bag of Marbles":0,"Kunai":43,"Bottled Lightning":87,"Toxic Egg 2":19,"Cracked Core":0}]},"card_choices":[{"not_picked":["Leap","Hello World"],"picked":"Static Discharge","floor":1},{"not_picked":["Hologram","Rebound"],"picked":"Ball Lightning","floor":2},{"not_picked":["Gash","Turbo"],"picked":"Sunder","floor":3},{"not_picked":["White Noise","Coolheaded"],"picked":"Lockon","floor":5},{"not_picked":["Recycle","Tempest"],"picked":"Genetic Algorithm","floor":6},{"not_picked":["Cold Snap","Go for the Eyes"],"picked":"Capacitor","floor":8},{"not_picked":["Gash","Rebound"],"picked":"Capacitor","floor":12},{"not_picked":["Storm","Double Energy+1"],"picked":"Force Field+1","floor":14},{"not_picked":["Core Surge","Meteor Strike"],"picked":"Thunder Strike","floor":16},{"not_picked":["Darkness+1","Heatsinks+1"],"picked":"Hologram+1","floor":18},{"not_picked":["Rip and Tear","Melter"],"picked":"Hologram+1","floor":23},{"not_picked":["Conserve Battery+1","Redo+1"],"picked":"Reinforced Body+1","floor":24},{"not_picked":["Ball Lightning","Conserve Battery+1"],"picked":"FTL","floor":25},{"not_picked":["Gash+1","Auto Shields+1"],"picked":"Cold Snap+1","floor":28},{"not_picked":["Heatsinks+1","Lockon+1"],"picked":"Scrape+1","floor":30},{"not_picked":["Steam+1","Melter+1","Cold Snap+1"],"picked":"SKIP","floor":31},{"not_picked":["Rainbow+1","Reboot+1"],"picked":"Echo Form+1","floor":33},{"not_picked":["Ball Lightning+1","Redo+1"],"picked":"Compile Driver+1","floor":35},{"not_picked":["Hello World+1","Barrage+1"],"picked":"Cold Snap+1","floor":38},{"not_picked":["Gash+1","Stack+1"],"picked":"Turbo+1","floor":39},{"not_picked":["Beam Cell+1","White Noise+1"],"picked":"Reboot+1","floor":41},{"not_picked":["Turbo+1","Hologram+1"],"picked":"Echo Form+1","floor":46},{"not_picked":["Beam Cell+1","Turbo+1"],"picked":"Skim+1","floor":47},{"not_picked":["Sweeping Beam+1","Ball Lightning+1","Stack+1"],"picked":"SKIP","floor":48}],"player_experience":430291,"relics_obtained":[{"floor":6,"key":"Torii"},{"floor":8,"key":"Odd Mushroom"},{"floor":9,"key":"Toxic Egg 2"},{"floor":23,"key":"Bag of Preparation"},{"floor":25,"key":"Kunai"},{"floor":26,"key":"Molten Egg 2"},{"floor":36,"key":"Omamori"},{"floor":41,"key":"Pantograph"},{"floor":42,"key":"Mango"},{"floor":43,"key":"MealTicket"},{"floor":46,"key":"Bottled Lightning"},{"floor":48,"key":"Letter Opener"}],"event_choices":[{"cards_removed":["Strike_B"],"damage_healed":0,"gold_gain":0,"player_choice":"Offered Basic","damage_taken":0,"max_hp_gain":0,"max_hp_loss":0,"event_name":"Bonfire Elementals","floor":4,"gold_loss":0},{"damage_healed":0,"gold_gain":0,"player_choice":"Fought Mushrooms","damage_taken":0,"max_hp_gain":0,"max_hp_loss":0,"event_name":"Mushrooms","floor":8,"gold_loss":0},{"cards_removed":["Strike_B"],"damage_healed":0,"gold_gain":0,"player_choice":"Purged","damage_taken":0,"max_hp_gain":0,"max_hp_loss":0,"event_name":"Purifier","floor":11,"gold_loss":0},{"damage_healed":0,"gold_gain":0,"player_choice":"Obtained Relic","damage_taken":0,"relics_obtained":["Orichalcum"],"max_hp_gain":0,"max_hp_loss":0,"event_name":"Addict","floor":19,"gold_loss":85},{"damage_healed":0,"gold_gain":0,"player_choice":"Joined the Cult","damage_taken":6,"max_hp_gain":0,"max_hp_loss":0,"event_name":"Nest","floor":20,"gold_loss":0,"cards_obtained":["RitualDagger"]},{"damage_healed":0,"gold_gain":0,"player_choice":"Gave Potion","damage_taken":0,"relics_obtained":["Frozen Egg 2"],"max_hp_gain":0,"max_hp_loss":0,"event_name":"WeMeetAgain","floor":22,"gold_loss":0},{"damage_healed":0,"gold_gain":0,"player_choice":"Forge","damage_taken":0,"max_hp_gain":0,"max_hp_loss":0,"event_name":"Accursed Blacksmith","floor":29,"gold_loss":0,"cards_upgraded":["Genetic Algorithm"]},{"damage_healed":0,"gold_gain":0,"player_choice":"Relic","damage_taken":0,"max_hp_gain":0,"max_hp_loss":0,"event_name":"Wheel of Change","floor":36,"gold_loss":0},{"damage_healed":0,"gold_gain":0,"player_choice":"Fight","damage_taken":0,"max_hp_gain":0,"max_hp_loss":0,"event_name":"MindBloom","floor":42,"gold_loss":0},{"cards_removed":["Defend_B"],"damage_healed":0,"gold_gain":0,"player_choice":"Removed Skill","damage_taken":0,"max_hp_gain":0,"max_hp_loss":0,"event_name":"Falling","floor":44,"gold_loss":0},{"damage_healed":0,"gold_gain":0,"player_choice":"Bought 3 Potions","damage_taken":0,"max_hp_gain":0,"max_hp_loss":0,"event_name":"The Woman in Blue","floor":45,"gold_loss":0}],"is_beta":false,"boss_relics":[{"not_picked":["Black Star","Runic Dome"],"picked":"Snecko Eye"},{"not_picked":["SlaversCollar","Empty Cage"],"picked":"Fusion Hammer"}],"items_purged_floors":[],"is_endless":false,"potions_floor_spawned":[1,3,6,12,14,16,23,24,25,30,35,41,47],"ascension_level":0}}