{"host":"d73an99q9oevilk5","time":1613376021,"event":{"mods":["2.2 Compatiblity","AchievementEnabler","Act Like it!","Aspiration","BaseMod","Beaked The Cultist","Better Third Choice","BetterRewards","Bossed Relics","Colored Map","Colored Powertips","Conspire","Downfall","GifTheSpireLib","Halation","Hubris","Infinite Spire","Marisa????????","Mimic Mod","Minty Spire (QoL Compilation)","MostiFishMod","Quick Restart","Relic Sorter","Reliquary","Replay The Spire","Shop Mod","Spikes Relics","StSLib","Stuff the Spire","The Bug Knight","The Cursed","The Jungle","The Necromancer","The Saiyan","The Servant 0.9.4","Waifu the Spire","egg","slay the spire mod where everything is the same but ironclad has a cowboy hat","??????REMEMod"],"gold_per_floor":[109,16,16,16,32,32,61,73,122,157,172,198,216,216,317,317,334,86,99,99,99,99,125,125,150,150,170,170,189,189,189,303,303,337,192,220,267,293,293,342,373,412,512,512,644,644,699,537,537,590,620,620,620,620,620,188,188,271,271,294,231,264,310,310,348,398,398,398,450,450,507,507,626,626,679,679,702,702,702,555,555,577,638,638,685,685,751,751,875,875,875,615,680,786],"floor_reached":107,"language":"ENG","playtime":2699,"items_purged":["Summon_Vampire_Lady","Shame","Shame","Pain","infinitespire:Pacifist","Voices"],"score":4314,"play_id":"447cb5c2-edd6-4a64-aa1e-af51d70d595f","local_time":"20210215010021","is_ascension_mode":false,"campfire_choices":[{"data":"BlessedFruit","floor":6.0,"key":"SMITH"},{"data":"BlessedFruit","floor":15.0,"key":"SMITH"},{"data":"beaked:Brace","floor":23.0,"key":"SMITH"},{"data":"beaked:StickSmack","floor":25.0,"key":"SMITH"},{"data":"beaked:StickSmack","floor":27.0,"key":"SMITH"},{"data":"beaked:StickSmack","floor":32.0,"key":"SMITH"},{"data":"beaked:KnowThyFoe","floor":49.0,"key":"SMITH"},{"data":"beaked:WarriorSpirit","floor":61.0,"key":"SMITH"},{"data":"beaked:Defend_Y","floor":66,"key":"SMITH"},{"data":"conspire:Banana","floor":78,"key":"SMITH"},{"data":"BlessedFruit","floor":81,"key":"SMITH"},{"data":"beaked:Ceremony","floor":83,"key":"SMITH"},{"data":"infinitespire:Punishment","floor":91,"key":"SMITH"},{"data":"beaked:Foresight","floor":93,"key":"SMITH"},{"data":"beaked:Defend_Y","floor":103,"key":"SMITH"}],"circlet_count":0,"master_deck":["beaked:Strike_Y","beaked:Strike_Y","beaked:Strike_Y","beaked:Strike_Y","beaked:Strike_Y","beaked:Strike_Y+1","beaked:Defend_Y","beaked:Defend_Y+1","beaked:Defend_Y","beaked:Defend_Y+1","beaked:Ceremony+1","beaked:Ceremony+1","BlessedFruit+1","BlessedFruit+1","BlessedFruit+1","beaked:Pecker","conspire:Banana+1","beaked:Replenish","beaked:Foresight+1","beaked:WarriorSpirit+1","beaked:WarriorEssence","beaked:Caw","beaked:Brace+1","beaked:WildInstinct","beaked:CursingBlood","beaked:CursingBlood","beaked:StickSmack+1","beaked:StickSmack+1","beaked:StickSmack+1","beaked:Overpower+1","beaked:Overpower","beaked:Overpower","beaked:CrazyRituals+1","beaked:CrazyRituals+1","beaked:CrazyRituals","beaked:CrazyRituals","beaked:CrazyRituals","beaked:CrazyRituals","beaked:Evade+1","beaked:Evade+1","beaked:Evade+1","beaked:Evade+1","beaked:Foresight+1","beaked:Foresight+1","beaked:Foresight+1","beaked:Foresight+1","beaked:Foresight+1","beaked:Foresight+1","beaked:KnowThyFoe+1","beaked:KnowThyFoe","beaked:KnowThyFoe+1","beaked:KnowThyFoe+1","infinitespire:Punishment","infinitespire:Punishment","infinitespire:Punishment","infinitespire:Punishment","infinitespire:Punishment","infinitespire:Punishment","infinitespire:Punishment","infinitespire:Punishment+1","CurseOfTheBell","CurseOfTheBell","CurseOfTheBell","CurseOfTheBell","CurseOfTheBell","Voices","CurseOfTheBell","Voices","CurseOfTheBell","Voices","CurseOfTheBell","CurseOfTheBell","ReplayUltimateDefense","ReplayUltimateDefense","ReplayUltimateDefense","ReplayUltimateDefense","ReplayUltimateDefense","ReplayUltimateDefense","Shame","Shame","hubris:Sloth","infinitespire:UltimateForm","beaked:Flinch","beaked:Flinch","beaked:WarriorEssence+1","beaked:AwakenedForm+1"],"relics":["beaked:MendingPlumage","REME_ComplimentaryCards","DaveBox","BionicSphere","hubris:Teleporter","HeavenlyBonsai","SynthV:TestCard","RetroEgg","Juzu Bracelet","hubris:GlazedTorus","CherryCoatedStake","Busted Crown","White Beast Statue","aspiration:StickyExplosives","hubris:ToyBattleship","Cursed Key","Omamori","infinitespire:EvilPickle","PatriotShield","StuffTheSpire:BottledEssence","SpikesRelics:DaevaFist","Iron Hammer","ArrowTower","reliquary:WeakTea","downfall:ExtraCursedBell","REME_ChargedStone","Strawberry","reliquary:SilkGlove","aspiration:Lifesprig","HornCleat","MerchantsRug","Membership Card","hubris:BottledRain","TungstenRod","theJungle:BirthdayCakeSlice","REME_HourglassOfDeath","Nunchaku","WarpedTongs","infinitespire:PuzzleCube","infinitespire:CheckeredPen","CatCart","reliquary:Buckler","Technique","Matryoshka","MealTicket","Replay:Rubber Ducky","SacredBark","Guide Book","reliquary:PorcupineQuills","halation:SwordOfLegend"],"acts_visited":["Exordium","TheCity","TheBeyond","Exordium","Exordium","TheBeyond","TheEnding"],"potions_floor_usage":[84,84,89,101,101,106,106,106],"damage_taken":[{"damage":7.0,"enemies":"2 Louse","floor":1.0,"turns":4.0},{"damage":22.0,"enemies":"Cultist","floor":5.0,"turns":6.0},{"damage":20.0,"enemies":"HollowMod:MossKnight","floor":7.0,"turns":6.0},{"damage":3.0,"enemies":"Small Slimes","floor":8.0,"turns":4.0},{"damage":73.0,"enemies":"3 Sentries","floor":11.0,"turns":12.0},{"damage":16.0,"enemies":"conspire:2 RoseBushes","floor":12.0,"turns":6.0},{"damage":22.0,"enemies":"Replay:BlueRogue","floor":13.0,"turns":7.0},{"damage":22.0,"enemies":"2 Fungi Beasts","floor":14.0,"turns":5.0},{"damage":55.0,"enemies":"Slime Boss","floor":16.0,"turns":9.0},{"damage":5.0,"enemies":"Chosen","floor":18.0,"turns":6.0},{"damage":3.0,"enemies":"conspire:FuzzyDice","floor":20.0,"turns":8.0},{"damage":41.0,"enemies":"Gremlin Leader","floor":24.0,"turns":8.0},{"damage":18.0,"enemies":"Snecko","floor":28.0,"turns":4.0},{"damage":36.0,"enemies":"Sentry and Sphere","floor":30.0,"turns":5.0},{"damage":21.0,"enemies":"Pondfish","floor":33.0,"turns":5.0},{"damage":0.0,"enemies":"Orb Walker","floor":35.0,"turns":1.0},{"damage":0.0,"enemies":"3 Shapes","floor":39.0,"turns":2.0},{"damage":0.0,"enemies":"HollowMod:StalkingDevout","floor":40.0,"turns":4.0},{"damage":16.0,"enemies":"Nightmare","floor":42.0,"turns":6.0},{"damage":0.0,"enemies":"Reptomancer","floor":44.0,"turns":1.0},{"damage":0.0,"enemies":"conspire:MimicChest","floor":45.0,"turns":2.0},{"damage":0.0,"enemies":"3 Darklings","floor":47.0,"turns":4.0},{"damage":2.0,"enemies":"Time Eater","floor":50.0,"turns":4.0},{"damage":0.0,"enemies":"Small Slimes","floor":52.0,"turns":1.0},{"damage":4.0,"enemies":"Lagavulin","floor":57.0,"turns":3.0},{"damage":0,"enemies":"Fading Forest","floor":67,"turns":5},{"damage":0,"enemies":"theJungle:MUSHROOMGANG","floor":69,"turns":2},{"damage":0,"enemies":"Shell Parasite","floor":72,"turns":1},{"damage":0,"enemies":"theJungle:Cassacara","floor":74,"turns":1},{"damage":0,"enemies":"theJungle:2_Phrogs","floor":76,"turns":2},{"damage":0,"enemies":"theJungle:MamaSnecko","floor":80,"turns":1},{"damage":0,"enemies":"theJungle:TotemBoss","floor":84,"turns":3},{"damage":0,"enemies":"Orb Walker","floor":86,"turns":2},{"damage":0,"enemies":"Orin","floor":89,"turns":6},{"damage":0,"enemies":"3 Shapes","floor":94,"turns":4},{"damage":0,"enemies":"Nemesis","floor":95,"turns":1},{"damage":0,"enemies":"3 Shapes","floor":97,"turns":2},{"damage":0,"enemies":"Giant Head","floor":99,"turns":2},{"damage":0,"enemies":"Awakened One","floor":101,"turns":4},{"damage":0,"enemies":"Shield and Spear","floor":105,"turns":2},{"damage":112,"enemies":"The Heart","floor":106,"turns":6}],"seed_played":"-639811516904635042","potions_obtained":[{"floor":1.0,"key":"Venom Potion"},{"floor":7.0,"key":"PowerPotion"},{"floor":12.0,"key":"Ancient Potion"},{"floor":18.0,"key":"SkillPotion"},{"floor":20.0,"key":"Block Potion"},{"floor":28.0,"key":"Adrenaline Potion"},{"floor":33.0,"key":"sneckomod:MuddlingPotion"},{"floor":57.0,"key":"Block Potion"},{"floor":84,"key":"sneckomod:MuddlingPotion"},{"floor":86,"key":"ColorlessPotion"},{"floor":89,"key":"LiquidBronze"},{"floor":101,"key":"CultistPotion"},{"floor":105,"key":"SneckoOil"},{"floor":106,"key":"Fire Potion"}],"is_trial":false,"path_per_floor":["M","$","?","$","M","R","E","M","T","E","M","E","M","R","B",null,"M","$","M","?","?","R","E","R","T","R","M","AVR","M","$","R","B",null,"M","$","M","E","NM","T","E","?","M","?","R","B",null,"M","$","AVR","E","?","T","R","?","MIM","$","R","B",null,"M","$","M","E","?","E","T","R","?","E","R","?","R","B",null,"M","?","?","AVR","R","$","R","MIM","E","?","M","?","E","R_BF","B",null,"R","$","E","B",null],"character_chosen":"BEAKED_THE_CULTIST","items_purchased":["halation:NonexistentMirror","HeavenlyBonsai","conspire:Banana","White Beast Statue","StuffTheSpire:BottledEssence","ReplayUltimateDefense","MerchantsRug","Membership Card","hubris:BottledRain","Technique","Guide Book","beaked:Flinch","reliquary:PorcupineQuills"],"campfire_rested":0,"item_purchase_floors":[0,0,2,19,37,53,65,65,65,92,104,104,104],"current_hp_per_floor":[50,50,43,43,40,40,42,56,56,18,26,26,25,25,33,91,97,97,103,103,103,103,109,109,109,109,101,101,102,102,102,117,117,117,117,119,119,123,123,123,123,126,126,126,130,130,130,130,137,134,134,134,134,134,134,134,134,139,139,141,141,141,141,146,146,146,146,146,146,146,111,111,148,148,148,148,152,152,152,152,152,154,154,154,154,154,156,148,148,148,148,148,148,57],"gold":786,"neow_bonus":"","is_daily":false,"chose_seed":false,"campfire_upgraded":15,"win_rate":0.0,"timestamp":1613376021,"path_taken":["M","$","?","$","M","R","E","M","T","E","M","E","M","R","BOSS","M","$","M","?","?","R","E","R","T","R","M","AVR","M","?","R","BOSS","M","$","M","E","NM","T","E","?","M","?","R","BOSS","M","$","AVR","E","?","T","R","?","?","$","R","BOSS","M","$","M","E","?","E","T","R","?","E","R","?","R","BOSS","M","?","?","AVR","R","$","R","MIM","E","?","M","?","E","R_BF","BOSS","R","$","E","BOSS"],"items_purchased_type":["Relic","Relic","Card","Relic","Relic","Card","Relic","Relic","Relic","Relic","Relic","Card","Relic"],"build_version":"2020-12-22","purchased_purges":6,"victory":true,"max_hp_per_floor":[53,53,53,53,57,57,62,66,66,71,76,80,85,85,91,91,97,97,103,103,103,103,109,109,109,109,110,110,111,111,111,117,117,117,117,119,119,123,123,123,123,126,126,126,130,130,130,130,137,137,137,137,137,137,137,137,137,139,139,141,141,141,141,146,146,146,146,146,146,146,146,146,148,148,148,148,152,152,152,152,152,154,154,154,154,154,156,148,148,148,148,148,148,150],"card_choices":[{"not_picked":["beaked:SurvivalInstinct","beaked:TuckingFeathers"],"picked":"beaked:Pecker","floor":1.0},{"not_picked":["beaked:BraceForImpact","beaked:HuntressEssence","beaked:Redirect","beaked:BounceBack"],"picked":"beaked:Foresight","floor":5.0},{"not_picked":["beaked:DesperateSwing","beaked:WildInstinct","beaked:BraceForImpact","beaked:Resilience"],"picked":"beaked:WarriorSpirit","floor":7.0},{"not_picked":["beaked:StickSmack","beaked:Insight","beaked:Devastation","beaked:Resilience"],"picked":"beaked:WarriorEssence","floor":8.0},{"not_picked":["beaked:HuntressEssence","beaked:Windmill","beaked:Redirect","beaked:Recite"],"picked":"beaked:Caw","floor":11.0},{"not_picked":["beaked:WarriorEssence","beaked:Cower","beaked:SurvivalInstinct","beaked:TuckingFeathers","beaked:BloodForTheGods"],"picked":"SKIP","floor":12.0},{"not_picked":["beaked:MachineEssence","beaked:StunningBlow","beaked:DigDeeper","beaked:WindBringer"],"picked":"beaked:Brace","floor":13.0},{"not_picked":["beaked:DigDeep","beaked:SacrificialDive","beaked:Poke","beaked:Flinch","beaked:Windmill"],"picked":"SKIP","floor":14.0},{"not_picked":["beaked:ShadowFade","beaked:SacrificialScars","beaked:DarkTribute","beaked:Caw"],"picked":"beaked:WildInstinct","floor":16.0},{"not_picked":["beaked:Overpower","beaked:Flinch"],"picked":"beaked:CursingBlood","floor":18.0},{"not_picked":["beaked:CursingBlood","beaked:Molting","beaked:DigDeep"],"picked":"SKIP","floor":20.0},{"not_picked":["beaked:Poke","beaked:Insight"],"picked":"beaked:Overpower","floor":24.0},{"not_picked":["beaked:BarbedWire","beaked:DigDeep"],"picked":"beaked:CrazyRituals","floor":28.0},{"not_picked":["beaked:Hexing","beaked:Negation"],"picked":"beaked:Evade+1","floor":30.0},{"not_picked":["beaked:StickSmack","beaked:Daydream+1","beaked:Pecker+1"],"picked":"SKIP","floor":35.0},{"not_picked":["beaked:Insight+1","beaked:BraceForImpact+1"],"picked":"beaked:Foresight+1","floor":39.0},{"not_picked":["beaked:SacrificialAttack","beaked:SurvivalInstinct+1"],"picked":"beaked:KnowThyFoe","floor":40.0},{"not_picked":["beaked:StunningBlow","beaked:MaddeningMurmurs+1","beaked:LiftOff"],"picked":"SKIP","floor":42.0},{"not_picked":["ReplayTheSpireMod:Haul","infinitespire:DeathsTouch"],"picked":"infinitespire:Punishment","floor":42.0},{"not_picked":["beaked:StunningBlow","beaked:MaddeningMurmurs+1","beaked:LiftOff"],"picked":"SKIP","floor":42.0},{"not_picked":["ReplayTheSpireMod:Prepare the Ceremony","beaked:SacrificialDive+1","beaked:TuckingFeathers"],"picked":"SKIP","floor":44.0},{"not_picked":["beaked:FeelMyPain","beaked:Recite","beaked:Molting+1"],"picked":"SKIP","floor":47.0},{"not_picked":["beaked:SacrificialAttack","beaked:BarbedWire","beaked:DigDeep"],"picked":"SKIP","floor":52.0},{"not_picked":["beaked:CheekyTricks","beaked:CursingBlood","beaked:Negation"],"picked":"SKIP","floor":57.0},{"not_picked":["beaked:Foresight","beaked:Tweet","beaked:TuckingFeathers"],"picked":"SKIP","floor":69},{"not_picked":["beaked:SacrificialScars","beaked:SurvivalInstinct+1","beaked:Evade"],"picked":"SKIP","floor":72},{"not_picked":["beaked:Foresight","beaked:CursingBlood+1","beaked:DigDeep+1"],"picked":"SKIP","floor":74},{"not_picked":["beaked:MimicHuntress+1","beaked:Struggle","beaked:Poke+1"],"picked":"SKIP","floor":76},{"not_picked":["beaked:SacrificialAttack+1","beaked:Foresight","beaked:HuntressSpirit"],"picked":"SKIP","floor":80},{"not_picked":["beaked:Insight","beaked:TuckingFeathers","beaked:Windmill+1"],"picked":"SKIP","floor":86},{"not_picked":["ReplayTheSpireMod:Black Plague","infinitespire:Punishment"],"picked":"infinitespire:UltimateForm","floor":94},{"not_picked":["beaked:Struggle+1","beaked:WarriorSpirit+1","beaked:Foresight"],"picked":"SKIP","floor":95},{"not_picked":["beaked:Mantra+1","ReplayTheSpireMod:RavenHex+1","beaked:DarkTribute"],"picked":"SKIP","floor":97},{"not_picked":["beaked:LiftOff","beaked:Evade","beaked:BraceForImpact"],"picked":"SKIP","floor":99},{"not_picked":["ReplayTheSpireMod:Prepare the Ceremony","beaked:DarkTribute"],"picked":"beaked:WarriorEssence+1","floor":105},{"not_picked":["beaked:LiftOff","beaked:WildInstinct"],"picked":"beaked:AwakenedForm","floor":106}],"player_experience":1938770,"relics_obtained":[{"floor":1.0,"key":"SynthV:TestCard"},{"floor":7.0,"key":"RetroEgg"},{"floor":9.0,"key":"Juzu Bracelet"},{"floor":11.0,"key":"hubris:GlazedTorus"},{"floor":13.0,"key":"CherryCoatedStake"},{"floor":24.0,"key":"aspiration:StickyExplosives"},{"floor":26.0,"key":"hubris:ToyBattleship"},{"floor":40.0,"key":"SpikesRelics:DaevaFist"},{"floor":42.0,"key":"Iron Hammer"},{"floor":44.0,"key":"ArrowTower"},{"floor":45.0,"key":"reliquary:WeakTea"},{"floor":57.0,"key":"reliquary:SilkGlove"},{"floor":60.0,"key":"HornCleat"},{"floor":74,"key":"TungstenRod"},{"floor":76,"key":"REME_HourglassOfDeath"},{"floor":77,"key":"Nunchaku"},{"floor":80,"key":"infinitespire:PuzzleCube"},{"floor":82,"key":"infinitespire:CheckeredPen"},{"floor":89,"key":"CatCart"},{"floor":94,"key":"Matryoshka"},{"floor":95,"key":"MealTicket"},{"floor":99,"key":"Replay:Rubber Ducky"},{"floor":105,"key":"halation:SwordOfLegend"}],"event_choices":[{"damage_healed":0.0,"max_hp_gain":0.0,"max_hp_loss":0.0,"gold_gain":0.0,"cards_transformed":["beaked:Replenish"],"event_name":"Transmorgrifier","player_choice":"Transformed","floor":21.0,"gold_loss":0.0,"damage_taken":0.0,"cards_obtained":["beaked:StickSmack"]},{"damage_healed":0.0,"max_hp_gain":0.0,"max_hp_loss":0.0,"gold_gain":0.0,"event_name":"The Woman in Blue","player_choice":"Bought 0 Potions","floor":22.0,"gold_loss":0.0,"damage_taken":0.0},{"damage_healed":0.0,"max_hp_gain":0.0,"max_hp_loss":0.0,"gold_gain":30.0,"event_name":"Dead Adventurer","player_choice":"Searched \u00273\u0027 times","floor":59.0,"gold_loss":0.0,"damage_taken":0.0,"relics_obtained":["aspiration:Lifesprig"]},{"damage_healed":0.0,"max_hp_gain":0.0,"max_hp_loss":0.0,"gold_gain":0.0,"event_name":"betterThird:BetterSerpent","player_choice":"Ignored","floor":62.0,"gold_loss":0.0,"damage_taken":620.0},{"damage_healed":0,"gold_gain":0,"player_choice":"Rummage","damage_taken":0,"relics_obtained":["WarpedTongs"],"max_hp_gain":0,"max_hp_loss":0,"event_name":"Accursed Blacksmith","floor":79,"gold_loss":0,"cards_obtained":["Pain"]},{"cards_removed":["beaked:CursingBlood"],"damage_healed":0,"gold_gain":0,"player_choice":"Removed Skill","damage_taken":0,"max_hp_gain":0,"max_hp_loss":0,"event_name":"Falling","floor":87,"gold_loss":0},{"damage_healed":0,"gold_gain":0,"player_choice":"Fight","damage_taken":0,"max_hp_gain":0,"max_hp_loss":0,"event_name":"OrinTheCat","floor":89,"gold_loss":0},{"damage_healed":0,"gold_gain":0,"player_choice":"Ignored","damage_taken":0,"max_hp_gain":0,"max_hp_loss":0,"event_name":"Tomb of Lord Red Mask","floor":98,"gold_loss":0},{"damage_healed":0,"gold_gain":0,"player_choice":"Max HP","damage_taken":0,"max_hp_gain":0,"max_hp_loss":8,"event_name":"Winding Halls","floor":100,"gold_loss":0}],"is_beta":false,"boss_relics":[{"not_picked":["REME_DemonsWealth","Kintsugi"],"picked":"Busted Crown"},{"not_picked":["Pandora\u0027s Box","Replay:Ancient Bell"],"picked":"PatriotShield"},{"not_picked":["aspiration:WatcherSkillbook","reliquary:KinkedSpring"],"picked":"REME_ChargedStone"},{"not_picked":["halation:PlatinumPhoenix","aspiration:RitualDagger","aspiration:RunicSpoon"]},{"not_picked":["aspiration:FutureDiary","bronze:MakeshiftBattery","BloodWine"]},{"not_picked":["hubris:BlackHole","reliquary:WritOfMandamus"],"picked":"SacredBark"}],"items_purged_floors":[0,65,70,90,92,104],"is_endless":true,"potions_floor_spawned":[1,7,12,13,18,20,24,28,30,33,35,39,40,42,44,45,47,50,52,57,67,69,72,74,76,80,84,86,89,94,95,97,99,101,105,106],"ascension_level":0}}