{"host":"c4psiqwczhd30bq5","time":1613395165,"event":{"mods":["Act Like it!","Aspiration","BaseMod","BetterRewards","Conspire","Curses Come First","Downfall","Gensokyo","Hallownest","Hubris","Minty Spire (QoL Compilation)","Reliquary","StSLib"],"gold_per_floor":[119,42,42,42,75,109,133,151,151,4,23,23,23,66,66,66,66],"floor_reached":16,"language":"ENG","playtime":490,"items_purged":[],"score":113,"play_id":"354dc3fa-f22d-4e86-8936-9d0065216d52","local_time":"20210215141925","is_ascension_mode":true,"campfire_choices":[{"floor":13,"key":"DIG"},{"floor":15,"key":"REST"}],"circlet_count":0,"master_deck":["Strike_R","Strike_R","Strike_R+1","Strike_R+1","Strike_R","Defend_R","Defend_R","Defend_R","Defend_R","Bash","Perfected Strike","Pummel","Flex","Intimidate","Sword Boomerang","Anger","Rage"],"relics":["Burning Blood","Shovel","Golden Idol","reliquary:ExpiredCoupon","Oddly Smooth Stone","Nunchaku","Tiny Chest","hubris:SlimyHat"],"acts_visited":["Exordium"],"potions_floor_usage":[6,16],"damage_taken":[{"damage":6,"enemies":"Cultist","floor":1,"turns":3},{"damage":11,"enemies":"conspire:MimicChest","floor":5,"turns":7},{"damage":19,"enemies":"Gremlin Nob","floor":6,"turns":4},{"damage":0,"enemies":"2 Louse","floor":7,"turns":3},{"damage":0,"enemies":"Jaw Worm","floor":8,"turns":3},{"damage":6,"enemies":"Blue Slaver","floor":11,"turns":3},{"damage":19,"enemies":"Lagavulin","floor":14,"turns":4},{"damage":62,"enemies":"The Guardian","floor":16,"turns":8}],"seed_played":"8275707126496397995","potions_obtained":[{"floor":8,"key":"sneckomod:MuddlingPotion"},{"floor":14,"key":"AttackPotion"}],"is_trial":false,"path_per_floor":["M","$","?","?","?","E","M","M","T","$","M","$","R","E","R","B"],"character_chosen":"IRONCLAD","items_purchased":["DuplicationPotion","Nunchaku"],"campfire_rested":1,"item_purchase_floors":[2,10],"current_hp_per_floor":[72,72,58,58,53,40,46,52,52,52,52,52,52,39,59,0,0],"gold":66,"neow_bonus":"ONE_RARE_RELIC","is_daily":false,"chose_seed":false,"campfire_upgraded":0,"win_rate":0.0,"timestamp":1613395165,"path_taken":["M","?","?","?","?","E","M","?","T","$","M","?","R","E","R","BOSS"],"items_purchased_type":["Potion","Relic"],"build_version":"2020-12-22","purchased_purges":0,"victory":false,"max_hp_per_floor":[72,72,72,67,67,67,67,67,67,67,67,67,67,67,67,67,67],"card_choices":[{"not_picked":["Body Slam","Iron Wave"],"picked":"Perfected Strike","floor":1},{"not_picked":["Wild Strike","Burning Pact"],"picked":"Pummel","floor":5},{"not_picked":["Clothesline","Iron Wave"],"picked":"Flex","floor":6},{"not_picked":["Armaments","Clash"],"picked":"Intimidate","floor":7},{"not_picked":["Carnage","Hemokinesis"],"picked":"Sword Boomerang","floor":8},{"not_picked":["Feel No Pain","Carnage"],"picked":"Anger","floor":11},{"not_picked":["Clothesline","Clash"],"picked":"Rage","floor":14}],"player_experience":291381,"relics_obtained":[{"floor":5,"key":"reliquary:ExpiredCoupon"},{"floor":6,"key":"Oddly Smooth Stone"},{"floor":13,"key":"Tiny Chest"},{"floor":14,"key":"hubris:SlimyHat"}],"event_choices":[{"damage_healed":0,"gold_gain":0,"player_choice":"Entered Light","damage_taken":14,"max_hp_gain":0,"max_hp_loss":0,"event_name":"Shining Light","floor":3,"gold_loss":0,"cards_upgraded":["Strike_R","Strike_R"]},{"damage_healed":0,"gold_gain":0,"player_choice":"Lose Max HP","damage_taken":0,"relics_obtained":["Golden Idol"],"max_hp_gain":0,"max_hp_loss":5,"event_name":"Golden Idol","floor":4,"gold_loss":0}],"is_beta":false,"boss_relics":[],"items_purged_floors":[],"is_endless":false,"potions_floor_spawned":[8,14],"killed_by":"The Guardian","ascension_level":1}}