{"host":"8anmd7ibyxevnonj","time":1613378898,"event":{"mods":["BaseMod","Curses Come First","Downfall","Minty Spire (QoL Compilation)","Reliquary","StSLib"],"gold_per_floor":[99,116,216,216,216,229,229,240,259,259,359,378,378,393,411,411,411,411],"floor_reached":16,"language":"ENG","playtime":771,"items_purged":[],"score":94,"play_id":"4ab4f1e0-ac02-4611-b4c8-a629358de48a","local_time":"20210215094818","is_ascension_mode":false,"campfire_choices":[{"data":"champ:Execute","floor":1,"key":"SMITH"},{"data":"champ:Taunt","floor":10,"key":"SMITH"},{"data":"champ:TornadoPunch","floor":13,"key":"SMITH"}],"circlet_count":0,"master_deck":["champ:Strike","champ:Strike","champ:Strike","champ:Strike","champ:Defend","champ:Defend","champ:Defend","champ:Defend","champ:Execute+1","champ:Taunt+1","champ:EndlessRage","champ:EnGarde","champ:BerserkersShout","champ:AdrenalArmor","champ:TornadoPunch+1","champ:BringItOn","champ:ArenaPreparation"],"relics":["bronze:MakeshiftBattery","Darkstone Periapt"],"acts_visited":["Exordium"],"potions_floor_usage":[],"damage_taken":[{"damage":10,"enemies":"2 Louse","floor":2,"turns":2},{"damage":15,"enemies":"Jaw Worm","floor":6,"turns":4},{"damage":15,"enemies":"Cultist","floor":8,"turns":5},{"damage":25,"enemies":"2 Fungi Beasts","floor":9,"turns":3},{"damage":24,"enemies":"Red Slaver","floor":12,"turns":5},{"damage":70,"enemies":"Large Slime","floor":14,"turns":7},{"damage":32,"enemies":"2 Fungi Beasts","floor":15,"turns":4},{"damage":86,"enemies":"DF_ARCHETYPE_STREAMLINE","floor":16,"turns":9}],"seed_played":"-1081578153757966109","potions_obtained":[{"floor":2,"key":"FearPotion"},{"floor":8,"key":"SpeedPotion"}],"is_trial":false,"path_per_floor":["R","M","?","?","?","M","T","M","M","R","?","M","R","M","M","B"],"character_chosen":"THE_CHAMP","items_purchased":[],"campfire_rested":0,"item_purchase_floors":[],"current_hp_per_floor":[90,90,90,90,85,80,80,80,80,80,80,76,76,61,59,0,0,0],"gold":411,"neow_bonus":"BOSS_RELIC","is_daily":false,"chose_seed":false,"campfire_upgraded":3,"win_rate":0.0,"timestamp":1613378898,"path_taken":["R","M","?","?","?","M","T","?","M","R","?","?","R","M","M","BOSS"],"items_purchased_type":[],"build_version":"2020-12-13","purchased_purges":0,"victory":false,"max_hp_per_floor":[90,90,90,90,90,90,90,90,90,90,90,90,90,90,90,90,90,90],"card_choices":[{"not_picked":["champ:DefensiveStyle","champ:BerserkerStyle"],"picked":"champ:EndlessRage","floor":2},{"not_picked":["champ:Haymaker","champ:FlashCut"],"picked":"champ:EnGarde","floor":6},{"not_picked":["champ:ShieldSlam","champ:EndlessRage"],"picked":"champ:BerserkersShout","floor":8},{"not_picked":["champ:PreciseThrust","champ:CrownThrow"],"picked":"champ:AdrenalArmor","floor":9},{"not_picked":["champ:Haymaker","champ:CalledShot"],"picked":"champ:TornadoPunch","floor":12},{"not_picked":["champ:BerserkerStyle","champ:BladeFlurry"],"picked":"champ:BringItOn","floor":14},{"not_picked":["champ:StanceDance","champ:BerserkersShout"],"picked":"champ:ArenaPreparation","floor":15}],"player_experience":134317,"relics_obtained":[{"floor":7,"key":"Darkstone Periapt"}],"event_choices":[],"is_beta":false,"boss_relics":[],"items_purged_floors":[],"is_endless":false,"potions_floor_spawned":[2,8],"killed_by":"DF_ARCHETYPE_STREAMLINE","ascension_level":0}}