{"host":"2l3i55whvwk76mom","time":1613359478,"event":{"mods":["BaseMod","Googly Eyes","Hubris","Minty Spire (QoL Compilation)","Replay The Spire","StSLib"],"gold_per_floor":[118,118,137,137,151,151,185,197,197,197,208,127,155,169,169,270,270,281,300,300,317,317,317,317],"floor_reached":23,"language":"ENG","playtime":1081,"items_purged":[],"score":258,"play_id":"bdc542d8-c242-4e9c-ad53-fa29f3435116","local_time":"20210214192438","is_ascension_mode":true,"campfire_choices":[{"data":"Eruption","floor":6,"key":"SMITH"},{"data":"ClearTheMind","floor":10,"key":"SMITH"},{"floor":15,"key":"REST"}],"circlet_count":0,"master_deck":["Defend_P","Defend_P","Defend_P","Defend_P+1","Eruption+1","Vigilance","Evaluate","Prostrate","CrushJoints","EmptyBody","hubris:NaturalOne","Conclude","ClearTheMind+1","Halt","Wallop","LikeWater","FollowUp","DevaForm","TalkToTheHand","LikeWater","Bite","Bite","Bite","Bite","Bite","Replay:AtTheReady+1"],"relics":["PureWater","hubris:Icosahedron","hubris:ToyBattleship","Letter Opener","hubris:RunicObelisk"],"acts_visited":["Exordium","TheCity"],"potions_floor_usage":[16,16,16,23],"damage_taken":[{"damage":0,"enemies":"2 Louse","floor":1,"turns":2},{"damage":0,"enemies":"Small Slimes","floor":3,"turns":5},{"damage":7,"enemies":"Jaw Worm","floor":5,"turns":2},{"damage":10,"enemies":"Lagavulin","floor":7,"turns":5},{"damage":0,"enemies":"2 Fungi Beasts","floor":8,"turns":3},{"damage":15,"enemies":"Large Slime","floor":11,"turns":5},{"damage":8,"enemies":"Replay:BlueRogue","floor":13,"turns":5},{"damage":1,"enemies":"3 Louse","floor":14,"turns":3},{"damage":2,"enemies":"The Guardian","floor":16,"turns":13},{"damage":7,"enemies":"Chosen","floor":18,"turns":6},{"damage":14,"enemies":"Spheric Guardian","floor":19,"turns":5},{"damage":25,"enemies":"Chosen and Byrds","floor":21,"turns":9},{"damage":44,"enemies":"Book of Stabbing","floor":23,"turns":7}],"seed_played":"3985263219205723601","potions_obtained":[{"floor":1,"key":"FearPotion"},{"floor":7,"key":"BottledMiracle"},{"floor":14,"key":"BottledMiracle"},{"floor":18,"key":"CultistPotion"}],"is_trial":false,"path_per_floor":["M","?","M","?","M","R","E","M","T","R","M","$","E","M","R","B",null,"M","M","?","M","?","E"],"character_chosen":"WATCHER","items_purchased":["Wallop"],"campfire_rested":1,"item_purchase_floors":[12],"current_hp_per_floor":[72,72,72,72,65,65,55,55,55,55,40,40,32,31,52,50,72,65,51,50,38,30,0,0],"gold":317,"neow_bonus":"THREE_CARDS","is_daily":false,"chose_seed":false,"campfire_upgraded":2,"win_rate":0.0,"timestamp":1613359478,"path_taken":["M","?","M","?","M","R","E","M","T","R","M","?","E","M","R","BOSS","M","M","?","M","?","E"],"items_purchased_type":["Card"],"build_version":"2020-12-22","purchased_purges":0,"victory":false,"max_hp_per_floor":[72,72,72,72,72,72,72,72,72,72,72,72,72,72,72,72,72,72,72,50,50,55,55,55],"card_choices":[{"not_picked":["Crescendo","ForeignInfluence"],"picked":"Evaluate","floor":0},{"not_picked":["LikeWater","FlurryOfBlows"],"picked":"Prostrate","floor":1},{"not_picked":["ForeignInfluence","PathToVictory"],"picked":"CrushJoints","floor":3},{"not_picked":["Sanctity","Adaptation"],"picked":"EmptyBody","floor":5},{"not_picked":["Replay:BluntJabs","Replay:AllIn"],"picked":"Conclude","floor":7},{"not_picked":["BowlingBash","Replay:Vibes"],"picked":"ClearTheMind","floor":8},{"not_picked":["ClearTheMind","Conclude"],"picked":"Halt","floor":11},{"not_picked":["ClearTheMind","Swivel"],"picked":"LikeWater","floor":13},{"not_picked":["Crescendo","ConjureBlade"],"picked":"FollowUp","floor":14},{"not_picked":["MasterReality","Replay:AllIn"],"picked":"DevaForm","floor":16},{"not_picked":["SashWhip","Replay:BluntJabs"],"picked":"TalkToTheHand","floor":18},{"not_picked":["Replay:AtTheReady","BowlingBash"],"picked":"LikeWater","floor":19},{"not_picked":["Replay:BluntJabs","Evaluate"],"picked":"Replay:AtTheReady+1","floor":21}],"player_experience":374435,"relics_obtained":[{"floor":7,"key":"hubris:ToyBattleship"},{"floor":13,"key":"Letter Opener"}],"event_choices":[{"damage_healed":0,"gold_gain":0,"player_choice":"Became a vampire","damage_taken":0,"max_hp_gain":0,"max_hp_loss":22,"event_name":"Vampires","floor":20,"gold_loss":0,"cards_obtained":["Bite","Bite","Bite","Bite","Bite"]},{"damage_healed":0,"gold_gain":0,"player_choice":"Shed Blood","damage_taken":13,"max_hp_gain":5,"max_hp_loss":0,"event_name":"Forgotten Altar","floor":22,"gold_loss":0}],"is_beta":false,"boss_relics":[{"not_picked":["Astrolabe","Cursed Key"],"picked":"hubris:RunicObelisk"}],"items_purged_floors":[],"is_endless":false,"potions_floor_spawned":[1,7,14,18],"killed_by":"Book of Stabbing","ascension_level":3}}