{"host":"l15sdf2mmi0nobpi","time":1613369231,"event":{"mods":["ATMod(°¢èªMod)","BaseMod","Highlight Path","Minty Spire (QoL Compilation)","Quick Restart","StSLib","The Runesmith","The Senshi","¡¾¹¦ÄÜMod¡¿Neow½±Àø"],"gold_per_floor":[16,27,43,43,56,56,70,70,70,35,35,46,46,46,46,147,147,162,174,189,289,307,307,336,336,361,361,210,252,272,291,291,395,395,408,15,15,35,91,125,151,151,151],"floor_reached":42,"language":"ZHS","playtime":2977,"items_purged":["Runesmith:Strike_RS","Runesmith:Strike_RS"],"score":841,"play_id":"e0d41368-89e5-4a22-adf8-aacdd5cdc393","local_time":"20210215140711","is_ascension_mode":true,"campfire_choices":[{"floor":6.0,"key":"DIG"},{"floor":11.0,"key":"DIG"},{"floor":13.0,"key":"DIG"},{"floor":15.0,"key":"DIG"},{"floor":23.0,"key":"DIG"},{"floor":25.0,"key":"DIG"},{"floor":27.0,"key":"REST"},{"floor":32.0,"key":"DIG"}],"circlet_count":0,"master_deck":["AscendersBane","Runesmith:Strike_RS","Runesmith:Defend_RS","Runesmith:Defend_RS","Runesmith:Defend_RS","Runesmith:Defend_RS","Runesmith:CraftFirestone","Runesmith:Fortify","AT_ShrugMaster","Runesmith:LithiumIon","Runesmith:CraftProtectio","Runesmith:RunicBlueprint","Runesmith:Firestorm","Runesmith:RuneHurl","Runesmith:Repurpose","Runesmith:Prism+1","Runesmith:LightningRod","Runesmith:Reinforce","Runesmith:LithiumIon","Runesmith:OneForEveryone","Runesmith:Permafrost","Runesmith:PoweredAnvil","Runesmith:Retool+1","Runesmith:EnergizedChisel+1","Runesmith:CreatorForm","Runesmith:PoweredAnvil"],"relics":["Runesmith:CoreCrystal","AT_ATBox","Shovel","Lizard Tail","AT_BellowingDragoncrestRing","Centennial Puzzle","Sundial","The Courier","Singing Bowl","Fusion Hammer","Gremlin Horn","Ancient Tea Set","CeramicFish","Toy Ornithopter","Orrery","Potion Belt","Juzu Bracelet","HornCleat","Omamori","Prayer Wheel","Matryoshka"],"acts_visited":["Exordium","TheCity","TheBeyond"],"potions_floor_usage":[],"damage_taken":[{"damage":0.0,"enemies":"2 Louse","floor":1.0,"turns":3.0},{"damage":13.0,"enemies":"Small Slimes","floor":2.0,"turns":6.0},{"damage":6.0,"enemies":"Cultist","floor":3.0,"turns":4.0},{"damage":9.0,"enemies":"3 Louse","floor":5.0,"turns":5.0},{"damage":13.0,"enemies":"Exordium Thugs","floor":7.0,"turns":5.0},{"damage":0.0,"enemies":"Exordium Wildlife","floor":12.0,"turns":5.0},{"damage":36.0,"enemies":"The Guardian","floor":16.0,"turns":11.0},{"damage":0.0,"enemies":"Spheric Guardian","floor":18.0,"turns":4.0},{"damage":0.0,"enemies":"Chosen","floor":19.0,"turns":6.0},{"damage":20.0,"enemies":"Snake Plant","floor":20.0,"turns":6.0},{"damage":15.0,"enemies":"Sentry and Sphere","floor":22.0,"turns":10.0},{"damage":16.0,"enemies":"Slavers","floor":24.0,"turns":12.0},{"damage":16.0,"enemies":"Book of Stabbing","floor":29.0,"turns":7.0},{"damage":0.0,"enemies":"Cultist and Chosen","floor":30.0,"turns":8.0},{"damage":0.0,"enemies":"Snecko","floor":31.0,"turns":10.0},{"damage":0.0,"enemies":"Automaton","floor":33.0,"turns":11.0},{"damage":3.0,"enemies":"3 Shapes","floor":35.0,"turns":8.0},{"damage":7.0,"enemies":"3 Darklings","floor":38.0,"turns":12.0},{"damage":19.0,"enemies":"2 Orb Walkers","floor":39.0,"turns":11.0},{"damage":21.0,"enemies":"Nemesis","floor":40.0,"turns":15.0},{"damage":2.0,"enemies":"Writhing Mass","floor":41.0,"turns":8.0},{"damage":39,"enemies":"Reptomancer","floor":42,"turns":2}],"seed_played":"6155399508500623876","potions_obtained":[{"floor":1.0,"key":"SteroidPotion"},{"floor":2.0,"key":"FearPotion"},{"floor":7.0,"key":"ColorlessPotion"},{"floor":20.0,"key":"PowerPotion"},{"floor":29.0,"key":"SpeedPotion"},{"floor":30.0,"key":"Energy Potion"},{"floor":31.0,"key":"Ancient Potion"},{"floor":33.0,"key":"SkillPotion"},{"floor":40.0,"key":"SteroidPotion"}],"is_trial":false,"path_per_floor":["M","M","M","?","M","R","M","?","T","?","R","M","R","?","R","B",null,"M","M","M","?","M","R","E","R","T","R","$","E","M","M","R","B",null,"M","$","?","M","?","E","M","E"],"character_chosen":"RUNESMITH_CLASS","items_purchased":["Orrery","HornCleat","Omamori"],"campfire_rested":1,"item_purchase_floors":[28,36,36],"current_hp_per_floor":[63,50,44,32,23,23,10,10,10,27,27,27,27,20,20,37,63,65,65,45,45,30,30,14,14,14,36,40,24,26,28,28,30,71,70,70,66,69,50,29,29,0,0],"gold":151,"neow_bonus":"ONE_RARE_RELIC","is_daily":false,"chose_seed":false,"campfire_upgraded":0,"win_rate":0.0,"timestamp":1613369231,"path_taken":["M","M","M","?","M","R","M","?","T","?","R","M","R","?","R","BOSS","M","M","M","?","M","R","E","R","T","R","$","E","?","M","R","BOSS","M","$","?","M","?","E","M","E"],"items_purchased_type":["Relic","Relic","Relic"],"build_version":"2020-12-22","purchased_purges":2,"victory":false,"max_hp_per_floor":[70,70,70,70,70,70,70,70,70,70,70,70,70,70,70,72,72,74,74,74,74,74,74,74,74,74,74,78,78,80,82,82,84,84,86,86,92,92,92,92,94,94,94],"card_choices":[{"not_picked":["Runesmith:OneForEveryone","Runesmith:Prism"],"picked":"Runesmith:LithiumIon","floor":1.0},{"not_picked":["Runesmith:Repurpose","Runesmith:HammerAndChisel"],"picked":"Runesmith:CraftProtectio","floor":2.0},{"not_picked":["Runesmith:HammerThrow","Runesmith:Overpower","Runesmith:StaticCage"],"picked":"SKIP","floor":3.0},{"not_picked":["Runesmith:HammerAndChisel","Runesmith:HeatExchange"],"picked":"Runesmith:RunicBlueprint","floor":5.0},{"not_picked":["Runesmith:HeatedChisel","Runesmith:BackupBattery"],"picked":"Runesmith:Firestorm","floor":7.0},{"not_picked":["Runesmith:RuneHurl","Runesmith:GrandSlam","Runesmith:MakeshiftArmor"],"picked":"SKIP","floor":12.0},{"not_picked":["Runesmith:GrandSlam","Runesmith:MakeshiftArmor"],"picked":"Runesmith:RuneHurl","floor":12.0},{"not_picked":["Runesmith:Duplicate","Runesmith:GenerateForcefield","Runesmith:ReplicatingBarrier"],"picked":"Singing Bowl","floor":16.0},{"not_picked":["Runesmith:EnergizedChisel","Runesmith:StaticCage+1","Runesmith:Overpower"],"picked":"Singing Bowl","floor":18.0},{"not_picked":["Runesmith:EarthShield","Runesmith:MakeshiftArmor+1"],"picked":"Runesmith:Repurpose","floor":19.0},{"not_picked":["Runesmith:HammerThrow+1","Runesmith:StaticCage"],"picked":"Runesmith:Prism+1","floor":20.0},{"not_picked":["Runesmith:MakeshiftArmor","Runesmith:Accelerate"],"picked":"Runesmith:LightningRod","floor":22.0},{"not_picked":["Runesmith:CraftProtectio","Runesmith:HeatedChisel"],"picked":"Runesmith:Reinforce","floor":24.0},{"not_picked":["Runesmith:Grindstone","Runesmith:Overpower","Runesmith:Repurpose"],"picked":"Singing Bowl","floor":28.0},{"not_picked":["Runesmith:Augment","Runesmith:MakeshiftArmor"],"picked":"Runesmith:LithiumIon","floor":28.0},{"not_picked":["Runesmith:WhiteBalance","Runesmith:ArcReactor"],"picked":"Runesmith:OneForEveryone","floor":28.0},{"not_picked":["Runesmith:LithiumIon","Runesmith:NegativeSpace"],"picked":"Runesmith:Permafrost","floor":28.0},{"not_picked":["Runesmith:Grindstone","Runesmith:Overpower","Runesmith:MakeshiftArmor"],"picked":"Singing Bowl","floor":28.0},{"not_picked":["Runesmith:MakeshiftArmor","Runesmith:Firewall"],"picked":"Runesmith:PoweredAnvil","floor":29.0},{"not_picked":["Runesmith:CraftProtectio+1","Runesmith:DoubleUp","Runesmith:WhiteBalance"],"picked":"Singing Bowl","floor":30.0},{"not_picked":["Runesmith:CraftVitae","Runesmith:MakeshiftArmor","Runesmith:FrozenChisel"],"picked":"Singing Bowl","floor":31.0},{"not_picked":["Runesmith:LastStand","Runesmith:FissionHammer","Runesmith:LightningRod"],"picked":"Singing Bowl","floor":33.0},{"not_picked":["Runesmith:CraftIncendium+1","Runesmith:Repurpose","Runesmith:NegativeSpace"],"picked":"Singing Bowl","floor":35.0},{"not_picked":["Forethought","PanicButton","AT_LightSaberMaster"],"picked":"Singing Bowl","floor":37.0},{"not_picked":["Secret Technique","AT_EmpoweredMortalDraw","Magnetism"],"picked":"Singing Bowl","floor":37.0},{"not_picked":["Flash of Steel","Good Instincts","AT_Homeward"],"picked":"Singing Bowl","floor":37.0},{"not_picked":["Runesmith:BackupBattery","Runesmith:CraftMagma"],"picked":"Runesmith:Retool+1","floor":38.0},{"not_picked":["Runesmith:ChiselStab+1","Runesmith:Refine"],"picked":"Runesmith:EnergizedChisel+1","floor":39.0},{"not_picked":["Runesmith:BackupBattery","Runesmith:ShiftingStrike"],"picked":"Runesmith:CreatorForm","floor":40.0},{"not_picked":["Runesmith:Electrocute","Runesmith:RunicBlueprint"],"picked":"Runesmith:PoweredAnvil","floor":41.0},{"not_picked":["Runesmith:EarthShield+1","Runesmith:CraftSpiculum","Runesmith:CraftProtectio+1"],"picked":"Singing Bowl","floor":41.0}],"player_experience":909902,"relics_obtained":[{"floor":6.0,"key":"AT_BellowingDragoncrestRing"},{"floor":11.0,"key":"Sundial"},{"floor":13.0,"key":"The Courier"},{"floor":15.0,"key":"Singing Bowl"},{"floor":23.0,"key":"Gremlin Horn"},{"floor":24.0,"key":"Ancient Tea Set"},{"floor":25.0,"key":"CeramicFish"},{"floor":26.0,"key":"Toy Ornithopter"},{"floor":29.0,"key":"Potion Belt"},{"floor":32.0,"key":"Juzu Bracelet"},{"floor":39.0,"key":"Prayer Wheel"},{"floor":40.0,"key":"Matryoshka"}],"event_choices":[{"damage_healed":0.0,"max_hp_gain":0.0,"max_hp_loss":0.0,"gold_gain":0.0,"event_name":"Scrap Ooze","player_choice":"Success","floor":4.0,"gold_loss":0.0,"damage_taken":12.0,"relics_obtained":["Lizard Tail"]},{"damage_healed":0.0,"max_hp_gain":0.0,"max_hp_loss":0.0,"gold_gain":0.0,"event_name":"Dead Adventurer","player_choice":"Searched \u00271\u0027 times","floor":8.0,"gold_loss":0.0,"damage_taken":0.0,"relics_obtained":["Centennial Puzzle"]},{"damage_healed":17.0,"max_hp_gain":0.0,"max_hp_loss":0.0,"gold_gain":0.0,"event_name":"The Cleric","player_choice":"Healed","floor":10.0,"gold_loss":35.0,"damage_taken":0.0},{"cards_removed":["Runesmith:Strike_RS"],"damage_healed":0.0,"max_hp_gain":0.0,"max_hp_loss":0.0,"gold_gain":0.0,"event_name":"Golden Wing","player_choice":"Card Removal","floor":14.0,"gold_loss":0.0,"damage_taken":7.0},{"damage_healed":0.0,"max_hp_gain":0.0,"max_hp_loss":0.0,"gold_gain":100.0,"event_name":"Golden Shrine","player_choice":"Pray","floor":21.0,"gold_loss":0.0,"damage_taken":0.0},{"damage_healed":0.0,"max_hp_gain":0.0,"max_hp_loss":0.0,"gold_gain":0.0,"event_name":"SensoryStone","player_choice":"Memory 3","floor":37.0,"gold_loss":0.0,"damage_taken":10.0},{"damage_healed":0.0,"max_hp_gain":0.0,"max_hp_loss":0.0,"gold_gain":0.0,"event_name":"Mysterious Sphere","player_choice":"Fight","floor":39.0,"gold_loss":0.0,"damage_taken":0.0}],"is_beta":false,"boss_relics":[{"not_picked":["Runic Dome","Astrolabe"],"picked":"Fusion Hammer"},{"not_picked":["AT_MortalBlade","Black Star"],"picked":"Runesmith:CoreCrystal"}],"items_purged_floors":[28,36],"is_endless":false,"potions_floor_spawned":[1,2,5,7,20,29,30,31,33,40],"killed_by":"Reptomancer","ascension_level":12}}