{"host":"xumidyqji6pg2yy3","time":1613404268,"event":{"mods":["Act Like it!","BaseMod","Gensokyo","Minty Spire (QoL Compilation)","StSLib","WarShipGirlsR/’ΩΩ¢…Ÿ≈ÆR mod"],"gold_per_floor":[113,113,127,127,127,162,180,210,257,155,155,55,55,55,55,153,153,170,185,14,14,14,14,32,32,55,73,73,291,166,0,0,103,103,115,95,95,95,106,439,44,75,125,125,125,143,143,163,163,163,163,163,163,195,195],"floor_reached":56,"language":"ZHS","playtime":3813,"items_purged":["Pain","rmod:strick","rmod:maingunfire","rmod:defend"],"score":1409,"play_id":"510a522e-f4f8-4d17-a12f-db8a8a19aba8","local_time":"20210215235108","is_ascension_mode":false,"campfire_choices":[{"data":"rmod:expedition","floor":11.0,"key":"SMITH"},{"data":"rmod:expedition+1","floor":13.0,"key":"SMITH"},{"floor":15.0,"key":"REST"},{"data":"rmod:expedition+2","floor":23.0,"key":"SMITH"},{"data":"rmod:robin","floor":25.0,"key":"SMITH"},{"data":"rmod:aviationdawn","floor":32.0,"key":"SMITH"},{"floor":44,"key":"RECALL"},{"data":"rmod:royalracing","floor":47,"key":"SMITH"},{"data":"rmod:ridicule","floor":49,"key":"SMITH"},{"data":"rmod:victimresponsibility","floor":52,"key":"SMITH"}],"circlet_count":0,"master_deck":["rmod:defend","rmod:defend+1","rmod:expedition+3","rmod:victimresponsibility+1","rmod:aviationdawn+1","rmod:fuelsupply+1","rmod:royalracing+1","rmod:robin+1","rmod:smokecover+1","rmod:royalracing+1","rmod:ridicule+1","rmod:aluminumsupply+1","Gensokyo:LifeSpringInfinity+1"],"relics":["NeowsBlessing","Gensokyo:LunaticRedEyes","Bottled Lightning","Strawberry","rmod:monthlycard","Orrery","Dream Catcher","rmod:mogul","Bird Faced Urn","rmod:equipmentrecovery","Torii","Nunchaku"],"acts_visited":["Exordium","Gensokyo:Gensokyo","Gensokyo:Gensokyoer","TheEnding"],"potions_floor_usage":[],"damage_taken":[{"damage":0.0,"enemies":"Gensokyo:2_Kodama","floor":1.0,"turns":1.0},{"damage":0.0,"enemies":"Gensokyo:Python","floor":3.0,"turns":1.0},{"damage":1.0,"enemies":"Gensokyo:Aya","floor":6.0,"turns":1.0},{"damage":2.0,"enemies":"Gensokyo:3_Fairies","floor":7.0,"turns":4.0},{"damage":12.0,"enemies":"Gensokyo:Cirno","floor":8.0,"turns":7.0},{"damage":5.0,"enemies":"Gensokyo:Kokoro","floor":16.0,"turns":12.0},{"damage":13.0,"enemies":"Gensokyo:AngelMirror","floor":18.0,"turns":4.0},{"damage":4.0,"enemies":"Gensokyo:Chomper","floor":19.0,"turns":5.0},{"damage":10.0,"enemies":"Gensokyo:Mirror_and_Dog","floor":24.0,"turns":6.0},{"damage":7.0,"enemies":"Gensokyo:Chomper_and_Gloop","floor":27.0,"turns":5.0},{"damage":0.0,"enemies":"Gensokyo:Swordslinger","floor":29.0,"turns":3.0},{"damage":0.0,"enemies":"Gensokyo:Kaguya","floor":33.0,"turns":7.0},{"damage":0.0,"enemies":"Gensokyo:3_Boulders","floor":35.0,"turns":5.0},{"damage":0.0,"enemies":"Gensokyo:3_Boulders","floor":37.0,"turns":5.0},{"damage":0.0,"enemies":"Gensokyo:3_Bats","floor":39.0,"turns":3.0},{"damage":0.0,"enemies":"Gensokyo:Marisa","floor":40.0,"turns":3.0},{"damage":0.0,"enemies":"Gensokyo:Doremy","floor":42.0,"turns":3.0},{"damage":0,"enemies":"Gensokyo:SeedOfUnknown","floor":46,"turns":2},{"damage":0,"enemies":"Gensokyo:Dusk_and_Dawn","floor":48,"turns":1},{"damage":0,"enemies":"Gensokyo:Scarlet_Devils","floor":50,"turns":1},{"damage":0,"enemies":"Shield and Spear","floor":54,"turns":1},{"damage":6,"enemies":"The Heart","floor":55,"turns":4}],"seed_played":"161929812098905260","potions_obtained":[{"floor":1.0,"key":"BlessingOfTheForge"},{"floor":3.0,"key":"DuplicationPotion"},{"floor":8.0,"key":"FearPotion"},{"floor":24.0,"key":"Swift Potion"},{"floor":29.0,"key":"PowerPotion"},{"floor":39.0,"key":"Energy Potion"},{"floor":42.0,"key":"PowerPotion"}],"is_trial":false,"path_per_floor":["M","?","M","?","?","E","M","E","T","$","R","$","R","?","R","B",null,"M","M","COS","$","?","R","M","R","T","M","$","M","$","?","R","B",null,"M","COS","?","?","M","E","$","E","T","R","?","M","R","M","R","B",null,"R","$","E","B",null],"character_chosen":"PRAEFECT","items_purchased":["rmod:aviationdawn","rmod:equipmentrecovery"],"campfire_rested":1,"item_purchase_floors":[10,41],"current_hp_per_floor":[75,75,75,75,75,74,72,60,67,67,67,67,67,35,59,54,82,69,65,65,65,65,65,55,55,55,48,48,48,48,48,48,48,82,82,82,82,82,82,82,82,82,82,82,82,82,82,82,82,82,82,82,82,82,78],"gold":195,"neow_bonus":"THREE_ENEMY_KILL","is_daily":false,"chose_seed":false,"campfire_upgraded":8,"win_rate":0.0,"timestamp":1613404268,"path_taken":["M","?","M","?","?","E","M","E","T","$","R","$","R","?","R","BOSS","M","?","COS","?","?","R","?","R","T","M","$","M","$","?","R","BOSS","M","COS","?","?","M","E","$","E","T","R","?","M","R","M","R","BOSS","R","$","E","BOSS"],"items_purchased_type":["Card","Relic"],"build_version":"2020-12-22","purchased_purges":4,"victory":true,"max_hp_per_floor":[75,75,75,75,75,75,75,75,82,82,82,82,82,82,82,82,82,82,82,82,82,82,82,82,82,82,82,82,82,82,82,82,82,82,82,82,82,82,82,82,82,82,82,82,82,82,82,82,82,82,82,82,82,82,82],"card_choices":[{"not_picked":["rmod:wasp","rmod:unsinkable"],"picked":"rmod:maintain","floor":1.0},{"not_picked":["rmod:guardianhero","rmod:selfconfidence","rmod:combined"],"picked":"SKIP","floor":3.0},{"not_picked":["rmod:combined","rmod:victimresponsibility"],"picked":"rmod:expedition","floor":6.0},{"not_picked":["rmod:wife","rmod:intelligenceanalysis","rmod:fletcherpendant"],"picked":"SKIP","floor":7.0},{"not_picked":["rmod:maintain","rmod:ammunitionsupply"],"picked":"rmod:victimresponsibility","floor":8.0},{"not_picked":["rmod:acesubmarine","rmod:supriseattacks"],"picked":"rmod:stealaluminum","floor":16.0},{"not_picked":["rmod:guardianhero","rmod:unsinkable","rmod:selfconfidence+1"],"picked":"SKIP","floor":18.0},{"not_picked":["rmod:generalist","rmod:highspeedshooting+1"],"picked":"rmod:supportaircraftcarrier","floor":19.0},{"not_picked":["rmod:victimresponsibility","rmod:capitalist"],"picked":"rmod:fuelsupply+1","floor":20.0},{"not_picked":["rmod:unsinkable","rmod:circuitoustactics"],"picked":"rmod:royalracing+1","floor":20.0},{"not_picked":["rmod:highspeedshooting","rmod:launchingtorpedo+1"],"picked":"rmod:robin","floor":24.0},{"not_picked":["rmod:heivgo","rmod:intelligenceanalysis+1"],"picked":"rmod:smokecover+1","floor":27.0},{"not_picked":["rmod:tearstotiara","rmod:chargemoney"],"picked":"rmod:royalracing","floor":29.0},{"not_picked":["rmod:windflower","rmod:lastglory"],"picked":"rmod:ridicule","floor":33.0},{"not_picked":["rmod:garrisonisland+1","rmod:generalist"],"picked":"rmod:aluminumsupply+1","floor":35.0},{"not_picked":["Gensokyo:Dawn+1","Gensokyo:RisingWorld+1"],"picked":"Gensokyo:LifeSpringInfinity+1","floor":37.0},{"not_picked":["rmod:unsinkable","rmod:gendarmerie","rmod:robin+1"],"picked":"SKIP","floor":39.0},{"not_picked":["rmod:ammunitionsupply+1","rmod:luckystar","rmod:circuitoustactics+1"],"picked":"SKIP","floor":40.0},{"not_picked":["rmod:luckystar+1","rmod:intelligenceanalysis+1","rmod:aviationdawn"],"picked":"SKIP","floor":42.0},{"not_picked":["rmod:fletcherpendant+1","rmod:aviationdawn+1","rmod:highspeedmaneuver"],"picked":"SKIP","floor":46},{"not_picked":["rmod:goodsister","rmod:luckystar+1","rmod:lonelyqueen+1"],"picked":"SKIP","floor":48},{"not_picked":["rmod:stealaluminum","rmod:circuitoustactics","rmod:lonelyqueen+1"],"picked":"SKIP","floor":54}],"player_experience":86687,"relics_obtained":[{"floor":6.0,"key":"Bottled Lightning"},{"floor":8.0,"key":"Bag of Preparation"},{"floor":9.0,"key":"Strawberry"},{"floor":26.0,"key":"Dream Catcher"},{"floor":40.0,"key":"Bird Faced Urn"},{"floor":42.0,"key":"Torii"},{"floor":54,"key":"Nunchaku"}],"event_choices":[],"is_beta":false,"boss_relics":[{"not_picked":["SacredBark","Fusion Hammer"],"picked":"rmod:monthlycard"},{"not_picked":["Runic Pyramid","Sozu"],"picked":"rmod:mogul"}],"items_purged_floors":[10,12,30,41],"is_endless":false,"potions_floor_spawned":[1,3,8,24,29,39,42,46,54],"ascension_level":0}}