{"host":"2qyxu97h6u4ukicb","time":1613351983,"event":{"mods":["AchievementEnabler","BaseMod","BetterRewards","Colored Map","Colored Powertips","Minty Spire (QoL Compilation)","Replay The Spire","Shop Mod","StSLib"],"gold_per_floor":[116,169,169,186,186,221,221,239,266,266,278,278,278,278,278,376,376,391,404,404,329,329,329,347,364,441,441,467,118,118,118,118,118,118,219,219,230,280,280,291,370,370,400,400,427,440,440,440,440,458,458,458,458],"floor_reached":52,"language":"ENG","playtime":3079,"items_purged":["Regret"],"score":569,"play_id":"77eebfba-35c8-4fac-8f38-7569e13ebe67","local_time":"20210214191943","is_ascension_mode":false,"campfire_choices":[{"data":"Infernal Blade","floor":10,"key":"SMITH"},{"data":"Thunderclap","floor":13,"key":"SMITH"},{"data":"Rage","floor":15,"key":"SMITH"},{"data":"Demon Form","floor":32,"key":"SMITH"},{"data":"Demon Form","floor":34,"key":"SMITH"},{"floor":42,"key":"REST"},{"data":"Demon Form","floor":49,"key":"SMITH"},{"floor":51,"key":"REST"}],"circlet_count":0,"master_deck":["Strike_R","Strike_R","Strike_R","Strike_R","Strike_R","Defend_R","Defend_R","Defend_R+1","Defend_R+1","Bash","Rage+1","Infernal Blade+1","Iron Wave","Iron Wave+1","Thunderclap+1","Limit Break+1","Headbutt+1","Clash","Cleave","Clothesline","Demon Form+1","Demon Form+1","Feed","CurseOfTheBell","Flex+1","Demon Form+1","Anger+1"],"relics":["Burning Blood","NeowsBlessing","Chameleon Ring","Strawberry","Replay:Mystery Machine","Ooze Armor","ReplayTheSpireMod:Ring of Exchange","Ring of Peace","Onion Ring","Matryoshka","Dream Catcher","MerchantsRug","ReplayTheSpireMod:Lightbulb","Letter Opener","Du-Vu Doll","Bag of Preparation","Vajra"],"acts_visited":["Exordium","TheCity","TheBeyond"],"potions_floor_usage":[8,16,16,16,24,24,24,28,28,35,38,38,43,46,50],"damage_taken":[{"damage":0,"enemies":"Small Slimes","floor":1,"turns":1},{"damage":0,"enemies":"Jaw Worm","floor":4,"turns":1},{"damage":0,"enemies":"3 Sentries","floor":6,"turns":2},{"damage":0,"enemies":"Cultist","floor":8,"turns":3},{"damage":0,"enemies":"Large Slime","floor":11,"turns":6},{"damage":30,"enemies":"Hexaghost","floor":16,"turns":6},{"damage":31,"enemies":"2 Thieves","floor":18,"turns":5},{"damage":13,"enemies":"3 Byrds","floor":19,"turns":6},{"damage":1,"enemies":"Snecko","floor":24,"turns":5},{"damage":0,"enemies":"Snake Plant","floor":25,"turns":2},{"damage":19,"enemies":"Book of Stabbing","floor":28,"turns":5},{"damage":61,"enemies":"Collector","floor":35,"turns":9},{"damage":48,"enemies":"3 Shapes","floor":37,"turns":5},{"damage":10,"enemies":"Mind Bloom Boss Battle","floor":38,"turns":5},{"damage":2,"enemies":"3 Darklings","floor":40,"turns":4},{"damage":28,"enemies":"Giant Head","floor":43,"turns":7},{"damage":0,"enemies":"Transient","floor":46,"turns":5},{"damage":22,"enemies":"4 Shapes","floor":50,"turns":2},{"damage":102,"enemies":"Donu and Deca","floor":52,"turns":6}],"seed_played":"662230226202235498","potions_obtained":[{"floor":1,"key":"Reflective Coating"},{"floor":2,"key":"SneckoOil"},{"floor":6,"key":"Dexterity Potion"},{"floor":11,"key":"PowerPotion"},{"floor":19,"key":"PowerPotion"},{"floor":23,"key":"Energy Potion"},{"floor":23,"key":"SpeedPotion"},{"floor":25,"key":"Flashbang"},{"floor":27,"key":"FairyPotion"},{"floor":27,"key":"FearPotion"},{"floor":28,"key":"EssenceOfSteel"},{"floor":35,"key":"Energy Potion"},{"floor":37,"key":"DuplicationPotion"},{"floor":38,"key":"Energy Potion"},{"floor":40,"key":"LifebloodPotion"}],"is_trial":false,"path_per_floor":["M","?","$","M","$","E","?","M","T","R","M","?","R","?","R","B",null,"M","M","?","?","T","R","M","M","T","R","E","$","PTL","PTL","R","?","R","B",null,"M","?","?","M","$","R","E","?","T","M","?","?","R","M","R","B"],"character_chosen":"IRONCLAD","items_purchased":["MerchantsRug","Demon Form","Explosive Potion"],"campfire_rested":2,"item_purchase_floors":[29,29,41],"current_hp_per_floor":[80,60,60,66,66,72,72,78,85,85,87,87,87,87,87,63,87,62,55,55,55,55,55,60,66,66,66,53,53,53,53,53,53,53,45,87,48,58,58,62,62,93,71,71,71,77,77,77,77,61,92,0,0],"gold":458,"neow_bonus":"THREE_ENEMY_KILL","is_daily":false,"chose_seed":false,"campfire_upgraded":6,"win_rate":0.0,"timestamp":1613351983,"path_taken":["M","?","?","M","$","E","?","M","T","R","?","?","R","?","R","BOSS","M","M","?","?","?","R","M","?","T","R","E","$","PTL","PTL","R","?","R","BOSS","M","?","?","?","?","R","E","?","T","M","?","?","R","M","R","BOSS"],"items_purchased_type":["Relic","Card","Potion"],"build_version":"2020-12-22","purchased_purges":1,"victory":false,"max_hp_per_floor":[80,80,80,80,80,80,80,80,87,87,87,87,87,87,87,87,87,87,87,87,87,87,87,87,87,87,87,87,87,87,87,87,87,87,87,87,90,104,104,104,104,104,104,104,104,104,104,104,104,104,104,104,104],"card_choices":[{"not_picked":["Dropkick","Bloodletting"],"picked":"Rage","floor":1},{"not_picked":["Clash","Body Slam"],"picked":"Infernal Blade","floor":4},{"not_picked":["ReplayTheSpireMod:Corrosion Curse","Hemokinesis"],"picked":"Iron Wave","floor":6},{"not_picked":["Blood for Blood","Run Through"],"picked":"Iron Wave","floor":8},{"not_picked":["Clothesline","Flex"],"picked":"Thunderclap","floor":11},{"not_picked":["Fiend Fire","Exhume"],"picked":"Limit Break","floor":16},{"not_picked":["Run Through","Sword Boomerang+1"],"picked":"Headbutt+1","floor":18},{"not_picked":["Evolve+1","Warcry+1"],"picked":"Clash","floor":19},{"not_picked":["Warcry+1","ReplayTheSpireMod:LeadingStrike+1"],"picked":"Cleave","floor":24},{"not_picked":["Perfected Strike","ReplayReversal+1"],"picked":"Clothesline","floor":25},{"not_picked":["Life Link","Demonic Infusion"],"picked":"Demon Form","floor":28},{"not_picked":["Hemogenesis","Exhume"],"picked":"Feed","floor":35},{"not_picked":["Perfected Strike","Havoc+1","Heavy Blade"],"picked":"SKIP","floor":37},{"not_picked":["ReplayTheSpireMod:Strike From Hell","Iron Wave"],"picked":"Fire Breathing+1","floor":38},{"not_picked":["Intimidate+1","Bloodletting+1"],"picked":"Flex+1","floor":40},{"not_picked":["Rupture+1","Infernal Blade+1"],"picked":"Demon Form","floor":42},{"not_picked":["Body Slam+1","Evolve+1","Perfected Strike+1"],"picked":"SKIP","floor":43},{"not_picked":["Fire Breathing+1","Disarm+1","Bloodletting+1"],"picked":"SKIP","floor":46},{"not_picked":["ReplayTheSpireMod:Corrosion Curse","Combust+1","Run Through+1"],"picked":"SKIP","floor":50},{"not_picked":["Body Slam","Pummel+1"],"picked":"Anger+1","floor":51}],"player_experience":820704,"relics_obtained":[{"floor":2,"key":"Chameleon Ring"},{"floor":6,"key":"War Paint"},{"floor":9,"key":"Strawberry"},{"floor":20,"key":"ReplayTheSpireMod:Ring of Exchange"},{"floor":20,"key":"Ring of Peace"},{"floor":22,"key":"Onion Ring"},{"floor":26,"key":"Matryoshka"},{"floor":28,"key":"Dream Catcher"},{"floor":36,"key":"ReplayTheSpireMod:Lightbulb"},{"floor":36,"key":"Letter Opener"},{"floor":36,"key":"Replay:PocketPolymizer"},{"floor":38,"key":"Mango"},{"floor":43,"key":"Du-Vu Doll"},{"floor":45,"key":"Bag of Preparation"},{"floor":45,"key":"Vajra"}],"event_choices":[{"damage_healed":0,"gold_gain":0,"player_choice":"Ignored","damage_taken":0,"max_hp_gain":0,"max_hp_loss":0,"event_name":"NoteForYourself","floor":7,"gold_loss":0},{"damage_healed":0,"gold_gain":0,"player_choice":"Box","damage_taken":0,"relics_obtained":["Replay:Mystery Machine"],"max_hp_gain":0,"max_hp_loss":0,"event_name":"Big Fish","floor":12,"gold_loss":0,"cards_obtained":["Regret"]},{"damage_healed":0,"gold_gain":0,"player_choice":"Grow","damage_taken":0,"max_hp_gain":0,"max_hp_loss":0,"event_name":"Living Wall","floor":14,"gold_loss":0,"cards_upgraded":["Iron Wave"]},{"cards_removed":["Looming Evil"],"damage_healed":0,"gold_gain":0,"player_choice":"Gave Gold","damage_taken":0,"max_hp_gain":0,"max_hp_loss":0,"event_name":"Beggar","floor":21,"gold_loss":75},{"damage_healed":0,"gold_gain":0,"player_choice":"Ignored","damage_taken":0,"max_hp_gain":0,"max_hp_loss":0,"event_name":"Ghosts","floor":33,"gold_loss":0},{"damage_healed":0,"gold_gain":0,"player_choice":"Fight","damage_taken":0,"max_hp_gain":0,"max_hp_loss":0,"event_name":"MindBloom","floor":38,"gold_loss":0},{"damage_healed":0,"gold_gain":0,"player_choice":"Upgraded","damage_taken":0,"max_hp_gain":0,"max_hp_loss":0,"event_name":"Upgrade Shrine","floor":39,"gold_loss":0,"cards_upgraded":["Limit Break"]},{"cards_removed":["Fire Breathing"],"damage_healed":0,"gold_gain":0,"player_choice":"Removed Power","damage_taken":0,"max_hp_gain":0,"max_hp_loss":0,"event_name":"Falling","floor":44,"gold_loss":0},{"damage_healed":0,"gold_gain":0,"player_choice":"Ignored","damage_taken":0,"max_hp_gain":0,"max_hp_loss":0,"event_name":"Tomb of Lord Red Mask","floor":47,"gold_loss":0},{"damage_healed":0,"gold_gain":0,"player_choice":"Memory 1","damage_taken":0,"max_hp_gain":0,"max_hp_loss":0,"event_name":"SensoryStone","floor":48,"gold_loss":0}],"is_beta":false,"boss_relics":[{"not_picked":["Replay:Ancient Bell","Replay:Drink Me"],"picked":"Ooze Armor"},{"not_picked":["Empty Cage","Sling"],"picked":"Calling Bell"}],"items_purged_floors":[29],"is_endless":false,"potions_floor_spawned":[1,6,11,19,25,28,35,37,38,40],"killed_by":"Donu and Deca","ascension_level":0}}