{"host":"fbdlh90rovbiajun","time":1613349898,"event":{"mods":["AchievementEnabler","BaseMod","Colored Map","Keyboard Shortcuts","Minty Spire (QoL Compilation)","SuperFastMode"],"gold_per_floor":[112,130,55,5,180,180,42,42,42,62,62,81,81,130,130,233,233,233],"floor_reached":17,"language":"KOR","playtime":494,"items_purged":["Strike_G"],"score":143,"play_id":"5513d061-6992-4248-9c52-4ff1555b17fa","local_time":"20210215094458","is_ascension_mode":false,"campfire_choices":[{"data":"Quick Slash","floor":6,"key":"SMITH"},{"data":"Corpse Explosion","floor":8,"key":"SMITH"},{"data":"Poisoned Stab","floor":11,"key":"SMITH"},{"data":"Survivor","floor":15,"key":"SMITH"}],"circlet_count":0,"master_deck":["Strike_G+1","Strike_G","Strike_G","Defend_G","Defend_G","Defend_G","Defend_G","Defend_G","Survivor+1","Neutralize","Quick Slash+1","Catalyst+1","Doubt","Corpse Explosion+1","Poisoned Stab+1","Burst"],"relics":["Ring of the Snake","NeowsBlessing","Pear","Pen Nib","Busted Crown"],"acts_visited":["Exordium","TheCity"],"potions_floor_usage":[],"damage_taken":[{"damage":0,"enemies":"Small Slimes","floor":1,"turns":1},{"damage":0,"enemies":"2 Louse","floor":2,"turns":1},{"damage":0,"enemies":"Jaw Worm","floor":10,"turns":1},{"damage":6,"enemies":"Lots of Slimes","floor":12,"turns":2},{"damage":26,"enemies":"Hexaghost","floor":16,"turns":8}],"seed_played":"4087825093182351383","potions_obtained":[{"floor":2,"key":"Block Potion"},{"floor":10,"key":"Swift Potion"}],"is_trial":false,"path_per_floor":["M","M","$","?","?","R","$","R","T","M","R","M","?","T","R","B",null],"character_chosen":"THE_SILENT","items_purchased":["Corpse Explosion"],"campfire_rested":0,"item_purchase_floors":[7],"current_hp_per_floor":[70,70,70,70,70,70,70,70,80,80,80,74,58,58,58,32,80,80],"gold":233,"neow_bonus":"THREE_ENEMY_KILL","is_daily":false,"chose_seed":false,"campfire_upgraded":4,"win_rate":0.0,"timestamp":1613349898,"path_taken":["M","M","$","?","?","R","?","R","T","?","R","M","?","?","R","BOSS"],"items_purchased_type":["Card"],"build_version":"2020-12-22","purchased_purges":1,"victory":false,"max_hp_per_floor":[70,70,70,70,70,70,70,70,80,80,80,80,80,80,80,80,80,80],"card_choices":[{"not_picked":["Backflip","Prepared"],"picked":"Quick Slash","floor":1},{"not_picked":["Bane","PiercingWail"],"picked":"Catalyst","floor":2},{"not_picked":["Flying Knee","Choke"],"picked":"Poisoned Stab","floor":10},{"not_picked":["Acrobatics","Underhanded Strike","Bouncing Flask"],"picked":"SKIP","floor":12},{"not_picked":["Tools of the Trade","Corpse Explosion"],"picked":"Burst","floor":16}],"player_experience":53226,"relics_obtained":[{"floor":9,"key":"Pear"},{"floor":14,"key":"Pen Nib"}],"event_choices":[{"cards_removed":["Strike_G"],"damage_healed":0,"gold_gain":0,"player_choice":"Card Removal","damage_taken":0,"max_hp_gain":0,"max_hp_loss":0,"event_name":"The Cleric","floor":4,"gold_loss":50},{"damage_healed":0,"gold_gain":175,"player_choice":"AGREE","damage_taken":0,"max_hp_gain":0,"max_hp_loss":0,"event_name":"Liars Game","floor":5,"gold_loss":0,"cards_obtained":["Doubt"]},{"damage_healed":0,"gold_gain":0,"player_choice":"Entered Light","damage_taken":16,"max_hp_gain":0,"max_hp_loss":0,"event_name":"Shining Light","floor":13,"gold_loss":0,"cards_upgraded":["Catalyst","Strike_G"]}],"is_beta":false,"boss_relics":[{"not_picked":["WristBlade","Fusion Hammer"],"picked":"Busted Crown"}],"items_purged_floors":[3],"is_endless":false,"potions_floor_spawned":[2,10],"ascension_level":0}}