{"host":"AZZAM","time":1613348042,"event":{"mods":["BaseMod","Colored Map","Highlight Path","Minty Spire (QoL Compilation)","Relic Stats","Unceasing Turn Reminder"],"gold_per_floor":[112,129,54,54,78,78,112,112,112,112,112,150,170,210,210,210,210],"floor_reached":16,"language":"ENG","playtime":376,"items_purged":["Strike_B"],"score":142,"play_id":"19e66852-d39c-4f31-9b47-211fcc85f3fc","local_time":"20210215031402","is_ascension_mode":true,"campfire_choices":[{"data":"Melter","floor":6,"key":"SMITH"},{"data":"Consume","floor":8,"key":"SMITH"},{"data":"Reboot","floor":11,"key":"SMITH"},{"data":"Biased Cognition","floor":15,"key":"SMITH"}],"circlet_count":0,"master_deck":["Strike_B","Strike_B","Strike_B","Defend_B","Defend_B","Defend_B","Defend_B","Zap","Dualcast","Reboot+1","Melter+1","Steam Power","Go for the Eyes","Consume+1","Biased Cognition+1","Turbo","Coolheaded"],"relics":["Cracked Core","Golden Idol","Meat on the Bone","Ornamental Fan","Art of War","Bottled Tornado"],"acts_visited":["Exordium"],"potions_floor_usage":[7,14,16],"damage_taken":[{"damage":0,"enemies":"2 Louse","floor":1,"turns":2},{"damage":0,"enemies":"Small Slimes","floor":2,"turns":2},{"damage":1,"enemies":"Cultist","floor":5,"turns":3},{"damage":22,"enemies":"3 Sentries","floor":7,"turns":5},{"damage":21,"enemies":"Lagavulin","floor":12,"turns":5},{"damage":16,"enemies":"Lots of Slimes","floor":13,"turns":4},{"damage":32,"enemies":"3 Sentries","floor":14,"turns":5},{"damage":15,"enemies":"Hexaghost","floor":16,"turns":7}],"seed_played":"-3040513486478664513","potions_obtained":[{"floor":1,"key":"Explosive Potion"},{"floor":2,"key":"Weak Potion"},{"floor":12,"key":"ColorlessPotion"}],"is_trial":false,"path_per_floor":["M","M","$","?","M","R","E","R","T","?","R","E","M","E","R","B"],"character_chosen":"DEFECT","items_purchased":[],"campfire_rested":0,"item_purchase_floors":[],"current_hp_per_floor":[75,75,75,69,68,68,46,46,46,46,46,37,33,13,13,0,0],"gold":210,"neow_bonus":"ONE_RANDOM_RARE_CARD","is_daily":false,"chose_seed":false,"campfire_upgraded":4,"win_rate":0.0,"timestamp":1613348042,"path_taken":["M","M","$","?","M","R","E","R","T","?","R","E","M","E","R","BOSS"],"items_purchased_type":[],"build_version":"2020-12-18","purchased_purges":1,"victory":false,"max_hp_per_floor":[75,75,75,69,69,69,69,69,69,69,69,69,69,69,69,69,69],"relic_stats":{"counters":[8,33],"Golden Idol":32,"Ornamental Fan":[4],"Art of War":[3],"obtain_stats":[{"Golden Idol":4,"Ornamental Fan":9,"Art of War":12,"Bottled Tornado":14,"Cracked Core":0,"Meat on the Bone":7},{"Golden Idol":2,"Ornamental Fan":4,"Art of War":5,"Bottled Tornado":7,"Cracked Core":0,"Meat on the Bone":4},{"Golden Idol":4,"Ornamental Fan":12,"Art of War":17,"Bottled Tornado":26,"Cracked Core":0,"Meat on the Bone":12}],"Meat on the Bone":36},"card_choices":[{"not_picked":["Hologram","Leap"],"picked":"Melter","floor":1},{"not_picked":["Compile Driver","Reinforced Body"],"picked":"Steam Power","floor":2},{"not_picked":["Skim","Steam Power"],"picked":"Go for the Eyes","floor":5},{"not_picked":["Leap","Barrage"],"picked":"Consume","floor":7},{"not_picked":["Skim","Fusion"],"picked":"Biased Cognition","floor":12},{"not_picked":["Scrape","Static Discharge"],"picked":"Turbo","floor":13},{"not_picked":["Cold Snap","Buffer"],"picked":"Coolheaded","floor":14}],"player_experience":89359,"relics_obtained":[{"floor":7,"key":"Meat on the Bone"},{"floor":9,"key":"Ornamental Fan"},{"floor":12,"key":"Art of War"},{"floor":14,"key":"Bottled Tornado"}],"event_choices":[{"damage_healed":0,"gold_gain":0,"player_choice":"Lose Max HP","damage_taken":0,"relics_obtained":["Golden Idol"],"max_hp_gain":0,"max_hp_loss":6,"event_name":"Golden Idol","floor":4,"gold_loss":0},{"damage_healed":0,"gold_gain":0,"player_choice":"Ignored","damage_taken":0,"max_hp_gain":0,"max_hp_loss":0,"event_name":"Liars Game","floor":10,"gold_loss":0}],"is_beta":true,"boss_relics":[],"items_purged_floors":[3],"is_endless":false,"potions_floor_spawned":[1,2,12],"killed_by":"Hexaghost","ascension_level":4}}