{"host":"idjwbq71yrpkph1r","time":1613409361,"event":{"mods":["AchievementEnabler","Alarm Clock","BaseMod","Block Reminder","Colored Map","Colored Powertips","Curses Come First","Displayed Cursed Tome","Hermit","Minty Spire (QoL Compilation)","Monster B Gone","Rare Cards Sparkle","Relic Stats","StSLib","everything is the same but u backflip on backflip"],"gold_per_floor":[113,128,203,203,218,218,143,154,154,154,174,186,29,59,59],"floor_reached":14,"language":"ENG","playtime":448,"items_purged":["Strike_B"],"score":92,"play_id":"b234b287-b07b-4875-bf37-a6172f1d7466","local_time":"20210215181601","is_ascension_mode":false,"campfire_choices":[{"data":"Zap","floor":6,"key":"SMITH"},{"floor":10,"key":"REST"}],"circlet_count":0,"master_deck":["Strike_B","Strike_B","Strike_B","Defend_B","Defend_B","Defend_B","Zap+1","Dualcast"],"relics":["Nuclear Battery","Membership Card"],"acts_visited":["Exordium"],"potions_floor_usage":[14,14,14],"damage_taken":[{"damage":2,"enemies":"Jaw Worm","floor":1,"turns":4},{"damage":0,"enemies":"2 Louse","floor":2,"turns":3},{"damage":0,"enemies":"Cultist","floor":5,"turns":3},{"damage":2,"enemies":"Blue Slaver","floor":8,"turns":4},{"damage":2,"enemies":"Looter","floor":11,"turns":4},{"damage":6,"enemies":"2 Fungi Beasts","floor":12,"turns":3},{"damage":26,"enemies":"Lagavulin","floor":14,"turns":8}],"seed_played":"-4205283807778790419","potions_obtained":[{"floor":1,"key":"SteroidPotion"},{"floor":8,"key":"Fire Potion"},{"floor":11,"key":"EssenceOfSteel"}],"is_trial":false,"path_per_floor":["M","M","?","?","M","R","$","M","T","R","M","M","$","E"],"character_chosen":"DEFECT","items_purchased":["Membership Card"],"campfire_rested":1,"item_purchase_floors":[13],"current_hp_per_floor":[73,73,62,55,55,55,55,53,53,75,73,67,67,41,41],"gold":59,"neow_bonus":"BOSS_RELIC","is_daily":false,"chose_seed":false,"campfire_upgraded":1,"win_rate":0.0,"timestamp":1613409361,"path_taken":["M","M","?","?","M","R","?","M","T","R","M","M","$","E"],"items_purchased_type":["Relic"],"build_version":"2020-12-22","purchased_purges":1,"victory":false,"max_hp_per_floor":[75,75,75,75,75,75,75,75,75,75,75,75,75,75,75],"relic_stats":{"counters":[7,29],"obtain_stats":[{"Membership Card":13,"Cracked Core":0,"Nuclear Battery":0},{"Membership Card":6,"Cracked Core":0,"Nuclear Battery":0},{"Membership Card":21,"Cracked Core":0,"Nuclear Battery":0}]},"card_choices":[{"not_picked":["Lockon","Hologram","Conserve Battery"],"picked":"SKIP","floor":1},{"not_picked":["Leap","Rebound","Turbo"],"picked":"SKIP","floor":2},{"not_picked":["Ball Lightning","Stack","Defragment"],"picked":"SKIP","floor":5},{"not_picked":["Turbo","Sweeping Beam","Compile Driver"],"picked":"SKIP","floor":8},{"not_picked":["Static Discharge","Redo","Genetic Algorithm"],"picked":"SKIP","floor":11},{"not_picked":["Streamline","Cold Snap","Skim"],"picked":"SKIP","floor":12},{"not_picked":["Machine Learning","Static Discharge","Aggregate"],"picked":"SKIP","floor":14}],"player_experience":355523,"relics_obtained":[],"event_choices":[{"damage_healed":0,"gold_gain":75,"player_choice":"Gather Gold","damage_taken":11,"max_hp_gain":0,"max_hp_loss":0,"event_name":"World of Goop","floor":3,"gold_loss":0},{"cards_removed":["Defend_B"],"damage_healed":0,"gold_gain":0,"player_choice":"Card Removal","damage_taken":7,"max_hp_gain":0,"max_hp_loss":0,"event_name":"Golden Wing","floor":4,"gold_loss":0}],"is_beta":false,"boss_relics":[],"items_purged_floors":[7],"is_endless":false,"potions_floor_spawned":[1,8,11],"killed_by":"Lagavulin","ascension_level":0}}