{"host":"91blwi3hgehj6ch9","time":1613411271,"event":{"mods":["2.2 Compatiblity","AchievementEnabler","BaseMod","Colored Map","DeckTracker","Keyboard Shortcuts","Minty Spire (QoL Compilation)","Permanent Neow","StSLib","SuperFastMode","everything is the same but u backflip on backflip"],"gold_per_floor":[118,118,118,137,185,185,215,45,121,155,175,175,195,95,95,200,200,215,215,230,230,8,34,34,34,34],"floor_reached":25,"language":"KOR","playtime":661,"items_purged":["Strike_R","Strike_R","Strike_R"],"score":341,"play_id":"821252be-8f07-4cc6-8ec9-3cea7be78816","local_time":"20210216024751","is_ascension_mode":true,"campfire_choices":[{"data":"Immolate","floor":6.0,"key":"SMITH"},{"data":"Evolve","floor":12.0,"key":"SMITH"},{"data":"Pommel Strike","floor":15.0,"key":"SMITH"},{"data":"Offering","floor":24,"key":"SMITH"}],"circlet_count":0,"master_deck":["AscendersBane","Strike_R","Defend_R","Defend_R","Defend_R","Defend_R","Bash","Immolate+1","Inflame","Evolve+1","Shrug It Off","Burning Pact","Power Through","Pommel Strike+1","Offering","Uppercut+1","Offering+1","Reaper","Flash of Steel"],"relics":["Black Blood","Nunchaku","Pantograph","HornCleat","Calipers","Ancient Tea Set"],"acts_visited":["Exordium","TheCity"],"potions_floor_usage":[],"damage_taken":[{"damage":1.0,"enemies":"2 Louse","floor":1.0,"turns":2.0},{"damage":7.0,"enemies":"Jaw Worm","floor":4.0,"turns":3.0},{"damage":17.0,"enemies":"3 Sentries","floor":7.0,"turns":6.0},{"damage":14.0,"enemies":"Gremlin Nob","floor":10.0,"turns":4.0},{"damage":0.0,"enemies":"Cultist","floor":11.0,"turns":4.0},{"damage":9.0,"enemies":"3 Louse","floor":13.0,"turns":3.0},{"damage":20.0,"enemies":"Slime Boss","floor":16.0,"turns":8.0},{"damage":17.0,"enemies":"2 Thieves","floor":18.0,"turns":3.0},{"damage":27.0,"enemies":"3 Byrds","floor":20.0,"turns":4.0},{"damage":44,"enemies":"Book of Stabbing","floor":23,"turns":7},{"damage":24,"enemies":"Cultist and Chosen","floor":25,"turns":4}],"seed_played":"9221534635535698104","potions_obtained":[{"floor":10.0,"key":"CultistPotion"},{"floor":13.0,"key":"DuplicationPotion"},{"floor":23,"key":"Ancient Potion"}],"is_trial":false,"path_per_floor":["M","?","?","M","T","R","E","$","T","E","M","R","M","$","R","B",null,"M","?","M","?","$","E","R","M"],"character_chosen":"IRONCLAD","items_purchased":["Evolve","Shrug It Off","Flash of Steel"],"campfire_rested":0,"item_purchase_floors":[8,8,22],"current_hp_per_floor":[56,49,54,53,53,53,42,42,42,34,40,40,37,37,37,48,76,71,71,56,56,56,24,24,0,0],"gold":34,"neow_bonus":"THREE_RARE_CARDS","is_daily":false,"chose_seed":false,"campfire_upgraded":4,"win_rate":0.0,"timestamp":1613411271,"path_taken":["M","?","?","?","?","R","E","?","T","E","?","R","M","$","R","BOSS","M","?","?","?","$","E","R","M"],"items_purchased_type":["Card","Card","Card"],"build_version":"2020-12-22","purchased_purges":3,"victory":false,"max_hp_per_floor":[80,80,85,85,85,85,85,85,85,85,85,85,85,85,85,85,85,85,85,85,85,85,85,85,85,85],"card_choices":[{"not_picked":["Demon Form","Brutality"],"picked":"Immolate","floor":0.0},{"not_picked":["Clothesline","Anger"],"picked":"Inflame","floor":1.0},{"not_picked":["Clash","Anger","Heavy Blade"],"picked":"SKIP","floor":4.0},{"not_picked":["Flex","Thunderclap","Havoc"],"picked":"SKIP","floor":7.0},{"not_picked":["Reaper","Rupture"],"picked":"Burning Pact","floor":10.0},{"not_picked":["Perfected Strike","Body Slam"],"picked":"Power Through","floor":11.0},{"not_picked":["Body Slam","Anger"],"picked":"Pommel Strike","floor":13.0},{"not_picked":["Reaper","Demon Form"],"picked":"Offering","floor":16.0},{"not_picked":["Clash+1","Whirlwind"],"picked":"Uppercut+1","floor":18.0},{"not_picked":["Warcry","Flex","Anger+1"],"picked":"SKIP","floor":20.0},{"not_picked":["Havoc","Brutality","Iron Wave+1"],"picked":"SKIP","floor":23}],"player_experience":262068,"relics_obtained":[{"floor":5.0,"key":"Nunchaku"},{"floor":7.0,"key":"Pantograph"},{"floor":9.0,"key":"HornCleat"},{"floor":10.0,"key":"Calipers"},{"floor":23,"key":"Ancient Tea Set"}],"event_choices":[{"cards_removed":["Strike_R"],"damage_healed":0.0,"max_hp_gain":0.0,"max_hp_loss":0.0,"gold_gain":0.0,"event_name":"Golden Wing","player_choice":"Card Removal","floor":2.0,"gold_loss":0.0,"damage_taken":7.0},{"damage_healed":0.0,"max_hp_gain":5.0,"max_hp_loss":0.0,"gold_gain":0.0,"event_name":"Big Fish","player_choice":"Donut","floor":3.0,"gold_loss":0.0,"damage_taken":0.0},{"damage_healed":0.0,"max_hp_gain":0.0,"max_hp_loss":0.0,"gold_gain":0.0,"event_name":"Duplicator","player_choice":"Copied","floor":19.0,"gold_loss":0.0,"damage_taken":0.0,"cards_obtained":["Offering"]},{"damage_healed":0,"gold_gain":0,"player_choice":"1 cards matched","damage_taken":0,"max_hp_gain":0,"max_hp_loss":0,"event_name":"Match and Keep!","floor":21,"gold_loss":0,"cards_obtained":["Reaper"]}],"is_beta":false,"boss_relics":[{"not_picked":["Runic Cube","Tiny House"],"picked":"Black Blood"}],"items_purged_floors":[8,14,22],"is_endless":false,"potions_floor_spawned":[10,13,23],"killed_by":"Cultist and Chosen","ascension_level":10}}