{"host":"lg1piimdyocafd6j","time":1613414724,"event":{"mods":["AchievementEnabler","BaseMod","Better Third Choice","BetterRewards","Colored Map","Colored Powertips","Downfall","Minty Spire (QoL Compilation)","Quick Restart","Rare Cards Sparkle","Remove Card Discount Mod","Shop Mod","StSLib","SuperFastMode"],"gold_per_floor":[113,113,130,148,71,71,103,123,192,192,192,207,207,224,224,325,325],"floor_reached":16,"language":"ENG","playtime":914,"items_purged":["Defend_R","Defend_R","Defend_R","Bash","Strike_R","Strike_R","Strike_R","Defend_R","Anger"],"score":152,"play_id":"73a9da35-a504-4c8c-a22d-eb6236a50412","local_time":"20210215194524","is_ascension_mode":false,"campfire_choices":[{"floor":6,"key":"RECALL"},{"data":"Iron Wave","floor":10,"key":"SMITH"},{"data":"Searing Blow","floor":15,"key":"SMITH"}],"circlet_count":0,"master_deck":["Strike_R","Strike_R","Armaments","Armaments","Armaments","Metallicize+1","Whirlwind","Dramatic Entrance","Searing Blow+1","Searing Blow","Iron Wave+1"],"relics":["Burning Blood","Frozen Egg 2","Bronze Scales","Charon\u0027s Ashes","Lantern"],"acts_visited":["Exordium"],"potions_floor_usage":[],"damage_taken":[{"damage":7,"enemies":"Jaw Worm","floor":1,"turns":4},{"damage":0,"enemies":"2 Louse","floor":3,"turns":1},{"damage":0,"enemies":"Cultist","floor":4,"turns":4},{"damage":19,"enemies":"3 Sentries","floor":7,"turns":7},{"damage":7,"enemies":"Large Slime","floor":8,"turns":6},{"damage":0,"enemies":"Lots of Slimes","floor":12,"turns":1},{"damage":0,"enemies":"Exordium Wildlife","floor":14,"turns":2},{"damage":40,"enemies":"Hexaghost","floor":16,"turns":11}],"seed_played":"677277731128898095","potions_obtained":[{"floor":4,"key":"Dexterity Potion"},{"floor":7,"key":"Guardian:BlockOnCardUsePotion"},{"floor":16,"key":"AttackPotion"}],"is_trial":false,"path_per_floor":["M","?","M","M","$","R","E","M","T","R","?","M","?","M","R","B"],"character_chosen":"IRONCLAD","items_purchased":["Armaments","Frozen Egg 2","Armaments","Anger","Armaments","Bronze Scales","Metallicize+1","Whirlwind","Dramatic Entrance","Searing Blow"],"campfire_rested":0,"item_purchase_floors":[0,0,0,0,0,0,0,0,0,5],"current_hp_per_floor":[79,79,80,80,80,80,67,66,66,66,66,72,64,70,70,36,36],"gold":325,"neow_bonus":"","is_daily":false,"chose_seed":false,"campfire_upgraded":2,"win_rate":0.0,"timestamp":1613414724,"path_taken":["M","?","M","M","$","R","E","M","T","R","?","?","?","M","R","BOSS"],"items_purchased_type":["Card","Relic","Card","Card","Card","Relic","Card","Card","Card","Card"],"build_version":"2020-12-22","purchased_purges":9,"victory":false,"max_hp_per_floor":[80,80,80,80,80,80,80,80,80,80,80,80,80,80,80,80,80],"card_choices":[{"not_picked":["Perfected Strike","Disarm","Flame Barrier"],"picked":"SKIP","floor":1},{"not_picked":["Flex","Combust+1"],"picked":"Searing Blow","floor":3},{"not_picked":["Armaments","Wild Strike","Havoc"],"picked":"SKIP","floor":4},{"not_picked":["Infernal Blade","Shockwave"],"picked":"Iron Wave","floor":7},{"not_picked":["Clothesline","Flex","True Grit"],"picked":"SKIP","floor":8},{"not_picked":["Sword Boomerang","Havoc","Perfected Strike"],"picked":"SKIP","floor":12},{"not_picked":["Perfected Strike","Cleave","Wild Strike"],"picked":"SKIP","floor":14}],"player_experience":135357,"relics_obtained":[{"floor":7,"key":"Charon\u0027s Ashes"}],"event_choices":[{"damage_healed":0,"gold_gain":0,"player_choice":"Leave","damage_taken":0,"max_hp_gain":0,"max_hp_loss":0,"event_name":"The Cleric","floor":2,"gold_loss":0},{"damage_healed":0,"gold_gain":0,"player_choice":"Gave Potion","damage_taken":0,"relics_obtained":["Lantern"],"max_hp_gain":0,"max_hp_loss":0,"event_name":"WeMeetAgain","floor":11,"gold_loss":0},{"damage_healed":0,"gold_gain":0,"player_choice":"Damaged","damage_taken":8,"max_hp_gain":0,"max_hp_loss":0,"event_name":"Wheel of Change","floor":13,"gold_loss":0}],"is_beta":false,"boss_relics":[],"items_purged_floors":[0,0,0,0,0,0,0,5,5],"is_endless":false,"potions_floor_spawned":[1,4,7,16],"killed_by":"Hexaghost","ascension_level":0}}