{"host":"qxeepl7ydvsgmfdb","time":1613399994,"event":{"mods":["AchievementEnabler","BaseMod","Colored Powertips","Minty Spire (QoL Compilation)","Quick Restart","slay the spire mod where everything is the same but ironclad has a cowboy hat"],"gold_per_floor":[116,133,58,58,29,64,64,80,80,80,54,71,87,105,105,179,179,194,92,102,377,396,428,428,440,440,440,440,455,505,43,43,117,117,133,133,146,171,187,187,205,205,205,205,239,256,285,332,332,332,332],"floor_reached":50,"language":"ENG","playtime":1814,"items_purged":["Regret"],"score":1108,"play_id":"49e0207b-f4ac-4bc6-8b19-ca0c13fa7c2d","local_time":"20210215093954","is_ascension_mode":true,"campfire_choices":[{"data":"Blade Dance","floor":10.0,"key":"SMITH"},{"data":"Footwork","floor":15.0,"key":"SMITH"},{"floor":24.0,"key":"REST"},{"floor":28.0,"key":"REST"},{"floor":32.0,"key":"REST"},{"floor":40,"key":"REST"},{"floor":42,"key":"REST"},{"data":"Adrenaline","floor":44,"key":"SMITH"},{"floor":49,"key":"REST"}],"circlet_count":0,"master_deck":["AscendersBane","Strike_G","Strike_G","Strike_G","Strike_G","Defend_G","Defend_G","Defend_G","Defend_G","Defend_G","Survivor","Neutralize","Terror+1","Blade Dance","Poisoned Stab","Noxious Fumes","Blade Dance+1","Blade Dance","Slice","Deflect","Footwork+1","Adrenaline+1","Poisoned Stab","Discovery","Dagger Spray","Writhe","Accuracy+1","CurseOfTheBell","Finisher","Backstab"],"relics":["Ring of the Snake","NeowsBlessing","Bird Faced Urn","White Beast Statue","Kunai","WristBlade","Gremlin Horn","Paper Crane","The Courier","Mango","TwistedFunnel","Calling Bell","Blood Vial","Pear","Tough Bandages","Dream Catcher","Sundial","InkBottle","Lizard Tail"],"acts_visited":["Exordium","TheCity","TheBeyond"],"potions_floor_usage":[35,38,39,39,39,41,45,46,46,47,48,50],"damage_taken":[{"damage":0.0,"enemies":"Cultist","floor":1.0,"turns":1.0},{"damage":0.0,"enemies":"Small Slimes","floor":2.0,"turns":1.0},{"damage":0.0,"enemies":"Lagavulin","floor":6.0,"turns":1.0},{"damage":8.0,"enemies":"Jaw Worm","floor":8.0,"turns":4.0},{"damage":0.0,"enemies":"Blue Slaver","floor":12.0,"turns":4.0},{"damage":0.0,"enemies":"Exordium Thugs","floor":13.0,"turns":3.0},{"damage":1.0,"enemies":"Red Slaver","floor":14.0,"turns":3.0},{"damage":22.0,"enemies":"Slime Boss","floor":16.0,"turns":9.0},{"damage":0.0,"enemies":"Spheric Guardian","floor":18.0,"turns":3.0},{"damage":18.0,"enemies":"Shell Parasite","floor":20.0,"turns":4.0},{"damage":27.0,"enemies":"Snake Plant","floor":22.0,"turns":2.0},{"damage":24.0,"enemies":"Gremlin Leader","floor":23.0,"turns":5.0},{"damage":9.0,"enemies":"Centurion and Healer","floor":25.0,"turns":2.0},{"damage":33.0,"enemies":"Snecko","floor":29.0,"turns":4.0},{"damage":3,"enemies":"Automaton","floor":33,"turns":9},{"damage":1,"enemies":"Orb Walker","floor":35,"turns":2},{"damage":13,"enemies":"3 Shapes","floor":37,"turns":2},{"damage":32,"enemies":"Mind Bloom Boss Battle","floor":38,"turns":4},{"damage":43,"enemies":"Spire Growth","floor":39,"turns":4},{"damage":6,"enemies":"Maw","floor":41,"turns":5},{"damage":18,"enemies":"Nemesis","floor":45,"turns":7},{"damage":32,"enemies":"Writhing Mass","floor":46,"turns":4},{"damage":0,"enemies":"Reptomancer","floor":47,"turns":4},{"damage":38,"enemies":"2 Orb Walkers","floor":48,"turns":4},{"damage":113,"enemies":"Awakened One","floor":50,"turns":9}],"seed_played":"-8172361586263002023","potions_obtained":[{"floor":1.0,"key":"Weak Potion"},{"floor":8.0,"key":"Regen Potion"},{"floor":12.0,"key":"Fruit Juice"},{"floor":13.0,"key":"Dexterity Potion"},{"floor":16.0,"key":"Block Potion"},{"floor":18.0,"key":"GhostInAJar"},{"floor":22.0,"key":"ColorlessPotion"},{"floor":23.0,"key":"SneckoOil"},{"floor":25.0,"key":"Energy Potion"},{"floor":29.0,"key":"Poison Potion"},{"floor":35,"key":"GamblersBrew"},{"floor":38,"key":"EntropicBrew"},{"floor":39,"key":"PowerPotion"},{"floor":41,"key":"PowerPotion"},{"floor":45,"key":"Block Potion"},{"floor":46,"key":"Poison Potion"},{"floor":47,"key":"LiquidBronze"},{"floor":48,"key":"Fire Potion"}],"is_trial":false,"path_per_floor":["M","M","?","?","$","E","T","M","T","R","$","M","M","M","R","B",null,"M","$","M","?","M","E","R","M","T","?","R","M","?","$","R","B",null,"M","?","M","?","M","R","M","R","T","R","E","M","E","?","R","B"],"character_chosen":"THE_SILENT","items_purchased":["Poisoned Stab","Blade Dance","Discovery","Mango","TwistedFunnel"],"campfire_rested":6,"item_purchase_floors":[5,11,19,31,31],"current_hp_per_floor":[59,59,59,59,59,59,59,53,53,53,53,58,58,57,57,39,63,63,63,51,51,31,11,32,23,23,23,44,11,11,25,50,55,88,91,90,77,53,14,41,45,72,72,72,66,40,48,16,43,0,0],"gold":332,"neow_bonus":"THREE_ENEMY_KILL","is_daily":false,"chose_seed":false,"campfire_upgraded":3,"win_rate":0.0,"timestamp":1613399994,"path_taken":["M","M","?","?","?","E","?","?","T","R","?","M","M","M","R","BOSS","M","$","?","?","?","E","R","M","T","?","R","M","?","?","R","BOSS","M","?","M","?","?","R","M","R","T","R","E","M","E","?","R","BOSS"],"items_purchased_type":["Card","Card","Card","Relic","Relic"],"build_version":"2020-12-22","purchased_purges":1,"victory":false,"max_hp_per_floor":[66,66,66,66,66,66,66,66,66,66,66,71,71,71,71,71,71,71,71,71,71,71,71,71,71,71,71,71,71,71,85,85,85,95,95,90,90,90,90,90,90,90,90,90,90,90,90,90,90,90,90],"card_choices":[{"not_picked":["Blur","PiercingWail"],"picked":"Terror","floor":1.0},{"not_picked":["Backflip","Bane"],"picked":"Blade Dance","floor":2.0},{"not_picked":["Adrenaline","PiercingWail"],"picked":"Noxious Fumes","floor":6.0},{"not_picked":["Dash","Backflip"],"picked":"Blade Dance","floor":8.0},{"not_picked":["Riddle With Holes","Bane"],"picked":"Slice","floor":12.0},{"not_picked":["Choke","Dagger Throw"],"picked":"Deflect","floor":13.0},{"not_picked":["Slice","Dodge and Roll"],"picked":"Footwork","floor":14.0},{"not_picked":["Grand Finale","Storm of Steel"],"picked":"Adrenaline","floor":16.0},{"not_picked":["Deadly Poison","Well Laid Plans"],"picked":"Poisoned Stab","floor":18.0},{"not_picked":["Backflip","Tactician","Choke"],"picked":"SKIP","floor":20.0},{"not_picked":["Setup","Prepared","Caltrops+1"],"picked":"SKIP","floor":22.0},{"not_picked":["Endless Agony","Outmaneuver"],"picked":"Dagger Spray","floor":23.0},{"not_picked":["PiercingWail","Bane+1","Choke+1"],"picked":"SKIP","floor":25.0},{"not_picked":["Wraith Form v2","Catalyst"],"picked":"Accuracy+1","floor":29.0},{"not_picked":["All Out Attack","Deflect","Prepared+1"],"picked":"SKIP","floor":35},{"not_picked":["Dagger Spray","Dash","Heel Hook+1"],"picked":"SKIP","floor":37},{"not_picked":["Bouncing Flask","All Out Attack","Masterful Stab+1"],"picked":"SKIP","floor":39},{"not_picked":["Choke+1","Prepared"],"picked":"Finisher","floor":41},{"not_picked":["Quick Slash","Blade Dance","Deadly Poison+1"],"picked":"SKIP","floor":45},{"not_picked":["Poisoned Stab","Outmaneuver"],"picked":"Backstab","floor":46},{"not_picked":["Bouncing Flask+1","Catalyst","Underhanded Strike"],"picked":"SKIP","floor":47}],"player_experience":154769,"relics_obtained":[{"floor":6.0,"key":"Bird Faced Urn"},{"floor":7.0,"key":"White Beast Statue"},{"floor":9.0,"key":"Kunai"},{"floor":23.0,"key":"Gremlin Horn"},{"floor":26.0,"key":"Paper Crane"},{"floor":34,"key":"Blood Vial"},{"floor":34,"key":"Pear"},{"floor":34,"key":"Tough Bandages"},{"floor":43,"key":"Dream Catcher"},{"floor":45,"key":"Sundial"},{"floor":47,"key":"InkBottle"},{"floor":48,"key":"Lizard Tail"}],"event_choices":[{"cards_removed":["Strike_G"],"damage_healed":0.0,"max_hp_gain":0.0,"max_hp_loss":0.0,"gold_gain":0.0,"event_name":"The Cleric","player_choice":"Card Removal","floor":3.0,"gold_loss":75.0,"damage_taken":0.0},{"damage_healed":0.0,"max_hp_gain":0.0,"max_hp_loss":0.0,"gold_gain":0.0,"event_name":"Living Wall","player_choice":"Grow","floor":4.0,"gold_loss":0.0,"damage_taken":0.0,"cards_upgraded":["Terror"]},{"damage_healed":0.0,"max_hp_gain":0.0,"max_hp_loss":0.0,"gold_gain":275.0,"event_name":"Golden Shrine","player_choice":"Desecrate","floor":21.0,"gold_loss":0.0,"damage_taken":0.0,"cards_obtained":["Regret"]},{"damage_healed":0.0,"max_hp_gain":0.0,"max_hp_loss":0.0,"gold_gain":0.0,"event_name":"The Mausoleum","player_choice":"Opened","floor":27.0,"gold_loss":0.0,"damage_taken":0.0,"relics_obtained":["The Courier"],"cards_obtained":["Writhe"]},{"damage_healed":0.0,"max_hp_gain":0.0,"max_hp_loss":0.0,"gold_gain":50.0,"event_name":"Nest","player_choice":"Stole From Cult","floor":30.0,"gold_loss":0.0,"damage_taken":0.0},{"damage_healed":0,"gold_gain":0,"player_choice":"Max HP","damage_taken":0,"max_hp_gain":0,"max_hp_loss":5,"event_name":"Winding Halls","floor":36,"gold_loss":0},{"damage_healed":0,"gold_gain":0,"player_choice":"Fight","damage_taken":0,"max_hp_gain":0,"max_hp_loss":0,"event_name":"MindBloom","floor":38,"gold_loss":0},{"damage_healed":0,"gold_gain":0,"player_choice":"Fight","damage_taken":0,"max_hp_gain":0,"max_hp_loss":0,"event_name":"Mysterious Sphere","floor":48,"gold_loss":0}],"is_beta":false,"boss_relics":[{"not_picked":["Ectoplasm","Black Star"],"picked":"WristBlade"},{"not_picked":["Cursed Key","Fusion Hammer"],"picked":"Calling Bell"}],"items_purged_floors":[31],"is_endless":false,"potions_floor_spawned":[1,8,12,13,14,16,18,20,22,23,25,29,33,35,37,38,39,41,45,46,47,48],"killed_by":"Awakened One","ascension_level":17}}