{"host":"v86vpwf004p2esb7","time":1613385213,"event":{"mods":["AchievementEnabler","BaseMod","BetterRewards","Colored Powertips","Minty Spire (QoL Compilation)","Quick Restart","StSLib","Transform Curses"],"gold_per_floor":[112,124,124,144,159,159,191,366,420,420,420,438,457,467,467,567,567,585,585,585,585,585],"floor_reached":21,"language":"ENG","playtime":1112,"items_purged":[],"score":366,"play_id":"c590a3ea-5723-41db-bfce-99313f4f9346","local_time":"20210215023333","is_ascension_mode":true,"campfire_choices":[{"data":"Eruption","floor":6,"key":"SMITH"},{"floor":11,"key":"REST"},{"data":"CutThroughFate","floor":15,"key":"SMITH"}],"circlet_count":0,"master_deck":["Strike_P","Strike_P","Strike_P","Strike_P","Defend_P","Defend_P","Defend_P","Defend_P","Eruption+1","Vigilance","MentalFortress+1","EmptyBody","ClearTheMind","CutThroughFate+1","Evaluate","Wireheading+1","Weave","EmptyFist","Pray","Prostrate","Establishment+1","WindmillStrike"],"relics":["PureWater","Frozen Egg 2","Incense Burner","Bottled Flame","Oddly Smooth Stone","Runic Pyramid"],"acts_visited":["Exordium","TheCity"],"potions_floor_usage":[7,10,16],"damage_taken":[{"damage":0,"enemies":"2 Louse","floor":1,"turns":4},{"damage":1,"enemies":"Small Slimes","floor":2,"turns":3},{"damage":0,"enemies":"Jaw Worm","floor":4,"turns":3},{"damage":11,"enemies":"Lots of Slimes","floor":5,"turns":6},{"damage":35,"enemies":"Gremlin Nob","floor":7,"turns":6},{"damage":0,"enemies":"Exordium Wildlife","floor":10,"turns":1},{"damage":0,"enemies":"3 Louse","floor":12,"turns":2},{"damage":1,"enemies":"2 Fungi Beasts","floor":13,"turns":4},{"damage":0,"enemies":"Blue Slaver","floor":14,"turns":2},{"damage":0,"enemies":"Slime Boss","floor":16,"turns":8},{"damage":18,"enemies":"Shell Parasite","floor":18,"turns":5},{"damage":12,"enemies":"Chosen","floor":21,"turns":5}],"seed_played":"7039167812447689072","potions_obtained":[{"floor":1,"key":"SmokeBomb"},{"floor":4,"key":"GamblersBrew"},{"floor":12,"key":"Energy Potion"},{"floor":14,"key":"SkillPotion"},{"floor":18,"key":"Explosive Potion"}],"is_trial":false,"path_per_floor":["M","M","?","M","M","R","E","?","T","M","R","M","M","M","R","B",null,"M","?","?","M"],"character_chosen":"WATCHER","items_purchased":["Frozen Egg 2","MentalFortress+1","EmptyBody"],"campfire_rested":1,"item_purchase_floors":[0,0,0],"current_hp_per_floor":[49,48,48,48,37,37,2,2,2,2,23,23,22,22,22,22,72,54,41,41,29,29],"gold":585,"neow_bonus":"","is_daily":false,"chose_seed":false,"campfire_upgraded":2,"win_rate":0.0,"timestamp":1613385213,"path_taken":["M","M","?","M","M","R","E","?","T","M","R","M","M","M","R","BOSS","M","?","?","?"],"items_purchased_type":["Relic","Card","Card"],"build_version":"2020-12-22","purchased_purges":0,"victory":false,"max_hp_per_floor":[72,72,72,72,72,72,72,72,72,72,72,72,72,72,72,72,72,72,77,77,77,77],"card_choices":[{"not_picked":["Meditate","CrushJoints"],"picked":"ClearTheMind","floor":1},{"not_picked":["Protect","Evaluate"],"picked":"CutThroughFate","floor":2},{"not_picked":["EmptyBody","SandsOfTime"],"picked":"Evaluate","floor":4},{"not_picked":["Prostrate","CrushJoints"],"picked":"Wireheading+1","floor":5},{"not_picked":["FlyingSleeves","ForeignInfluence"],"picked":"Weave","floor":7},{"not_picked":["PathToVictory","CrushJoints"],"picked":"EmptyFist","floor":12},{"not_picked":["FlyingSleeves","EmptyBody"],"picked":"Pray","floor":13},{"not_picked":["WreathOfFlame","WaveOfTheHand"],"picked":"Prostrate","floor":14},{"not_picked":["Scrawl","MasterReality+1"],"picked":"Establishment+1","floor":16},{"not_picked":["Worship","Evaluate+1"],"picked":"WindmillStrike","floor":18}],"player_experience":276322,"relics_obtained":[{"floor":7,"key":"Bottled Flame"},{"floor":9,"key":"Oddly Smooth Stone"}],"event_choices":[{"damage_healed":0,"gold_gain":0,"player_choice":"Ignored","damage_taken":0,"max_hp_gain":0,"max_hp_loss":0,"event_name":"Golden Wing","floor":3,"gold_loss":0},{"damage_healed":0,"gold_gain":175,"player_choice":"AGREE","damage_taken":0,"max_hp_gain":0,"max_hp_loss":0,"event_name":"Liars Game","floor":8,"gold_loss":0,"cards_obtained":["Doubt"]},{"damage_healed":0,"gold_gain":0,"player_choice":"Shed Blood","damage_taken":18,"max_hp_gain":5,"max_hp_loss":0,"event_name":"Forgotten Altar","floor":19,"gold_loss":0},{"cards_removed":["Doubt"],"damage_healed":0,"gold_gain":0,"player_choice":"Removed Curses","damage_taken":0,"max_hp_gain":0,"max_hp_loss":0,"event_name":"Fountain of Cleansing","floor":20,"gold_loss":0}],"is_beta":false,"boss_relics":[{"not_picked":["Runic Dome","Coffee Dripper"],"picked":"Runic Pyramid"}],"items_purged_floors":[],"is_endless":false,"potions_floor_spawned":[1,4,12,14,18],"killed_by":"Chosen","ascension_level":2}}