{"host":"smeba5iqt06s46ur","time":1613396820,"event":{"mods":["BaseMod","Downfall","Hero for Fun","Highlight Path","Marisa£®ÏF”Í°°ƒß¿Ì…≥£©","Minty Spire (QoL Compilation)","READ ME - Guardian Mod","Replay The Spire","Shop Mod","StSLib","The Animator","The Bug Knight","The Cursed","The Disciple","The Necromancer","The Servant 0.9.4","[IsaacMod]“‘»ˆº‚À˛"],"gold_per_floor":[99,118,128,152,152,172,172,172,189,114,142,152,171,171,191,296,296,246,257,357,357,372,446,517,517,164,182,33,52,52,82,102,207,207,157,170,270,287,287,340,340,63,13,13,13,13,13,42,42,42],"floor_reached":51,"language":"ZHS","playtime":3051,"items_purged":["Pride","Slimebound:DuplicatedForm"],"score":883,"play_id":"01decb9c-4c8a-4437-9edc-127e9b2bd7af","local_time":"20210215214700","is_ascension_mode":false,"campfire_choices":[{"data":"Slimebound:Strike_Slimebound","floor":1,"key":"PURGE"},{"data":"Slimebound:Split","floor":18,"key":"SMITH"},{"floor":35,"key":"DIG"},{"data":"Slimebound:SelfFormingGoo","floor":43,"key":"SMITH"},{"data":"expansioncontent:QuickStudy","floor":49,"key":"SMITH"}],"circlet_count":0,"master_deck":["Slimebound:Tackle","Slimebound:Split+1","Slimebound:CorrosiveSpit","Slimebound:SlimeTap","Slimebound:SplitAcid","Slimebound:HauntingLick","Slimebound:GoopSpray","Slimebound:OozeBath","Slimebound:SplitLeeching","Slimebound:SlimeTap","Slimebound:GrowthPunch","Slimebound:SelfFormingGoo+1","Slimebound:SamplingLick+1","Slimebound:MegaLick","Slimebound:SplitBruiser+1","Slimebound:ComboTackle+1","expansioncontent:QuickStudy+1","Slimebound:SamplingLick+1","Slimebound:SplitMire+1","Slimebound:SlimeSpikes","Slimebound:OneTwoCombo","Slimebound:FormOfPuddle","Slimebound:ItLooksTasty","Slimebound:LivingWall","Slimebound:LeechEnergy+1","Slimebound:ComboTackle","Slimebound:LeechEnergy+1","Slimebound:Darklings","Slimebound:FirmFortitude+1"],"relics":["Slimebound:AbsorbEndCombat","HushsDoor","BookofShadows","Juzu Bracelet","DeathBook","Slimebound:GreedOozeRelic","Odd Mushroom","Onion Ring","Slimebound:TarBlob","GuppysHead","GuppysTail","Boot","Snack Pack","MerchantsRug","ReplayTheSpireMod:TigerMarble","Durian","Pandora\u0027s Box","TheBible","ForgetMeNow","PillsDrop","Potion Belt","Slimebound:AggressiveSlimeRelic","NineVolt","Bottled Flame","BookOfRevelations","PunchingBag"],"acts_visited":["Exordium","TheCity","TheBeyond"],"potions_floor_usage":[16,36],"damage_taken":[{"damage":5,"enemies":"Cultist","floor":2,"turns":4},{"damage":0,"enemies":"Small Slimes","floor":3,"turns":3},{"damage":2,"enemies":"2 Louse","floor":6,"turns":3},{"damage":0,"enemies":"Exordium Thugs","floor":9,"turns":1},{"damage":8,"enemies":"The Mushroom Lair","floor":11,"turns":4},{"damage":17,"enemies":"Gremlin Gang","floor":12,"turns":3},{"damage":5,"enemies":"Blue Slaver","floor":13,"turns":3},{"damage":0,"enemies":"Exordium Wildlife","floor":15,"turns":2},{"damage":0,"enemies":"IC_STATUS_ARCHETYPE","floor":16,"turns":6},{"damage":0,"enemies":"3 Byrds","floor":19,"turns":4},{"damage":30,"enemies":"Snake Plant","floor":22,"turns":4},{"damage":1,"enemies":"downfall:FleeingMerchant","floor":26,"turns":4},{"damage":3,"enemies":"Snecko","floor":27,"turns":4},{"damage":2,"enemies":"downfall:FleeingMerchant","floor":28,"turns":4},{"damage":13,"enemies":"Centurion and Healer","floor":29,"turns":5},{"damage":0,"enemies":"Book of Stabbing","floor":31,"turns":1},{"damage":3,"enemies":"Cultist and Chosen","floor":32,"turns":4},{"damage":9,"enemies":"WA_ARCHETYPE_CALM","floor":33,"turns":5},{"damage":3,"enemies":"3 Darklings","floor":36,"turns":2},{"damage":0,"enemies":"Orb Walker","floor":38,"turns":1},{"damage":21,"enemies":"2 Orb Walkers","floor":40,"turns":2},{"damage":2,"enemies":"downfall:FleeingMerchant","floor":42,"turns":1},{"damage":6,"enemies":"R_Hoarder","floor":48,"turns":3},{"damage":0,"enemies":"SI_POISON_ARCHETYPE","floor":50,"turns":4}],"seed_played":"-517290826912682881","potions_obtained":[{"floor":3,"key":"champ:CounterPotion"},{"floor":12,"key":"BlessingOfTheForge"},{"floor":13,"key":"LifebloodPotion"},{"floor":27,"key":"FearPotion"},{"floor":31,"key":"PowerPotion"},{"floor":33,"key":"Swift Potion"},{"floor":38,"key":"Reflective Coating"}],"is_trial":false,"path_per_floor":["R","M","M","T","?","M","T","?","M","?","?","M","M","T","M","B",null,"R","M","?","?","M","?","T","?","$","M","$","M","?","E","M","B",null,"R","M","?","M","?","?","T","$","R","$","T","?","?","E","R","B",null],"character_chosen":"SLIMEBOUND","items_purchased":["GuppysHead","GuppysTail","MerchantsRug","ReplayTheSpireMod:TigerMarble","expansioncontent:QuickStudy","Potion Belt","Slimebound:AggressiveSlimeRelic","NineVolt","Slimebound:FirmFortitude+1"],"campfire_rested":0,"item_purchase_floors":[17,17,26,26,28,42,42,42,42],"current_hp_per_floor":[71,66,68,68,68,66,66,66,66,66,62,49,48,48,52,60,51,51,51,51,51,23,23,23,23,30,33,41,34,18,37,40,39,56,56,56,56,56,56,45,45,49,49,49,49,34,34,44,44,56],"gold":42,"neow_bonus":"TEN_PERCENT_HP_BONUS","is_daily":false,"chose_seed":false,"campfire_upgraded":3,"win_rate":0.0,"timestamp":1613396820,"path_taken":["R","M","M","?","?","M","T","?","M","?","?","M","M","?","M","BOSS","R","M","?","?","M","?","T","?","?","M","$","M","?","E","M","BOSS","R","M","?","M","?","?","T","$","R","?","?","?","?","E","R","BOSS"],"items_purchased_type":["Relic","Relic","Relic","Relic","Card","Relic","Relic","Relic","Card"],"build_version":"2020-12-22","purchased_purges":2,"victory":true,"max_hp_per_floor":[71,71,71,71,71,71,71,71,71,71,71,71,71,71,71,71,51,51,51,51,51,51,51,51,51,51,51,51,51,51,56,56,56,56,56,56,56,56,56,56,56,56,56,56,56,56,56,56,56,56],"card_choices":[{"not_picked":[],"picked":"DoctorFetus","floor":0},{"not_picked":["Bomb","Slimebound:RollThrough"],"picked":"Slimebound:SlimeTap","floor":2},{"not_picked":["Slimebound:ComboTackle","Slimebound:LeechingTouch"],"picked":"Slimebound:SplitAcid","floor":3},{"not_picked":["Slimebound:DisruptingSlam","Slimebound:Equalize"],"picked":"Slimebound:HauntingLick","floor":6},{"not_picked":["Slimebound:Replication","Slimebound:AcidTongue"],"picked":"Slimebound:GoopSpray","floor":9},{"not_picked":["Slimebound:LivingWall","Slimebound:TongueLash"],"picked":"Slimebound:OozeBath","floor":11},{"not_picked":["Slimebound:ComboTackle","Slimebound:LivingWall"],"picked":"Slimebound:SplitLeeching","floor":12},{"not_picked":["Slimebound:Gluttony","Slimebound:HauntingLick"],"picked":"Slimebound:SlimeTap","floor":13},{"not_picked":["Slimebound:LivingWall","Bomb"],"picked":"Slimebound:GrowthPunch","floor":15},{"not_picked":["Slimebound:WasteNot","Slimebound:DuplicatedForm"],"picked":"Slimebound:SelfFormingGoo","floor":16},{"not_picked":["Slimebound:Dissolve","Slimebound:LivingWall"],"picked":"Slimebound:SamplingLick+1","floor":19},{"not_picked":["Slimebound:Replication","Slimebound:GoopSpray","Slimebound:ItLooksTasty"],"picked":"SKIP","floor":22},{"not_picked":["Slimebound:Schlurp","Slimebound:FormOfPuddle"],"picked":"Slimebound:MegaLick","floor":23},{"not_picked":["Slimebound:MassRepurpose","Slimebound:LeechEnergy+1"],"picked":"Slimebound:SplitBruiser+1","floor":23},{"not_picked":["Slimebound:HauntingLick","Slimebound:RollThrough"],"picked":"Slimebound:ComboTackle+1","floor":26},{"not_picked":["Slimebound:Equalize","Slimebound:RainOfGoop","Slimebound:LeadByExample"],"picked":"SKIP","floor":27},{"not_picked":["Slimebound:ViciousTackle+1","Slimebound:SplitAcid","Slimebound:LivingWall"],"picked":"SKIP","floor":28},{"not_picked":["Slimebound:ItLooksTasty","Slimebound:FlameTackle"],"picked":"Slimebound:SamplingLick+1","floor":29},{"not_picked":["Slimebound:GoopSpray","Slimebound:RejuvenatingLick+1"],"picked":"Slimebound:SplitMire+1","floor":31},{"not_picked":["Slimebound:Replication","Slimebound:SlimeBrawl"],"picked":"Slimebound:SlimeSpikes","floor":32},{"not_picked":["Slimebound:WasteNot","Slimebound:SlimeSlap"],"picked":"Slimebound:OneTwoCombo","floor":33},{"not_picked":["Slimebound:SplitLeeching+1","Slimebound:PressTheAttack+1"],"picked":"Slimebound:LeechEnergy+1","floor":36},{"not_picked":["Slimebound:SplitBruiser","Slimebound:Chomp"],"picked":"Slimebound:ComboTackle","floor":37},{"not_picked":["Slimebound:ViciousTackle+1","Slimebound:SlimeTap+1"],"picked":"Slimebound:LeechEnergy+1","floor":38},{"not_picked":["Slimebound:SplitAcid","Slimebound:ViciousTackle+1","Slimebound:SplitMire+1"],"picked":"SKIP","floor":42},{"not_picked":["Slimebound:GrowthPunch+1","Slimebound:LeadByExample","Slimebound:SplitAcid+1"],"picked":"SKIP","floor":48}],"player_experience":427417,"relics_obtained":[{"floor":4,"key":"Juzu Bracelet"},{"floor":7,"key":"DeathBook"},{"floor":11,"key":"Odd Mushroom"},{"floor":14,"key":"Onion Ring"},{"floor":23,"key":"Boot"},{"floor":24,"key":"Snack Pack"},{"floor":30,"key":"Nilry\u0027s Codex"},{"floor":31,"key":"Durian"},{"floor":35,"key":"TheBible"},{"floor":40,"key":"ForgetMeNow"},{"floor":41,"key":"PillsDrop"},{"floor":45,"key":"Bottled Flame"},{"floor":48,"key":"PunchingBag"}],"event_choices":[{"damage_healed":0,"gold_gain":0,"player_choice":"Fought Mushrooms","damage_taken":0,"max_hp_gain":0,"max_hp_loss":0,"event_name":"Mushrooms","floor":11,"gold_loss":0},{"damage_healed":0,"gold_gain":0,"player_choice":"Ignored","damage_taken":0,"max_hp_gain":0,"max_hp_loss":0,"event_name":"Vampires","floor":21,"gold_loss":0},{"damage_healed":0,"gold_gain":0,"player_choice":"Stole Relic","damage_taken":0,"relics_obtained":["HollowMod:PaleOreRelic"],"max_hp_gain":0,"max_hp_loss":0,"event_name":"Addict","floor":25,"gold_loss":0,"cards_obtained":["Pride"]},{"damage_healed":0,"gold_gain":0,"player_choice":"Fight","damage_taken":0,"max_hp_gain":0,"max_hp_loss":0,"event_name":"Mysterious Sphere","floor":40,"gold_loss":0},{"cards_removed":["Slimebound:GoopTackle"],"damage_healed":0,"gold_gain":0,"player_choice":"Removed Attack","damage_taken":0,"max_hp_gain":0,"max_hp_loss":0,"event_name":"Falling","floor":47,"gold_loss":0}],"is_beta":false,"boss_relics":[{"not_picked":["Fusion Hammer","Replay:Bronze Core"],"picked":"Slimebound:TarBlob"},{"not_picked":[]},{"not_picked":["Replay:Ancient Bell","Kintsugi"],"picked":"Pandora\u0027s Box"},{"not_picked":[]}],"items_purged_floors":[26,42],"is_endless":false,"potions_floor_spawned":[3,12,13,15,27,31,33,38],"ascension_level":0}}