{"host":"swn8ychr123rw3gf","time":1613386659,"event":{"mods":["BaseMod","Minty Spire (QoL Compilation)","StSLib"],"gold_per_floor":[10,10,10,10,60,60,91,102,128,128,145,145,161,161,161],"floor_reached":14,"language":"ZHS","playtime":319,"items_purged":[],"score":150,"play_id":"32d7f32c-790a-4e1f-8d6e-d3b86da3182b","local_time":"20210215185739","is_ascension_mode":true,"campfire_choices":[{"data":"Bash","floor":6.0,"key":"SMITH"},{"data":"Heavy Blade","floor":12.0,"key":"SMITH"}],"circlet_count":0,"master_deck":["AscendersBane","Strike_R","Strike_R","Strike_R","Defend_R+1","Defend_R","Defend_R","Bash+1","Battle Trance+1","Thunderclap","Heavy Blade+1","Power Through"],"relics":["Burning Blood","Smiling Mask","Pen Nib","Oddly Smooth Stone"],"acts_visited":["Exordium"],"potions_floor_usage":[],"damage_taken":[{"damage":1.0,"enemies":"Cultist","floor":1.0,"turns":3.0},{"damage":31.0,"enemies":"Gremlin Nob","floor":7.0,"turns":5.0},{"damage":4.0,"enemies":"Jaw Worm","floor":8.0,"turns":3.0},{"damage":0.0,"enemies":"Small Slimes","floor":11.0,"turns":3.0},{"damage":7.0,"enemies":"3 Louse","floor":13.0,"turns":3.0},{"damage":33,"enemies":"Lagavulin","floor":14,"turns":7}],"seed_played":"8718057696369217788","potions_obtained":[{"floor":1.0,"key":"ColorlessPotion"},{"floor":11.0,"key":"Ancient Potion"},{"floor":13.0,"key":"BloodPotion"}],"is_trial":false,"path_per_floor":["M","$","?","$","T","R","E","M","T","?","M","R","M","E"],"character_chosen":"IRONCLAD","items_purchased":[],"campfire_rested":0,"item_purchase_floors":[],"current_hp_per_floor":[73,73,58,58,58,58,33,35,35,35,41,41,40,7,7],"gold":161,"neow_bonus":"REMOVE_TWO","is_daily":false,"chose_seed":false,"campfire_upgraded":2,"win_rate":0.0,"timestamp":1613386659,"path_taken":["M","?","?","?","?","R","E","?","T","?","?","R","M","E"],"items_purchased_type":[],"build_version":"2020-12-22","purchased_purges":0,"victory":false,"max_hp_per_floor":[75,75,75,75,75,75,75,75,75,75,75,75,75,75,75],"card_choices":[{"not_picked":["Dropkick","Reckless Charge"],"picked":"Battle Trance","floor":1.0},{"not_picked":["Carnage","Armaments"],"picked":"Thunderclap","floor":7.0},{"not_picked":["Second Wind","Headbutt"],"picked":"Heavy Blade","floor":8.0},{"not_picked":["Searing Blow","Clash","Havoc"],"picked":"SKIP","floor":11.0},{"not_picked":["Headbutt","Sever Soul"],"picked":"Power Through","floor":13.0}],"player_experience":469048,"relics_obtained":[{"floor":5.0,"key":"Smiling Mask"},{"floor":7.0,"key":"Pen Nib"},{"floor":9.0,"key":"Oddly Smooth Stone"}],"event_choices":[{"damage_healed":0.0,"max_hp_gain":0.0,"max_hp_loss":0.0,"gold_gain":0.0,"event_name":"Shining Light","player_choice":"Entered Light","floor":3.0,"gold_loss":0.0,"damage_taken":15.0,"cards_upgraded":["Battle Trance","Defend_R"]},{"cards_removed":["Strike_R"],"damage_healed":0.0,"max_hp_gain":0.0,"max_hp_loss":0.0,"gold_gain":0.0,"event_name":"Bonfire Elementals","player_choice":"Offered Basic","floor":10.0,"gold_loss":0.0,"damage_taken":0.0}],"is_beta":false,"boss_relics":[],"items_purged_floors":[],"is_endless":false,"potions_floor_spawned":[1,11,13],"killed_by":"Lagavulin","ascension_level":14}}