{"host":"bg8va46pgqgvtzim","time":1613407118,"event":{"mods":["BaseMod","Minty Spire (QoL Compilation)","Quick Restart","StSLib","SuperFastMode"],"gold_per_floor":[369,383,153,171,171,171,186,217,217,217,245,245,245,259,259,259,286,348,366,377,389,424,424,424,525,525,539,550,550,550,59,72,72,98,98,108,121,121,147,165,194,194,214,247,247,263,289,319,319,319,419,419,434,452,464,464,476,212,212,246,262,262,262,262,262,272,122,135,190,222,78,89,114,114,114,114,114,114,33,68,68],"floor_reached":82,"language":"ZHS","playtime":1737,"items_purged":["Strike_P","Strike_P","ForeignInfluence+1","Defend_P+1"],"score":2125,"play_id":"332a7f00-2f77-444f-a457-b21d2a4f2890","local_time":"20210216003838","is_ascension_mode":true,"campfire_choices":[{"data":"Eruption","floor":9.0,"key":"SMITH"},{"data":"ForeignInfluence","floor":12.0,"key":"SMITH"},{"data":"MentalFortress","floor":16.0,"key":"SMITH"},{"data":"1","floor":23.0,"key":"LIFT"},{"data":"Prostrate","floor":24.0,"key":"SMITH"},{"data":"2","floor":35.0,"key":"LIFT"},{"data":"3","floor":42.0,"key":"LIFT"},{"floor":49.0,"key":"REST"},{"floor":50.0,"key":"RECALL"},{"data":"Scrawl","floor":59,"key":"SMITH"},{"floor":63,"key":"REST"},{"floor":74,"key":"REST"},{"floor":75,"key":"REST"},{"floor":78,"key":"REST"}],"circlet_count":0,"master_deck":["Defend_P+1","Eruption+1","Vigilance+1","Brilliance+1","MentalFortress+1","Meditate+1","Prostrate+1","Tantrum+1","Prostrate+1","FearNoEvil+1","DeusExMachina+1","EmptyMind+1","Fasting2+1","MentalFortress+1","FlurryOfBlows+1","FlurryOfBlows+1","Wallop+1","InnerPeace+1","Scrawl+1","Trip"],"relics":["PureWater","Boot","Girya","Gambling Chip","CloakClasp","Omamori","CaptainsWheel","Empty Cage","Vajra","Shuriken","Bronze Scales","InkBottle","MealTicket","Strawberry","Anchor","Damaru","HornCleat","Runic Dome","Nunchaku","Art of War","Bottled Lightning","Turnip","Thread and Needle","ClockworkSouvenir","Bird Faced Urn","Orichalcum"],"acts_visited":["Exordium","TheCity","TheBeyond","TheEnding"],"potions_floor_usage":[81,81,81,81,81,81],"damage_taken":[{"damage":1.0,"enemies":"Jaw Worm","floor":1.0,"turns":4.0},{"damage":0.0,"enemies":"2 Louse","floor":2.0,"turns":2.0},{"damage":5.0,"enemies":"Small Slimes","floor":4.0,"turns":2.0},{"damage":0.0,"enemies":"Looter","floor":7.0,"turns":4.0},{"damage":7.0,"enemies":"3 Sentries","floor":8.0,"turns":8.0},{"damage":6.0,"enemies":"Lagavulin","floor":11.0,"turns":5.0},{"damage":0.0,"enemies":"2 Fungi Beasts","floor":14.0,"turns":1.0},{"damage":0.0,"enemies":"Gremlin Nob","floor":17.0,"turns":2.0},{"damage":0.0,"enemies":"Lagavulin Event","floor":18.0,"turns":3.0},{"damage":0.0,"enemies":"Lots of Slimes","floor":19.0,"turns":2.0},{"damage":0.0,"enemies":"Looter","floor":20.0,"turns":1.0},{"damage":0.0,"enemies":"Exordium Wildlife","floor":21.0,"turns":2.0},{"damage":0.0,"enemies":"Lagavulin","floor":22.0,"turns":5.0},{"damage":30.0,"enemies":"Hexaghost","floor":25.0,"turns":5.0},{"damage":0.0,"enemies":"3 Byrds","floor":27.0,"turns":3.0},{"damage":0.0,"enemies":"Spheric Guardian","floor":28.0,"turns":1.0},{"damage":12.0,"enemies":"Centurion and Healer","floor":32.0,"turns":5.0},{"damage":9.0,"enemies":"Slavers","floor":34.0,"turns":7.0},{"damage":0.0,"enemies":"Shelled Parasite and Fungi","floor":36.0,"turns":1.0},{"damage":0.0,"enemies":"Snake Plant","floor":37.0,"turns":2.0},{"damage":0.0,"enemies":"Snecko","floor":40.0,"turns":3.0},{"damage":0.0,"enemies":"Gremlin Leader","floor":41.0,"turns":4.0},{"damage":0.0,"enemies":"Shelled Parasite and Fungi","floor":43.0,"turns":2.0},{"damage":0.0,"enemies":"Book of Stabbing","floor":44.0,"turns":3.0},{"damage":0.0,"enemies":"Centurion and Healer","floor":46.0,"turns":3.0},{"damage":0.0,"enemies":"Gremlin Leader","floor":48.0,"turns":3.0},{"damage":0.0,"enemies":"Collector","floor":51.0,"turns":5.0},{"damage":0,"enemies":"Orb Walker","floor":53,"turns":2},{"damage":0,"enemies":"3 Darklings","floor":54,"turns":4},{"damage":0,"enemies":"Sphere and 2 Shapes","floor":55,"turns":4},{"damage":10,"enemies":"4 Shapes","floor":57,"turns":3},{"damage":0,"enemies":"Giant Head","floor":60,"turns":2},{"damage":0,"enemies":"Writhing Mass","floor":61,"turns":2},{"damage":0,"enemies":"Maw","floor":66,"turns":2},{"damage":0,"enemies":"Sphere and 2 Shapes","floor":68,"turns":1},{"damage":0,"enemies":"2 Orb Walkers","floor":69,"turns":1},{"damage":0,"enemies":"Reptomancer","floor":70,"turns":2},{"damage":0,"enemies":"Spire Growth","floor":72,"turns":1},{"damage":0,"enemies":"Nemesis","floor":73,"turns":1},{"damage":0,"enemies":"Donu and Deca","floor":76,"turns":1},{"damage":0,"enemies":"Shield and Spear","floor":80,"turns":1},{"damage":0,"enemies":"The Heart","floor":81,"turns":3}],"seed_played":"3668488084107358968","potions_obtained":[{"floor":2.0,"key":"Energy Potion"},{"floor":4.0,"key":"PowerPotion"},{"floor":7.0,"key":"FairyPotion"},{"floor":8.0,"key":"Regen Potion"},{"floor":25.0,"key":"EntropicBrew"},{"floor":34.0,"key":"Swift Potion"},{"floor":40.0,"key":"StancePotion"}],"is_trial":false,"path_per_floor":["M","M","$","M","?","?","M","E","R","?","E","R","T","M","?","R","E","?","M","M","M","E","R","R","B",null,"M","M","M","?","$","M","?","E","R","M","M","T","T","M","E","R","M","E","?","M","T","E","R","R","B",null,"M","M","M","?","M","$","R","E","M","?","R","T","T","M","$","M","?","E","$","M","E","R","R","B",null,"R","$","E","B",null],"character_chosen":"WATCHER","items_purchased":["Brilliance","Vajra","Shuriken","Scrawl","ClockworkSouvenir","Trip"],"campfire_rested":5,"item_purchase_floors":[3,31,31,58,71,79],"current_hp_per_floor":[50,50,50,45,31,31,31,24,24,24,18,18,18,18,23,23,23,32,32,32,32,32,32,32,2,77,77,77,77,77,77,65,65,56,56,56,56,56,56,56,63,63,63,63,63,63,63,63,84,84,84,84,84,84,84,84,74,84,84,84,84,84,84,84,84,84,84,84,84,84,84,84,84,84,84,84,84,84,84,84,84],"gold":68,"neow_bonus":"TWO_FIFTY_GOLD","is_daily":false,"chose_seed":false,"campfire_upgraded":5,"win_rate":0.0,"timestamp":1613407118,"path_taken":["M","M","$","M","?","?","M","E","R","?","E","R","T","M","?","R","E","?","M","M","?","E","R","R","BOSS","M","M","M","?","$","M","?","E","R","M","M","T","T","?","E","R","M","E","?","M","?","E","R","R","BOSS","M","M","M","?","?","$","R","E","M","?","R","T","T","M","$","M","?","E","?","M","E","R","R","BOSS","R","$","E","BOSS"],"items_purchased_type":["Card","Relic","Relic","Card","Relic","Card"],"build_version":"2020-12-22","purchased_purges":4,"victory":true,"max_hp_per_floor":[72,72,72,72,72,72,72,72,72,72,72,72,72,72,77,77,77,77,77,77,77,77,77,77,77,77,77,77,77,77,77,77,77,77,77,77,77,77,77,77,84,84,84,84,84,84,84,84,84,84,84,84,84,84,84,84,84,84,84,84,84,84,84,84,84,84,84,84,84,84,84,84,84,84,84,84,84,84,84,84,84],"card_choices":[{"not_picked":["EmptyFist","FollowUp"],"picked":"Consecrate","floor":1.0},{"not_picked":["EmptyBody","FlurryOfBlows"],"picked":"ForeignInfluence","floor":2.0},{"not_picked":["SashWhip","BowlingBash"],"picked":"MentalFortress","floor":4.0},{"not_picked":["Protect","CutThroughFate","PathToVictory"],"picked":"SKIP","floor":7.0},{"not_picked":["LikeWater","BowlingBash"],"picked":"Meditate","floor":8.0},{"not_picked":["Halt","Protect","Wish"],"picked":"SKIP","floor":11.0},{"not_picked":["Meditate","Evaluate"],"picked":"Prostrate","floor":14.0},{"not_picked":["LikeWater","Halt"],"picked":"Tantrum","floor":17.0},{"not_picked":["Protect","InnerPeace"],"picked":"Prostrate","floor":18.0},{"not_picked":["Halt","FlurryOfBlows"],"picked":"FearNoEvil","floor":19.0},{"not_picked":["CrushJoints","FollowUp","Protect"],"picked":"SKIP","floor":20.0},{"not_picked":["SandsOfTime","Swivel","Evaluate"],"picked":"SKIP","floor":21.0},{"not_picked":["CrushJoints","WheelKick"],"picked":"LessonLearned","floor":22.0},{"not_picked":["Vault","ConjureBlade"],"picked":"DeusExMachina","floor":25.0},{"not_picked":["Vengeance","ThirdEye","CarveReality"],"picked":"SKIP","floor":27.0},{"not_picked":["PathToVictory","Swivel","ThirdEye"],"picked":"SKIP","floor":28.0},{"not_picked":["FollowUp","InnerPeace"],"picked":"EmptyMind","floor":32.0},{"not_picked":["Prostrate","Perseverance","Swivel+1"],"picked":"SKIP","floor":34.0},{"not_picked":["Prostrate","Alpha","BowlingBash+1"],"picked":"SKIP","floor":36.0},{"not_picked":["Consecrate","CarveReality"],"picked":"Fasting2","floor":37.0},{"not_picked":["Swivel+1","ThirdEye","EmptyMind"],"picked":"SKIP","floor":40.0},{"not_picked":["SashWhip","JustLucky+1"],"picked":"MentalFortress+1","floor":41.0},{"not_picked":["SashWhip+1","WreathOfFlame"],"picked":"FlurryOfBlows+1","floor":43.0},{"not_picked":["CrushJoints","Weave","Worship"],"picked":"SKIP","floor":44.0},{"not_picked":["Consecrate","Evaluate","ClearTheMind"],"picked":"SKIP","floor":46.0},{"not_picked":["CutThroughFate","WindmillStrike"],"picked":"Wallop","floor":48.0},{"not_picked":["CutThroughFate","Halt+1","FollowUp+1"],"picked":"SKIP","floor":53},{"not_picked":["Tantrum+1","EmptyBody","FlyingSleeves+1"],"picked":"SKIP","floor":54},{"not_picked":["FlyingSleeves","Perseverance"],"picked":"InnerPeace","floor":55},{"not_picked":["MentalFortress+1","FlurryOfBlows","Wallop"],"picked":"SKIP","floor":57},{"not_picked":["Blasphemy","DeceiveReality+1","CutThroughFate"],"picked":"SKIP","floor":60},{"not_picked":["FlyingSleeves+1","ReachHeaven","LikeWater"],"picked":"SKIP","floor":61},{"not_picked":["Tantrum","FollowUp+1","Conclude"],"picked":"SKIP","floor":66},{"not_picked":["Halt+1","Fasting2","Ragnarok"],"picked":"SKIP","floor":68},{"not_picked":["JustLucky+1","EmptyFist","PathToVictory"],"picked":"SKIP","floor":70},{"not_picked":["SpiritShield","FlyingSleeves+1","CutThroughFate+1"],"picked":"SKIP","floor":72},{"not_picked":["Prostrate","SpiritShield","SashWhip+1"],"picked":"SKIP","floor":73},{"not_picked":["Swivel","Weave","CarveReality+1"],"picked":"SKIP","floor":80}],"player_experience":2460282,"relics_obtained":[{"floor":8.0,"key":"Boot"},{"floor":11.0,"key":"Girya"},{"floor":13.0,"key":"Gambling Chip"},{"floor":17.0,"key":"CloakClasp"},{"floor":18.0,"key":"Omamori"},{"floor":22.0,"key":"CaptainsWheel"},{"floor":34.0,"key":"Bronze Scales"},{"floor":38.0,"key":"InkBottle"},{"floor":39.0,"key":"MealTicket"},{"floor":41.0,"key":"Strawberry"},{"floor":44.0,"key":"Anchor"},{"floor":47.0,"key":"Damaru"},{"floor":48.0,"key":"HornCleat"},{"floor":60,"key":"Art of War"},{"floor":65,"key":"Bottled Lightning"},{"floor":69,"key":"Turnip"},{"floor":70,"key":"Thread and Needle"},{"floor":73,"key":"Bird Faced Urn"},{"floor":80,"key":"Orichalcum"}],"event_choices":[{"damage_healed":0.0,"max_hp_gain":0.0,"max_hp_loss":0.0,"gold_gain":0.0,"event_name":"Shining Light","player_choice":"Entered Light","floor":5.0,"gold_loss":0.0,"damage_taken":14.0,"cards_upgraded":["Strike_P","Defend_P"]},{"damage_healed":0.0,"max_hp_gain":0.0,"max_hp_loss":0.0,"gold_gain":0.0,"event_name":"Liars Game","player_choice":"Ignored","floor":6.0,"gold_loss":0.0,"damage_taken":0.0},{"cards_removed":["Defend_P"],"damage_healed":0.0,"max_hp_gain":0.0,"max_hp_loss":0.0,"gold_gain":0.0,"event_name":"Living Wall","player_choice":"Forget","floor":10.0,"gold_loss":0.0,"damage_taken":0.0},{"damage_healed":0.0,"max_hp_gain":5.0,"max_hp_loss":0.0,"gold_gain":0.0,"event_name":"Big Fish","player_choice":"Donut","floor":15.0,"gold_loss":0.0,"damage_taken":0.0},{"damage_healed":0.0,"max_hp_gain":0.0,"max_hp_loss":0.0,"gold_gain":0.0,"event_name":"Dead Adventurer","player_choice":"Searched \u00272\u0027 times","floor":18.0,"gold_loss":0.0,"damage_taken":0.0},{"damage_healed":0.0,"max_hp_gain":0.0,"max_hp_loss":0.0,"gold_gain":0.0,"event_name":"Ghosts","player_choice":"Ignored","floor":30.0,"gold_loss":0.0,"damage_taken":0.0},{"cards_removed":["Strike_P"],"damage_healed":0.0,"max_hp_gain":0.0,"max_hp_loss":0.0,"gold_gain":0.0,"event_name":"Purifier","player_choice":"Purged","floor":33.0,"gold_loss":0.0,"damage_taken":0.0},{"damage_healed":0.0,"max_hp_gain":0.0,"max_hp_loss":0.0,"gold_gain":0.0,"event_name":"The Library","player_choice":"Read","floor":45.0,"gold_loss":0.0,"damage_taken":0.0,"cards_obtained":["FlurryOfBlows"]},{"cards_removed":["Consecrate"],"damage_healed":0,"gold_gain":0,"player_choice":"Gave Card","damage_taken":0,"relics_obtained":["Nunchaku"],"max_hp_gain":0,"max_hp_loss":0,"event_name":"WeMeetAgain","floor":56,"gold_loss":0},{"cards_removed":["LessonLearned"],"damage_healed":0,"gold_gain":0,"player_choice":"Removed Attack","damage_taken":0,"max_hp_gain":0,"max_hp_loss":0,"event_name":"Falling","floor":62,"gold_loss":0},{"damage_healed":0,"gold_gain":0,"player_choice":"Fight","damage_taken":0,"max_hp_gain":0,"max_hp_loss":0,"event_name":"Mysterious Sphere","floor":69,"gold_loss":0}],"is_beta":false,"boss_relics":[{"not_picked":["SacredBark","Astrolabe"],"picked":"Empty Cage"},{"not_picked":["Sozu","Pandora\u0027s Box"],"picked":"Runic Dome"}],"items_purged_floors":[3,31,58,67],"is_endless":false,"potions_floor_spawned":[2,4,7,8,11,25,32,34,40,43,44,48,55,61,66,68,72,80],"ascension_level":1}}