{"host":"lxu17chzujqn8whl","time":1613374657,"event":{"mods":["BaseMod","Minty Spire (QoL Compilation)","Relic Stats","StSLib"],"gold_per_floor":[117,137,149,163,181,210,210,228,308,327,359,377,377,70,70,168,168,183,198,198,28,28,60,60,60,60,95,114,132,132,143,143,238,238,257,274,285,32,77,90,90,5,5,16,30,47,79,89,89,89,89],"floor_reached":50,"language":"ENG","playtime":1580,"items_purged":[],"score":557,"play_id":"91b2534d-0566-4eb0-baba-448b58cdfde6","local_time":"20210214233737","is_ascension_mode":false,"campfire_choices":[{"data":"Cloak And Dagger","floor":7.0,"key":"SMITH"},{"floor":15.0,"key":"REST"},{"data":"Finisher","floor":24.0,"key":"SMITH"},{"floor":30,"key":"REST"},{"floor":32,"key":"REST"},{"floor":41,"key":"REST"},{"floor":49,"key":"REST"}],"circlet_count":0,"master_deck":["Strike_G","Strike_G","Strike_G","Defend_G","Defend_G","Defend_G","Defend_G","Survivor","Neutralize","Cloak And Dagger+1","Quick Slash","Flying Knee","Flying Knee","Blade Dance","Flying Knee","Blade Dance","Choke","Blur","Eviscerate+1","Endless Agony+1","Venomology+1","Calculated Gamble+1","Cloak And Dagger+1","Finisher+1","Master of Strategy","Shame","Die Die Die","Well Laid Plans","Cloak And Dagger+1","A Thousand Cuts","All Out Attack+1","Prepared+1"],"relics":["Ring of the Snake","Mercury Hourglass","StrikeDummy","Strawberry","Oddly Smooth Stone","Astrolabe","StoneCalendar","Ancient Tea Set","Mummified Hand","Tingsha","Torii","WristBlade","Blood Vial","Incense Burner","Gambling Chip","Smiling Mask","Bag of Preparation"],"acts_visited":["Exordium","TheCity","TheBeyond"],"potions_floor_usage":[29,29,31,33,33,33,36,36,38,39,44,45,45,46,48,50,50,50,50],"damage_taken":[{"damage":0.0,"enemies":"Cultist","floor":1.0,"turns":3.0},{"damage":0.0,"enemies":"Jaw Worm","floor":2.0,"turns":4.0},{"damage":1.0,"enemies":"Small Slimes","floor":3.0,"turns":3.0},{"damage":1.0,"enemies":"Blue Slaver","floor":4.0,"turns":4.0},{"damage":2.0,"enemies":"2 Fungi Beasts","floor":5.0,"turns":4.0},{"damage":40.0,"enemies":"Lagavulin","floor":6.0,"turns":7.0},{"damage":1.0,"enemies":"Exordium Thugs","floor":8.0,"turns":4.0},{"damage":0.0,"enemies":"Gremlin Gang","floor":10.0,"turns":3.0},{"damage":10.0,"enemies":"Gremlin Nob","floor":11.0,"turns":3.0},{"damage":0.0,"enemies":"3 Louse","floor":12.0,"turns":2.0},{"damage":37.0,"enemies":"Hexaghost","floor":16.0,"turns":9.0},{"damage":10.0,"enemies":"3 Byrds","floor":18.0,"turns":3.0},{"damage":0.0,"enemies":"Spheric Guardian","floor":19.0,"turns":3.0},{"damage":14.0,"enemies":"Slavers","floor":23.0,"turns":3.0},{"damage":14.0,"enemies":"Book of Stabbing","floor":27.0,"turns":4.0},{"damage":8.0,"enemies":"Snake Plant","floor":28.0,"turns":3.0},{"damage":0,"enemies":"3 Cultists","floor":29,"turns":4},{"damage":6,"enemies":"Shelled Parasite and Fungi","floor":31,"turns":3},{"damage":22,"enemies":"Collector","floor":33,"turns":6},{"damage":0,"enemies":"3 Shapes","floor":35,"turns":3},{"damage":0,"enemies":"Orb Walker","floor":36,"turns":2},{"damage":19,"enemies":"4 Shapes","floor":37,"turns":3},{"damage":23,"enemies":"2 Orb Walkers","floor":39,"turns":3},{"damage":25,"enemies":"Spire Growth","floor":40,"turns":3},{"damage":0,"enemies":"Jaw Worm Horde","floor":44,"turns":1},{"damage":0,"enemies":"Transient","floor":45,"turns":5},{"damage":16,"enemies":"Maw","floor":46,"turns":5},{"damage":20,"enemies":"Nemesis","floor":47,"turns":7},{"damage":1,"enemies":"Jaw Worm Horde","floor":48,"turns":3},{"damage":39,"enemies":"Time Eater","floor":50,"turns":5}],"seed_played":"1719086358174796119","potions_obtained":[{"floor":1.0,"key":"SkillPotion"},{"floor":3.0,"key":"Regen Potion"},{"floor":11.0,"key":"BlessingOfTheForge"},{"floor":12.0,"key":"LiquidBronze"},{"floor":16.0,"key":"GamblersBrew"},{"floor":23.0,"key":"Dexterity Potion"},{"floor":27.0,"key":"DistilledChaos"},{"floor":28.0,"key":"Block Potion"},{"floor":37,"key":"BlessingOfTheForge"},{"floor":40,"key":"SkillPotion"},{"floor":44,"key":"Fire Potion"},{"floor":46,"key":"LiquidBronze"}],"is_trial":false,"path_per_floor":["M","M","M","M","M","E","R","M","T","M","E","M","?","$","R","B",null,"M","M","?","$","?","E","R","?","T","E","M","M","R","M","R","B",null,"M","M","M","$","?","M","R","?","T","M","M","M","E","M","R","B"],"character_chosen":"THE_SILENT","items_purchased":["Oddly Smooth Stone","Choke","Blur","Master of Strategy","Blood Vial","Fruit Juice"],"campfire_rested":5,"item_purchase_floors":[14,14,14,21,38,38],"current_hp_per_floor":[77,77,76,75,73,43,43,42,42,42,39,39,32,32,57,20,84,74,74,74,74,74,60,60,60,60,46,38,38,63,57,82,60,84,84,84,65,70,49,26,52,52,52,54,56,42,24,25,51,14,14],"gold":89,"neow_bonus":"TEN_PERCENT_HP_BONUS","is_daily":false,"chose_seed":false,"campfire_upgraded":2,"win_rate":0.0,"timestamp":1613374657,"path_taken":["M","M","M","M","M","E","R","?","T","M","E","M","?","$","R","BOSS","M","M","?","$","?","E","R","?","T","E","M","M","R","M","R","BOSS","M","M","M","$","?","M","R","?","T","M","?","M","E","M","R","BOSS"],"items_purchased_type":["Relic","Card","Card","Card","Relic","Potion"],"build_version":"2020-12-22","purchased_purges":0,"victory":false,"max_hp_per_floor":[77,77,77,77,77,77,77,77,77,77,84,84,84,84,84,84,84,84,84,84,84,84,84,84,84,84,84,84,84,84,84,84,84,84,84,84,84,89,89,89,89,89,89,89,89,89,89,89,89,89,89],"relic_stats":{"Torii":5,"counters":[30,113],"Astrolabe":["Eviscerate","Endless Agony","Venomology"],"StoneCalendar":[0],"Tingsha":[227],"Bag of Preparation":[4],"Smiling Mask":0,"Mercury Hourglass":[316],"Blood Vial":16,"Mummified Hand":[10],"Gambling Chip":[20],"obtain_stats":[{"Torii":27,"Astrolabe":17,"Oddly Smooth Stone":14,"StoneCalendar":22,"Tingsha":26,"Incense Burner":39,"Bag of Preparation":47,"Ancient Tea Set":23,"Smiling Mask":43,"Mercury Hourglass":6,"Blood Vial":38,"WristBlade":34,"Mummified Hand":25,"Strawberry":11,"Gambling Chip":42,"StrikeDummy":9,"Ring of the Snake":0},{"Torii":15,"Astrolabe":11,"Oddly Smooth Stone":10,"StoneCalendar":13,"Tingsha":14,"Incense Burner":23,"Bag of Preparation":28,"Ancient Tea Set":14,"Smiling Mask":24,"Mercury Hourglass":6,"Blood Vial":22,"WristBlade":19,"Mummified Hand":14,"Strawberry":9,"Gambling Chip":24,"StrikeDummy":7,"Ring of the Snake":0},{"Torii":57,"Astrolabe":44,"Oddly Smooth Stone":36,"StoneCalendar":50,"Tingsha":53,"Incense Burner":84,"Bag of Preparation":105,"Ancient Tea Set":53,"Smiling Mask":87,"Mercury Hourglass":25,"Blood Vial":81,"WristBlade":73,"Mummified Hand":53,"Strawberry":35,"Gambling Chip":87,"StrikeDummy":29,"Ring of the Snake":0}],"Ring of the Snake":[61]},"card_choices":[{"not_picked":["Riddle With Holes","Well Laid Plans"],"picked":"Cloak And Dagger","floor":1.0},{"not_picked":["Acrobatics","Masterful Stab"],"picked":"Quick Slash","floor":2.0},{"not_picked":["Reflex","Deflect","Underhanded Strike"],"picked":"SKIP","floor":3.0},{"not_picked":["Sucker Punch","Underhanded Strike"],"picked":"Flying Knee","floor":4.0},{"not_picked":["Acrobatics","Flechettes"],"picked":"Flying Knee","floor":5.0},{"not_picked":["Setup","Doppelganger","Masterful Stab"],"picked":"SKIP","floor":6.0},{"not_picked":["Slice","Sucker Punch"],"picked":"Blade Dance","floor":8.0},{"not_picked":["Reflex","Poisoned Stab"],"picked":"Flying Knee","floor":10.0},{"not_picked":["Acrobatics","Quick Slash","Expertise"],"picked":"SKIP","floor":11.0},{"not_picked":["Acrobatics","Deadly Poison"],"picked":"Blade Dance","floor":12.0},{"not_picked":["Malaise","Doppelganger"],"picked":"Corpse Explosion","floor":16.0},{"not_picked":["Blade Dance","Sucker Punch"],"picked":"Calculated Gamble+1","floor":18.0},{"not_picked":["All Out Attack","Sucker Punch+1"],"picked":"Cloak And Dagger+1","floor":19.0},{"not_picked":["Dagger Throw","Calculated Gamble+1"],"picked":"Die Die Die","floor":23.0},{"not_picked":["Dagger Spray","Bane"],"picked":"Well Laid Plans","floor":27.0},{"not_picked":["Footwork","Endless Agony"],"picked":"Cloak And Dagger+1","floor":28.0},{"not_picked":["Well Laid Plans","Prepared","Riddle With Holes+1"],"picked":"SKIP","floor":29},{"not_picked":["Bane","Blade Dance","Backflip"],"picked":"SKIP","floor":31},{"not_picked":["Burst","Venomology"],"picked":"A Thousand Cuts","floor":33},{"not_picked":["Prepared","Cloak And Dagger"],"picked":"All Out Attack+1","floor":35},{"not_picked":["Well Laid Plans","Noxious Fumes+1","Underhanded Strike+1"],"picked":"SKIP","floor":36},{"not_picked":["Endless Agony","Riddle With Holes","All Out Attack+1"],"picked":"SKIP","floor":37},{"not_picked":["Deadly Poison","Poisoned Stab","Expertise"],"picked":"SKIP","floor":40},{"not_picked":["Venomology","Reflex"],"picked":"Prepared+1","floor":44},{"not_picked":["Flying Knee+1","Endless Agony+1","PiercingWail"],"picked":"SKIP","floor":45},{"not_picked":["Crippling Poison+1","Flying Knee+1","Acrobatics+1"],"picked":"SKIP","floor":46},{"not_picked":["Underhanded Strike+1","Prepared","Dagger Throw+1"],"picked":"SKIP","floor":47},{"not_picked":["Dagger Spray","Leg Sweep","Cloak And Dagger"],"picked":"SKIP","floor":48}],"player_experience":684516,"relics_obtained":[{"floor":6.0,"key":"Mercury Hourglass"},{"floor":9.0,"key":"StrikeDummy"},{"floor":11.0,"key":"Strawberry"},{"floor":23.0,"key":"Ancient Tea Set"},{"floor":26.0,"key":"Tingsha"},{"floor":27.0,"key":"Torii"},{"floor":39,"key":"Incense Burner"},{"floor":43,"key":"Smiling Mask"},{"floor":47,"key":"Bag of Preparation"}],"event_choices":[{"cards_removed":["Strike_G"],"damage_healed":0.0,"max_hp_gain":0.0,"max_hp_loss":0.0,"gold_gain":0.0,"event_name":"Golden Wing","player_choice":"Card Removal","floor":13.0,"gold_loss":0.0,"damage_taken":7.0},{"damage_healed":0.0,"max_hp_gain":0.0,"max_hp_loss":0.0,"gold_gain":0.0,"event_name":"The Library","player_choice":"Read","floor":20.0,"gold_loss":0.0,"damage_taken":0.0,"cards_obtained":["Finisher"]},{"damage_healed":0.0,"max_hp_gain":0.0,"max_hp_loss":0.0,"gold_gain":0.0,"event_name":"Addict","player_choice":"Stole Relic","floor":22.0,"gold_loss":0.0,"damage_taken":0.0,"relics_obtained":["StoneCalendar"],"cards_obtained":["Shame"]},{"damage_healed":0.0,"max_hp_gain":0.0,"max_hp_loss":0.0,"gold_gain":0.0,"event_name":"The Mausoleum","player_choice":"Opened","floor":25.0,"gold_loss":0.0,"damage_taken":0.0,"relics_obtained":["Mummified Hand"]},{"damage_healed":0,"gold_gain":0,"player_choice":"Fight","damage_taken":0,"max_hp_gain":0,"max_hp_loss":0,"event_name":"Mysterious Sphere","floor":39,"gold_loss":0},{"damage_healed":0,"gold_gain":0,"player_choice":"Paid Gold","damage_taken":0,"relics_obtained":["Gambling Chip"],"max_hp_gain":0,"max_hp_loss":0,"event_name":"WeMeetAgain","floor":42,"gold_loss":85}],"is_beta":false,"boss_relics":[{"not_picked":["Velvet Choker","Pandora\u0027s Box"],"picked":"Astrolabe"},{"not_picked":["Sozu","Fusion Hammer"],"picked":"WristBlade"}],"items_purged_floors":[],"is_endless":false,"potions_floor_spawned":[1,3,11,12,16,23,27,28,37,40,44,46],"killed_by":"Time Eater","ascension_level":0}}