{"host":"sav7uxregyirlf69","time":1613392671,"event":{"mods":["AchievementEnabler","BaseMod","Colored Map","DeckTracker","Keyboard Shortcuts","Minty Spire (QoL Compilation)","READ ME - Guardian Mod","StSLib","SuperFastMode"],"gold_per_floor":[116,135,151,151,170,196,196,207,207,132,132,148,162,175,175,252,252,269,288,288,288,42,56,56,68,68,86,86,86,97,126,126,203,203,219,219,119,119,139,139,153,153,153,153,183,183,183],"floor_reached":46,"language":"KOR","playtime":4220,"items_purged":["Envenom","Blade Dance"],"score":998,"play_id":"6acfcf78-4161-4f4b-b9f9-7a7ac6382c47","local_time":"20210215213751","is_ascension_mode":true,"campfire_choices":[{"floor":7,"key":"REST"},{"data":"A Thousand Cuts","floor":15,"key":"SMITH"},{"data":"Well Laid Plans","floor":24,"key":"SMITH"},{"data":"Acrobatics","floor":28,"key":"SMITH"},{"floor":32,"key":"REST"},{"data":"Reflex","floor":40,"key":"SMITH"},{"data":"Purity","floor":42,"key":"SMITH"},{"data":"Tools of the Trade","floor":44,"key":"SMITH"}],"circlet_count":0,"master_deck":["AscendersBane","Survivor","Neutralize","Reflex+1","Footwork","A Thousand Cuts+1","Escape Plan","Cloak And Dagger","Dagger Throw","Well Laid Plans+1","Corpse Explosion","Grand Finale","Tools of the Trade+1","Deflect","Escape Plan","Heel Hook","Prepared+1","Acrobatics+1","Escape Plan","Dodge and Roll+1","Purity+1","Backstab"],"relics":["Ring of the Snake","Meat on the Bone","Mummified Hand","Letter Opener","Pandora\u0027s Box","Lantern","Pantograph","Paper Crane","Empty Cage","Omamori"],"acts_visited":["Exordium","TheCity","TheBeyond"],"potions_floor_usage":[6,6,16],"damage_taken":[{"damage":7,"enemies":"Small Slimes","floor":1,"turns":4},{"damage":10,"enemies":"Cultist","floor":2,"turns":5},{"damage":4,"enemies":"Jaw Worm","floor":3,"turns":6},{"damage":9,"enemies":"Blue Slaver","floor":5,"turns":6},{"damage":20,"enemies":"3 Sentries","floor":6,"turns":8},{"damage":7,"enemies":"2 Fungi Beasts","floor":8,"turns":5},{"damage":14,"enemies":"3 Louse","floor":12,"turns":4},{"damage":10,"enemies":"Exordium Wildlife","floor":13,"turns":4},{"damage":0,"enemies":"Looter","floor":14,"turns":3},{"damage":10,"enemies":"Slime Boss","floor":16,"turns":8},{"damage":12,"enemies":"Shell Parasite","floor":18,"turns":3},{"damage":18,"enemies":"Chosen","floor":19,"turns":5},{"damage":21,"enemies":"Shelled Parasite and Fungi","floor":23,"turns":2},{"damage":0,"enemies":"Cultist and Chosen","floor":25,"turns":2},{"damage":13,"enemies":"Snecko","floor":27,"turns":3},{"damage":11,"enemies":"Centurion and Healer","floor":30,"turns":2},{"damage":36,"enemies":"Book of Stabbing","floor":31,"turns":4},{"damage":6,"enemies":"Champ","floor":33,"turns":7},{"damage":32,"enemies":"3 Darklings","floor":35,"turns":4},{"damage":15,"enemies":"3 Shapes","floor":39,"turns":2},{"damage":0,"enemies":"Sphere and 2 Shapes","floor":41,"turns":3},{"damage":20,"enemies":"Nemesis","floor":45,"turns":5},{"damage":40,"enemies":"Jaw Worm Horde","floor":46,"turns":2}],"seed_played":"-4334795855445606761","potions_obtained":[{"floor":1,"key":"Explosive Potion"},{"floor":2,"key":"CunningPotion"},{"floor":6,"key":"PowerPotion"},{"floor":12,"key":"SpeedPotion"},{"floor":16,"key":"Energy Potion"}],"is_trial":false,"path_per_floor":["M","M","M","?","M","E","R","M","T","?","?","M","M","M","R","B",null,"M","M","?","?","$","M","R","M","T","M","R","?","M","E","R","B",null,"M","?","$","?","M","R","M","R","T","R","E","M"],"character_chosen":"THE_SILENT","items_purchased":["Lantern"],"campfire_rested":2,"item_purchase_floors":[22],"current_hp_per_floor":[52,42,38,38,29,9,28,33,33,33,33,31,33,45,45,35,58,46,40,40,40,40,31,31,43,43,42,42,42,43,19,38,57,64,44,34,34,34,31,31,43,43,43,43,35,0,0],"gold":183,"neow_bonus":"TRANSFORM_CARD","is_daily":false,"chose_seed":false,"campfire_upgraded":6,"win_rate":0.0,"timestamp":1613392671,"path_taken":["M","M","M","?","?","E","R","M","T","?","?","M","M","M","R","BOSS","M","M","?","?","$","M","R","M","T","M","R","?","M","E","R","BOSS","M","?","$","?","?","R","M","R","T","R","E","M"],"items_purchased_type":["Relic"],"build_version":"2020-12-22","purchased_purges":2,"victory":false,"max_hp_per_floor":[66,66,66,66,66,66,66,66,66,66,66,66,66,66,66,66,66,66,66,66,66,66,66,66,66,66,66,66,66,66,66,66,66,66,66,66,66,66,66,66,66,66,66,66,66,66,66],"card_choices":[{"not_picked":["Calculated Gamble","Acrobatics"],"picked":"Reflex","floor":1},{"not_picked":["Flechettes","Distraction"],"picked":"Footwork","floor":2},{"not_picked":["Deadly Poison","Expertise","Poisoned Stab"],"picked":"SKIP","floor":3},{"not_picked":["Distraction","Well Laid Plans","Bane"],"picked":"SKIP","floor":5},{"not_picked":["Reflex","Riddle With Holes"],"picked":"Escape Plan","floor":6},{"not_picked":["Expertise","Bane"],"picked":"Blade Dance","floor":8},{"not_picked":["Blade Dance","Doppelganger"],"picked":"Cloak And Dagger","floor":12},{"not_picked":["Distraction","Calculated Gamble"],"picked":"Dagger Throw","floor":13},{"not_picked":["Terror","Flying Knee"],"picked":"Well Laid Plans","floor":14},{"not_picked":["Glass Knife","Tools of the Trade"],"picked":"Corpse Explosion","floor":16},{"not_picked":["Poisoned Stab","Dagger Spray"],"picked":"Prepared+1","floor":18},{"not_picked":["Dash","Heel Hook"],"picked":"Acrobatics","floor":19},{"not_picked":["Sucker Punch","Night Terror","Skewer"],"picked":"SKIP","floor":23},{"not_picked":["Blade Dance+1","Expertise","Deadly Poison"],"picked":"SKIP","floor":25},{"not_picked":["Setup+1","Catalyst","Dagger Spray"],"picked":"SKIP","floor":27},{"not_picked":["Distraction","Poisoned Stab"],"picked":"Escape Plan","floor":30},{"not_picked":["Unload","Underhanded Strike"],"picked":"Dodge and Roll+1","floor":31},{"not_picked":["Cloak And Dagger","Slice","Poisoned Stab"],"picked":"SKIP","floor":35},{"not_picked":["Apotheosis","Panache"],"picked":"Purity","floor":36},{"not_picked":["Sucker Punch","Blade Dance","Dagger Spray+1"],"picked":"SKIP","floor":39},{"not_picked":["Concentrate","Setup","Masterful Stab"],"picked":"SKIP","floor":41},{"not_picked":["PiercingWail","Setup","Noxious Fumes"],"picked":"SKIP","floor":45}],"player_experience":1577185,"relics_obtained":[{"floor":6,"key":"Meat on the Bone"},{"floor":9,"key":"Mummified Hand"},{"floor":26,"key":"Pantograph"},{"floor":31,"key":"Paper Crane"},{"floor":45,"key":"Omamori"}],"event_choices":[{"damage_healed":0,"gold_gain":0,"player_choice":"1 cards matched","damage_taken":0,"max_hp_gain":0,"max_hp_loss":0,"event_name":"Match and Keep!","floor":4,"gold_loss":0,"cards_obtained":["A Thousand Cuts"]},{"cards_removed":["Strike_G"],"damage_healed":0,"gold_gain":0,"player_choice":"Card Removal","damage_taken":0,"max_hp_gain":0,"max_hp_loss":0,"event_name":"The Cleric","floor":10,"gold_loss":75},{"damage_healed":0,"gold_gain":0,"player_choice":"Searched \u00271\u0027 times","damage_taken":0,"relics_obtained":["Letter Opener"],"max_hp_gain":0,"max_hp_loss":0,"event_name":"Dead Adventurer","floor":11,"gold_loss":0},{"damage_healed":0,"gold_gain":0,"player_choice":"Ignored","damage_taken":0,"max_hp_gain":0,"max_hp_loss":0,"event_name":"Vampires","floor":20,"gold_loss":0},{"damage_healed":0,"gold_gain":0,"player_choice":"Ignored","damage_taken":0,"max_hp_gain":0,"max_hp_loss":0,"event_name":"Cursed Tome","floor":21,"gold_loss":0},{"damage_healed":0,"gold_gain":0,"player_choice":"Ignored","damage_taken":0,"max_hp_gain":0,"max_hp_loss":0,"event_name":"Ghosts","floor":29,"gold_loss":0},{"damage_healed":0,"gold_gain":0,"player_choice":"Memory 3","damage_taken":10,"max_hp_gain":0,"max_hp_loss":0,"event_name":"SensoryStone","floor":36,"gold_loss":0},{"damage_healed":0,"gold_gain":0,"cards_transformed":["Dagger Throw"],"player_choice":"Transformed","damage_taken":0,"max_hp_gain":0,"max_hp_loss":0,"event_name":"Transmorgrifier","floor":38,"gold_loss":0,"cards_obtained":["Backstab"]}],"is_beta":false,"boss_relics":[{"not_picked":["Calling Bell","WristBlade"],"picked":"Pandora\u0027s Box"},{"not_picked":["Snecko Eye","Sozu"],"picked":"Empty Cage"}],"items_purged_floors":[22,37],"is_endless":false,"potions_floor_spawned":[1,2,6,12,16,27,30,33,35,39,41],"killed_by":"Jaw Worm Horde","ascension_level":20}}