{"host":"fiyb7gvx7tok3jeh","time":1613432519,"event":{"mods":["BaseMod","Colored Map","Colored Powertips","DeckTracker","Googly Eyes","Highlight Path","Minty Spire (QoL Compilation)"],"gold_per_floor":[117,130,130,141,66,66,51,77,124,158,158,177,190,201,201,280,280,295,370,51,69,84,113,113,113],"floor_reached":24,"language":"ENG","playtime":1883,"items_purged":["Calculated Gamble","Flechettes"],"score":380,"play_id":"5731c225-c6e9-41ba-9ea4-f0e27b540d7e","local_time":"20210216014159","is_ascension_mode":true,"campfire_choices":[{"data":"Envenom","floor":6,"key":"SMITH"},{"data":"Cloak And Dagger","floor":11,"key":"SMITH"},{"floor":15,"key":"REST"}],"circlet_count":0,"master_deck":["AscendersBane","Survivor","Neutralize","Cloak And Dagger+1","Dodge and Roll","Crippling Poison","Leg Sweep","Blur","Prepared","Envenom+1","Deflect","Cloak And Dagger","Acrobatics","Terror","Bullet Time","Backflip","Noxious Fumes","Storm of Steel","Blade Dance","Acrobatics","Backflip"],"relics":["Pandora\u0027s Box","Pantograph","Pen Nib","Ancient Tea Set","Busted Crown","Nunchaku","Toxic Egg 2"],"acts_visited":["Exordium","TheCity"],"potions_floor_usage":[10,18,18,23],"damage_taken":[{"damage":0,"enemies":"Cultist","floor":1,"turns":5},{"damage":2,"enemies":"Small Slimes","floor":2,"turns":4},{"damage":0,"enemies":"Jaw Worm","floor":4,"turns":7},{"damage":8,"enemies":"Exordium Thugs","floor":7,"turns":7},{"damage":1,"enemies":"Lagavulin","floor":8,"turns":9},{"damage":28,"enemies":"Gremlin Nob","floor":10,"turns":5},{"damage":4,"enemies":"Exordium Wildlife","floor":12,"turns":8},{"damage":10,"enemies":"Lots of Slimes","floor":13,"turns":3},{"damage":7,"enemies":"Gremlin Gang","floor":14,"turns":7},{"damage":1,"enemies":"Hexaghost","floor":16,"turns":11},{"damage":7,"enemies":"2 Thieves","floor":18,"turns":3},{"damage":9,"enemies":"Chosen","floor":21,"turns":5},{"damage":22,"enemies":"Shelled Parasite and Fungi","floor":22,"turns":7},{"damage":13,"enemies":"Gremlin Leader","floor":23,"turns":6},{"damage":7,"enemies":"Chosen and Byrds","floor":24,"turns":1}],"seed_played":"-3229901866585899538","potions_obtained":[{"floor":7,"key":"Ancient Potion"},{"floor":8,"key":"AttackPotion"},{"floor":12,"key":"SteroidPotion"},{"floor":14,"key":"SteroidPotion"},{"floor":21,"key":"Fire Potion"}],"is_trial":false,"path_per_floor":["M","M","?","M","$","R","M","E","T","E","R","M","M","M","R","B",null,"M","?","$","M","M","E","M"],"character_chosen":"THE_SILENT","items_purchased":["Blade Dance","Acrobatics","Nunchaku"],"campfire_rested":1,"item_purchase_floors":[20,20,20],"current_hp_per_floor":[63,61,61,61,61,61,53,52,52,24,24,20,10,3,24,48,65,58,51,51,42,20,7,0,0],"gold":113,"neow_bonus":"BOSS_RELIC","is_daily":false,"chose_seed":false,"campfire_upgraded":2,"win_rate":0.0,"timestamp":1613432519,"path_taken":["M","M","?","M","$","R","M","E","T","E","R","M","M","?","R","BOSS","M","?","$","M","M","E","M"],"items_purchased_type":["Card","Card","Relic"],"build_version":"2020-12-22","purchased_purges":2,"victory":false,"max_hp_per_floor":[70,70,70,70,70,70,70,70,70,70,70,70,70,70,70,70,70,70,70,70,70,70,70,70,70],"card_choices":[{"not_picked":["Blade Dance","Dagger Throw"],"picked":"Cloak And Dagger","floor":1},{"not_picked":["Finisher","Deadly Poison","Underhanded Strike"],"picked":"SKIP","floor":2},{"not_picked":["Backflip","Dodge and Roll"],"picked":"Terror","floor":4},{"not_picked":["Quick Slash","Underhanded Strike","Sucker Punch"],"picked":"SKIP","floor":7},{"not_picked":["Deflect","Bane"],"picked":"Bullet Time","floor":8},{"not_picked":["Dodge and Roll","Deflect"],"picked":"Backflip","floor":10},{"not_picked":["Bullet Time","Acrobatics","Dodge and Roll"],"picked":"SKIP","floor":12},{"not_picked":["Bouncing Flask","Outmaneuver","Distraction"],"picked":"SKIP","floor":13},{"not_picked":["Flying Knee","Accuracy"],"picked":"Noxious Fumes","floor":14},{"not_picked":["Bullet Time","Die Die Die"],"picked":"Storm of Steel","floor":16},{"not_picked":["Dodge and Roll"],"picked":"SKIP","floor":18},{"not_picked":["Flying Knee"],"picked":"SKIP","floor":21},{"not_picked":[],"picked":"Backflip","floor":22},{"not_picked":["Deflect+1"],"picked":"SKIP","floor":23}],"player_experience":318141,"relics_obtained":[{"floor":8,"key":"Pantograph"},{"floor":9,"key":"Pen Nib"},{"floor":10,"key":"Ancient Tea Set"},{"floor":23,"key":"Toxic Egg 2"}],"event_choices":[{"damage_healed":0,"gold_gain":0,"player_choice":"1 cards matched","damage_taken":0,"max_hp_gain":0,"max_hp_loss":0,"event_name":"Match and Keep!","floor":3,"gold_loss":0,"cards_obtained":["Acrobatics"]},{"damage_healed":0,"gold_gain":75,"player_choice":"Touch","damage_taken":7,"max_hp_gain":0,"max_hp_loss":0,"event_name":"FaceTrader","floor":19,"gold_loss":0}],"is_beta":false,"boss_relics":[{"not_picked":["Runic Dome","Astrolabe"],"picked":"Busted Crown"}],"items_purged_floors":[5,20],"is_endless":false,"potions_floor_spawned":[7,8,12,14,21],"killed_by":"Chosen and Byrds","ascension_level":13}}