{"host":"vgmhxp0kxvybuvcq","time":1613350736,"event":{"mods":["BaseMod","Minty Spire (QoL Compilation)","Replay The Spire","StSLib"],"gold_per_floor":[219,265,36,36,47,47,79,107,133,176,176,195,195,228,228,236,236],"floor_reached":16,"language":"ENG","playtime":455,"items_purged":["Strike_R"],"score":127,"play_id":"7d7e525f-b765-4df2-86c9-4537d34ec1ce","local_time":"20210214165856","is_ascension_mode":true,"campfire_choices":[{"data":"Demon Form","floor":6,"key":"SMITH"},{"data":"Perfected Strike","floor":13,"key":"SMITH"},{"data":"Abandon","floor":15,"key":"SMITH"}],"circlet_count":0,"master_deck":["Strike_R","Strike_R","Strike_R","Strike_R","Defend_R","Defend_R","Defend_R","Defend_R","Bash","Twin Strike","Spot Weakness","Demon Form+1","Cleave","Ghostly Armor","Perfected Strike+1","Regret","Bloodletting","Abandon+1"],"relics":["Burning Blood","Frozen Eye","Replay:Bandana","Replay:Wax Seal","Bag of Preparation","Unceasing Top"],"acts_visited":["Exordium"],"potions_floor_usage":[7,10,14,16],"damage_taken":[{"damage":6,"enemies":"Cultist","floor":1,"turns":3},{"damage":7,"enemies":"Jaw Worm","floor":5,"turns":3},{"damage":25,"enemies":"Lagavulin","floor":7,"turns":6},{"damage":6,"enemies":"2 Louse","floor":8,"turns":2},{"damage":24,"enemies":"Gremlin Nob","floor":10,"turns":4},{"damage":6,"enemies":"Exordium Wildlife","floor":12,"turns":4},{"damage":18,"enemies":"Gremlin Gang","floor":14,"turns":4},{"damage":31,"enemies":"The Guardian","floor":16,"turns":4}],"seed_played":"765763958183567595","potions_obtained":[{"floor":2,"key":"DistilledChaos"},{"floor":2,"key":"Venom Potion"},{"floor":2,"key":"Ancient Potion"},{"floor":5,"key":"Swift Potion"},{"floor":7,"key":"BlessingOfTheForge"},{"floor":14,"key":"Adrenaline Potion"}],"is_trial":false,"path_per_floor":["M","?","$","$","M","R","E","M","T","E","?","M","R","M","R","B"],"character_chosen":"IRONCLAD","items_purchased":["Frozen Eye"],"campfire_rested":0,"item_purchase_floors":[3],"current_hp_per_floor":[80,80,80,80,79,79,60,60,60,42,42,42,42,30,30,0,0],"gold":236,"neow_bonus":"HUNDRED_GOLD","is_daily":false,"chose_seed":false,"campfire_upgraded":3,"win_rate":0.0,"timestamp":1613350736,"path_taken":["M","?","?","$","M","R","E","M","T","E","?","?","R","M","R","BOSS"],"items_purchased_type":["Relic"],"build_version":"2020-12-22","purchased_purges":1,"victory":false,"max_hp_per_floor":[80,80,80,80,80,80,80,80,80,80,80,80,80,80,80,80,80],"card_choices":[{"not_picked":["Body Slam","Perfected Strike"],"picked":"Twin Strike","floor":1},{"not_picked":["Shrug It Off","Heavy Blade"],"picked":"Spot Weakness","floor":2},{"not_picked":["ReplayTheSpireMod:Corrosion Curse","Warcry"],"picked":"Demon Form","floor":5},{"not_picked":["Armaments","Bloodletting"],"picked":"Cleave","floor":7},{"not_picked":["Cleave","Clash"],"picked":"Ghostly Armor","floor":8},{"not_picked":["Cleave","Feel No Pain"],"picked":"Perfected Strike","floor":10},{"not_picked":["Wild Strike","Clash"],"picked":"Bloodletting","floor":12},{"not_picked":["Twin Strike","Armaments"],"picked":"Abandon","floor":14}],"player_experience":330476,"relics_obtained":[{"floor":7,"key":"Replay:Bandana"},{"floor":9,"key":"Replay:Wax Seal"},{"floor":10,"key":"Bag of Preparation"}],"event_choices":[{"damage_healed":0,"gold_gain":0,"player_choice":"Box","damage_taken":0,"relics_obtained":["Unceasing Top"],"max_hp_gain":0,"max_hp_loss":0,"event_name":"Big Fish","floor":11,"gold_loss":0,"cards_obtained":["Regret"]}],"is_beta":false,"boss_relics":[],"items_purged_floors":[3],"is_endless":false,"potions_floor_spawned":[5,7,14],"killed_by":"The Guardian","ascension_level":3}}