{"host":"04x9isxu4s2lvye3","time":1613362425,"event":{"mods":["BaseMod","Colored Powertips","Highlight Path","Minty Spire (QoL Compilation)"],"gold_per_floor":[115,25,39,54,19,19,19,46,71,71,88,118,118,133,133,212,212,228,228,239,239,239,239,268,49,49,60,60,92,92,103,103,175,175,192,192,212,227,243,268,268,299,299,310,65,85,85,47,47,47],"floor_reached":51,"language":"ENG","playtime":3108,"items_purged":["Strike_G"],"score":1371,"play_id":"6952284c-f950-4a0d-9407-a325999f57bb","local_time":"20210214231345","is_ascension_mode":true,"campfire_choices":[{"data":"Neutralize","floor":6.0,"key":"SMITH"},{"data":"Dash","floor":13.0,"key":"SMITH"},{"data":"Finisher","floor":15.0,"key":"SMITH"},{"floor":23.0,"key":"REST"},{"floor":28.0,"key":"REST"},{"floor":30.0,"key":"REST"},{"floor":32.0,"key":"REST"},{"floor":41.0,"key":"REST"},{"floor":49.0,"key":"REST"}],"circlet_count":0,"master_deck":["AscendersBane","Survivor","Neutralize+1","Finisher+1","Flash of Steel+1","Backflip","Prepared","Dash+1","PiercingWail","Underhanded Strike+1","Blade Dance","Corpse Explosion","Outmaneuver+1","Reflex","Malaise","Blade Dance","Slice+1","Concentrate","Unload+1","Escape Plan","Noxious Fumes","Adrenaline","Tools of the Trade","Unload+1","Skewer+1","Expertise+1","Leg Sweep","Infinite Blades+1","Footwork","Calculated Gamble+1","Good Instincts"],"relics":["Ring of the Snake","Vajra","Mango","Centennial Puzzle","White Beast Statue","Fusion Hammer","Nilry\u0027s Codex","Boot","Tiny Chest","Happy Flower","PreservedInsect","Molten Egg 2","Pandora\u0027s Box","Potion Belt","Whetstone","Gremlin Horn","Membership Card"],"acts_visited":["Exordium","TheCity","TheBeyond"],"potions_floor_usage":[50,50,50,50,50,50,50],"damage_taken":[{"damage":0.0,"enemies":"Cultist","floor":1.0,"turns":5.0},{"damage":0.0,"enemies":"2 Louse","floor":3.0,"turns":2.0},{"damage":6.0,"enemies":"Jaw Worm","floor":4.0,"turns":4.0},{"damage":14.0,"enemies":"Gremlin Nob","floor":8.0,"turns":4.0},{"damage":6.0,"enemies":"2 Fungi Beasts","floor":11.0,"turns":4.0},{"damage":10.0,"enemies":"3 Sentries","floor":12.0,"turns":7.0},{"damage":0.0,"enemies":"Blue Slaver","floor":14.0,"turns":4.0},{"damage":37.0,"enemies":"Hexaghost","floor":16.0,"turns":12.0},{"damage":0.0,"enemies":"Chosen","floor":18.0,"turns":3.0},{"damage":0.0,"enemies":"3 Byrds","floor":20.0,"turns":4.0},{"damage":37.0,"enemies":"Book of Stabbing","floor":24.0,"turns":5.0},{"damage":9.0,"enemies":"Snake Plant","floor":27.0,"turns":4.0},{"damage":0.0,"enemies":"Slavers","floor":29.0,"turns":1.0},{"damage":12.0,"enemies":"Cultist and Chosen","floor":31.0,"turns":4.0},{"damage":26.0,"enemies":"Collector","floor":33.0,"turns":8.0},{"damage":6.0,"enemies":"Orb Walker","floor":35.0,"turns":2.0},{"damage":5.0,"enemies":"3 Darklings","floor":37.0,"turns":2.0},{"damage":26.0,"enemies":"Writhing Mass","floor":38.0,"turns":6.0},{"damage":4.0,"enemies":"Spire Growth","floor":39.0,"turns":3.0},{"damage":15.0,"enemies":"Nemesis","floor":40.0,"turns":3.0},{"damage":41.0,"enemies":"Reptomancer","floor":42.0,"turns":4.0},{"damage":0.0,"enemies":"Sphere and 2 Shapes","floor":44.0,"turns":6.0},{"damage":13.0,"enemies":"Maw","floor":46.0,"turns":7.0},{"damage":24,"enemies":"Donu and Deca","floor":50,"turns":5}],"seed_played":"8721696387828427022","potions_obtained":[{"floor":1.0,"key":"SteroidPotion"},{"floor":11.0,"key":"CunningPotion"},{"floor":12.0,"key":"Weak Potion"},{"floor":14.0,"key":"LiquidBronze"},{"floor":16.0,"key":"Swift Potion"},{"floor":18.0,"key":"Dexterity Potion"},{"floor":20.0,"key":"Dexterity Potion"},{"floor":27.0,"key":"Dexterity Potion"},{"floor":29.0,"key":"PowerPotion"},{"floor":33.0,"key":"GamblersBrew"},{"floor":35.0,"key":"AttackPotion"},{"floor":37.0,"key":"Weak Potion"},{"floor":38.0,"key":"BlessingOfTheForge"},{"floor":40.0,"key":"Regen Potion"},{"floor":42.0,"key":"Explosive Potion"},{"floor":44.0,"key":"EntropicBrew"},{"floor":46.0,"key":"Explosive Potion"}],"is_trial":false,"path_per_floor":["M","$","M","M","?","R","?","E","T","?","M","E","R","M","R","B",null,"M","?","M","?","T","R","E","$","T","M","R","E","R","M","R","B",null,"M","?","M","M","M","E","R","E","T","M","$","M","?","$","R","B",null],"character_chosen":"THE_SILENT","items_purchased":["Flash of Steel","Happy Flower","Membership Card","CultistPotion","LiquidMemories","LiquidBronze"],"campfire_rested":6,"item_purchase_floors":[2,25,45,45,45,48],"current_hp_per_floor":[65,65,65,59,72,72,61,61,61,61,55,45,45,45,45,8,67,67,46,46,46,46,71,34,34,34,25,50,50,75,63,86,60,80,74,74,69,43,39,24,49,20,20,20,20,7,7,7,32,8],"gold":47,"neow_bonus":"TEN_PERCENT_HP_BONUS","is_daily":false,"chose_seed":false,"campfire_upgraded":3,"win_rate":0.0,"timestamp":1613362425,"path_taken":["M","?","M","M","?","R","?","E","T","?","?","E","R","M","R","BOSS","M","?","M","?","?","R","E","$","T","M","R","E","R","M","R","BOSS","M","?","M","M","M","E","R","E","T","?","$","M","?","$","R","BOSS"],"items_purchased_type":["Card","Relic","Relic","Potion","Potion","Potion"],"build_version":"2020-12-22","purchased_purges":1,"victory":true,"max_hp_per_floor":[72,72,72,72,72,72,72,86,86,86,86,86,86,86,86,86,86,86,86,86,86,86,86,86,86,86,86,86,86,86,86,86,86,86,86,86,86,86,86,86,86,86,86,86,86,86,86,86,86,86],"card_choices":[{"not_picked":["Well Laid Plans","Underhanded Strike"],"picked":"Finisher","floor":1.0},{"not_picked":["Quick Slash","Eviscerate"],"picked":"Backflip","floor":3.0},{"not_picked":["Bouncing Flask","Expertise"],"picked":"Prepared","floor":4.0},{"not_picked":["Dagger Throw","Bullet Time"],"picked":"Dash","floor":8.0},{"not_picked":["Quick Slash","Dodge and Roll"],"picked":"PiercingWail","floor":11.0},{"not_picked":["Bullet Time","Deadly Poison"],"picked":"Underhanded Strike","floor":12.0},{"not_picked":["Masterful Stab","Slice"],"picked":"Blade Dance","floor":14.0},{"not_picked":["Doppelganger","Wraith Form v2"],"picked":"Corpse Explosion","floor":16.0},{"not_picked":["Bouncing Flask","Dash"],"picked":"Outmaneuver+1","floor":18.0},{"not_picked":["Dodge and Roll","Crippling Poison"],"picked":"Reflex","floor":20.0},{"not_picked":["Burst","Escape Plan"],"picked":"Malaise","floor":24.0},{"not_picked":["Cloak And Dagger","Prepared"],"picked":"Blade Dance","floor":27.0},{"not_picked":["Quick Slash+1","Night Terror"],"picked":"Slice+1","floor":29.0},{"not_picked":["Dash+1","Caltrops","Deflect"],"picked":"SKIP","floor":31.0},{"not_picked":["Dagger Throw+1","All Out Attack+1","Masterful Stab+1"],"picked":"SKIP","floor":35.0},{"not_picked":["Dagger Spray+1","Riddle With Holes+1"],"picked":"Expertise+1","floor":37.0},{"not_picked":["Slice+1","Deadly Poison"],"picked":"Leg Sweep","floor":38.0},{"not_picked":["Bane+1","Heel Hook+1"],"picked":"Infinite Blades+1","floor":39.0},{"not_picked":["Endless Agony+1","Outmaneuver+1"],"picked":"Footwork","floor":40.0},{"not_picked":["Underhanded Strike+1","Crippling Poison","Poisoned Stab+1"],"picked":"SKIP","floor":42.0},{"not_picked":["Deadly Poison+1","Dagger Spray+1","Bouncing Flask"],"picked":"SKIP","floor":44.0},{"not_picked":["Caltrops","Underhanded Strike+1"],"picked":"Calculated Gamble+1","floor":46.0},{"not_picked":["Flash of Steel+1","Impatience"],"picked":"Good Instincts","floor":47.0}],"player_experience":296082,"relics_obtained":[{"floor":8.0,"key":"Mango"},{"floor":9.0,"key":"Centennial Puzzle"},{"floor":12.0,"key":"White Beast Statue"},{"floor":19.0,"key":"Nilry\u0027s Codex"},{"floor":22.0,"key":"Boot"},{"floor":24.0,"key":"Tiny Chest"},{"floor":26.0,"key":"PreservedInsect"},{"floor":29.0,"key":"Molten Egg 2"},{"floor":40.0,"key":"Potion Belt"},{"floor":42.0,"key":"Whetstone"},{"floor":43.0,"key":"Gremlin Horn"}],"event_choices":[{"damage_healed":18.0,"max_hp_gain":0.0,"max_hp_loss":0.0,"gold_gain":0.0,"event_name":"The Cleric","player_choice":"Healed","floor":5.0,"gold_loss":35.0,"damage_taken":0.0},{"damage_healed":0.0,"max_hp_gain":0.0,"max_hp_loss":0.0,"gold_gain":0.0,"event_name":"Scrap Ooze","player_choice":"Success","floor":7.0,"gold_loss":0.0,"damage_taken":11.0,"relics_obtained":["Vajra"]},{"damage_healed":0.0,"max_hp_gain":0.0,"max_hp_loss":0.0,"gold_gain":0.0,"event_name":"Shining Light","player_choice":"Ignored","floor":10.0,"gold_loss":0.0,"damage_taken":0.0},{"damage_healed":0.0,"max_hp_gain":0.0,"max_hp_loss":0.0,"gold_gain":0.0,"event_name":"Cursed Tome","player_choice":"Obtained Book","floor":19.0,"gold_loss":0.0,"damage_taken":21.0},{"damage_healed":0.0,"max_hp_gain":0.0,"max_hp_loss":0.0,"gold_gain":0.0,"event_name":"Ghosts","player_choice":"Ignored","floor":21.0,"gold_loss":0.0,"damage_taken":0.0},{"cards_removed":["Concentrate"],"damage_healed":0.0,"max_hp_gain":0.0,"max_hp_loss":0.0,"gold_gain":0.0,"event_name":"Purifier","player_choice":"Purged","floor":36.0,"gold_loss":0.0,"damage_taken":0.0},{"damage_healed":0.0,"max_hp_gain":0.0,"max_hp_loss":0.0,"gold_gain":0.0,"event_name":"SensoryStone","player_choice":"Memory 1","floor":47.0,"gold_loss":0.0,"damage_taken":0.0}],"is_beta":false,"boss_relics":[{"not_picked":["Velvet Choker","Runic Dome"],"picked":"Fusion Hammer"},{"not_picked":["Sozu","Cursed Key"],"picked":"Pandora\u0027s Box"}],"items_purged_floors":[25],"is_endless":false,"potions_floor_spawned":[1,11,12,14,16,18,20,24,27,29,31,33,35,37,38,39,40,42,44,46],"ascension_level":15}}