{"host":"7r6bd5ce6zscnmwq","time":1613369609,"event":{"mods":["BaseMod","Block Reminder","Colored Map","Colored Powertips","Curses Come First","Downfall","Minty Spire (QoL Compilation)","Quick Restart","Shop Mod","Spicy Shops","StSLib"],"gold_per_floor":[99,116,116,133,150,5,28,40,60,60,92,92,92,120,130,232,232,232,249,267,267,267,267,267,286,315,215,227,227,227,239,256,256,256,256],"floor_reached":33,"language":"ENG","playtime":2785,"items_purged":[],"score":319,"play_id":"36363378-66bc-42ae-a977-f70385d93631","local_time":"20210215151329","is_ascension_mode":true,"campfire_choices":[{"data":"champ:StrikeOfGenius","floor":1,"key":"SMITH"},{"data":"champ:SkillfulDodge","floor":10,"key":"SMITH"},{"data":"champ:GladiatorForm","floor":18,"key":"SMITH"},{"data":"champ:RisingSlash","floor":23,"key":"SMITH"},{"floor":27,"key":"REST"},{"data":"champ:TripleStrike","floor":29,"key":"SMITH"},{"floor":30,"key":"RECALL"}],"circlet_count":0,"master_deck":["champ:Strike","champ:Strike","champ:Strike","champ:Defend","champ:Defend","champ:Defend","champ:Defend","champ:Execute","champ:Taunt+1","champ:StrikeOfGenius+1","champ:FlashCut","champ:SkillfulDodge+1","champ:TornadoPunch","champ:ShieldThrow","champ:EnGarde","champ:IronFortress","champ:FalseCounter","champ:RisingSlash+1","champ:GladiatorForm+1","champ:LastStand","champ:FlashCut+1","champ:TripleStrike+1","champ:RageSigil+1"],"relics":["champ:ChampionCrown","Omamori","Centennial Puzzle","Kunai","Calling Bell","Regal Pillow","Gremlin Horn","WingedGreaves","champ:DefensiveTrainingManual","Lantern","Eternal Feather","downfall:HeartBlessingGreen"],"acts_visited":["Exordium","TheCity"],"potions_floor_usage":[11,11,14,16,16,26,26,26,28],"damage_taken":[{"damage":16,"enemies":"Jaw Worm","floor":2,"turns":3},{"damage":10,"enemies":"Cultist","floor":4,"turns":3},{"damage":12,"enemies":"2 Louse","floor":5,"turns":3},{"damage":16,"enemies":"downfall:FleeingMerchant","floor":6,"turns":4},{"damage":10,"enemies":"Blue Slaver","floor":8,"turns":4},{"damage":8,"enemies":"Gremlin Gang","floor":9,"turns":3},{"damage":17,"enemies":"3 Sentries","floor":11,"turns":5},{"damage":15,"enemies":"Lagavulin","floor":14,"turns":5},{"damage":12,"enemies":"Lots of Slimes","floor":15,"turns":3},{"damage":26,"enemies":"SI_SHIV_ARCHETYPE","floor":16,"turns":8},{"damage":28,"enemies":"downfall:LooterAlt2","floor":19,"turns":5},{"damage":2,"enemies":"Chosen","floor":20,"turns":6},{"damage":23,"enemies":"Snake Plant","floor":25,"turns":6},{"damage":39,"enemies":"Slavers","floor":26,"turns":4},{"damage":25,"enemies":"Chosen and Byrds","floor":28,"turns":6},{"damage":20,"enemies":"Centurion and Healer","floor":31,"turns":5},{"damage":11,"enemies":"Shelled Parasite and Fungi","floor":32,"turns":4},{"damage":52,"enemies":"DF_ARCHETYPE_CLAW","floor":33,"turns":5}],"seed_played":"-1714570887090581899","potions_obtained":[{"floor":4,"key":"champ:CounterPotion"},{"floor":8,"key":"LiquidBronze"},{"floor":11,"key":"Energy Potion"},{"floor":13,"key":"Dexterity Potion"},{"floor":13,"key":"Dexterity Potion"},{"floor":14,"key":"Weak Potion"},{"floor":19,"key":"ColorlessPotion"},{"floor":25,"key":"Fire Potion"},{"floor":26,"key":"Swift Potion"}],"is_trial":false,"path_per_floor":["R","M","?","M","M","$","T","M","M","R","E","?","?","E","M","B",null,"R","M","M","?","?","R","T","M","E","R","M","R","R","M","M","B"],"character_chosen":"THE_CHAMP","items_purchased":["champ:EnGarde","champ:IronFortress"],"campfire_rested":1,"item_purchase_floors":[6,6],"current_hp_per_floor":[90,84,84,84,82,76,76,76,68,68,51,51,51,51,49,43,90,90,72,70,70,70,70,70,47,18,72,57,69,81,61,50,0,0,0],"gold":256,"neow_bonus":"ONE_RANDOM_RARE_CARD","is_daily":false,"chose_seed":false,"campfire_upgraded":5,"win_rate":0.0,"timestamp":1613369609,"path_taken":["R","M","?","?","M","$","T","M","M","R","E","?","?","E","M","BOSS","R","?","?","?","?","R","T","M","E","R","M","R","R","M","M","BOSS"],"items_purchased_type":["Card","Card"],"build_version":"2020-12-22","purchased_purges":0,"victory":false,"max_hp_per_floor":[90,90,90,90,90,90,90,90,90,90,90,90,90,90,90,90,90,90,90,90,90,90,90,90,90,90,90,90,90,90,90,90,90,90,90],"card_choices":[{"not_picked":["champ:Parry","champ:StanceDance"],"picked":"champ:FlashCut","floor":2},{"not_picked":["champ:BringItOn","champ:ShieldSigil"],"picked":"champ:SkillfulDodge","floor":4},{"not_picked":["champ:GutPunch","champ:CrownThrow"],"picked":"champ:TornadoPunch","floor":5},{"not_picked":["champ:FanOfKnives","champ:BerserkersShout"],"picked":"champ:ShieldThrow","floor":6},{"not_picked":["champ:SetATrap","champ:BringItOn"],"picked":"champ:FalseCounter","floor":8},{"not_picked":["champ:FocusedBerserking","champ:CrownThrow","champ:ShieldSlam"],"picked":"SKIP","floor":9},{"not_picked":["champ:RecklessLeap","champ:PreciseThrust"],"picked":"champ:RisingSlash","floor":11},{"not_picked":["champ:ViciousMockery","champ:RisingSlash"],"picked":"champ:GladiatorForm","floor":14},{"not_picked":["champ:Circumvent","champ:ViciousMockery","champ:FanOfKnives"],"picked":"SKIP","floor":15},{"not_picked":["champ:Devastate","champ:UltimateStance"],"picked":"champ:LastStand","floor":16},{"not_picked":["champ:CrownThrow+1","champ:DefensiveStyle","champ:ShieldSigil"],"picked":"SKIP","floor":19},{"not_picked":["champ:Shatter","champ:HeartStrike"],"picked":"champ:FlashCut+1","floor":20},{"not_picked":["champ:Haymaker","champ:BerserkerStyle","champ:GutPunch"],"picked":"SKIP","floor":25},{"not_picked":["champ:ShieldSigil","champ:Shatter+1"],"picked":"champ:TripleStrike","floor":26},{"not_picked":["champ:AdrenalArmor","champ:Shatter"],"picked":"champ:RageSigil+1","floor":28},{"not_picked":["champ:AdrenalArmor","champ:ShieldSigil","champ:RisingSlash"],"picked":"SKIP","floor":31},{"not_picked":["champ:AdrenalArmor","champ:BerserkerStyle","champ:StanceDance"],"picked":"SKIP","floor":32}],"player_experience":679408,"relics_obtained":[{"floor":7,"key":"Omamori"},{"floor":11,"key":"Centennial Puzzle"},{"floor":14,"key":"Kunai"},{"floor":17,"key":"Regal Pillow"},{"floor":17,"key":"Gremlin Horn"},{"floor":17,"key":"WingedGreaves"},{"floor":24,"key":"Lantern"},{"floor":26,"key":"Eternal Feather"}],"event_choices":[{"damage_healed":0,"gold_gain":0,"player_choice":"Got Potions","damage_taken":0,"max_hp_gain":0,"max_hp_loss":0,"event_name":"Lab","floor":13,"gold_loss":0}],"is_beta":false,"boss_relics":[{"not_picked":["Runic Dome","Coffee Dripper"],"picked":"Calling Bell"}],"items_purged_floors":[],"is_endless":false,"potions_floor_spawned":[4,8,11,14,15,19,25,26],"killed_by":"DF_ARCHETYPE_CLAW","ascension_level":1}}