{"host":"hgkb2zpbo2dcws21","time":1613394393,"event":{"mods":["AchievementEnabler","BaseMod","Colored Map","Colored Powertips","Custom Start","DeckTracker","KOR Keyword Fix","Keyboard Shortcuts","Minty Spire (QoL Compilation)","Relic Stats","StSLib","SuperFastMode"],"gold_per_floor":[109,384,107,119,131,131,149,149,149],"floor_reached":8,"language":"KOR","playtime":191,"items_purged":["Regret"],"score":96,"play_id":"98c67307-54db-4a61-b5cb-c58d0dd9fa9b","local_time":"20210215220633","is_ascension_mode":true,"campfire_choices":[{"data":"Evolve","floor":6,"key":"SMITH"}],"circlet_count":0,"master_deck":["AscendersBane","Strike_R","Strike_R","Strike_R","Strike_R","Strike_R","Defend_R","Defend_R","Defend_R","Defend_R","Bash","Shame","Evolve+1","Reckless Charge","Dark Embrace"],"relics":["Burning Blood","TheAbacus"],"acts_visited":["Exordium"],"potions_floor_usage":[],"damage_taken":[{"damage":18,"enemies":"Small Slimes","floor":1,"turns":5},{"damage":8,"enemies":"Cultist","floor":4,"turns":4},{"damage":11,"enemies":"2 Louse","floor":5,"turns":4},{"damage":43,"enemies":"Lots of Slimes","floor":7,"turns":7},{"damage":26,"enemies":"3 Sentries","floor":8,"turns":4}],"seed_played":"-2198870670855963674","potions_obtained":[{"floor":4,"key":"Ancient Potion"},{"floor":7,"key":"ElixirPotion"}],"is_trial":false,"path_per_floor":["M","?","$","M","M","R","M","E"],"character_chosen":"IRONCLAD","items_purchased":["TheAbacus","Reckless Charge"],"campfire_rested":0,"item_purchase_floors":[3,3],"current_hp_per_floor":[70,70,70,68,63,63,26,0,0],"gold":149,"neow_bonus":"TWENTY_PERCENT_HP_BONUS","is_daily":false,"chose_seed":false,"campfire_upgraded":1,"win_rate":0.0,"timestamp":1613394393,"path_taken":["M","?","$","M","M","R","M","E"],"items_purchased_type":["Relic","Card"],"build_version":"2020-12-22","purchased_purges":1,"victory":false,"max_hp_per_floor":[89,89,89,89,89,89,89,89,89],"relic_stats":{"TheAbacus":[30],"counters":[5,24],"obtain_stats":[{"TheAbacus":3,"Burning Blood":0},{"TheAbacus":1,"Burning Blood":0},{"TheAbacus":5,"Burning Blood":0}],"Burning Blood":24},"card_choices":[{"not_picked":["Havoc","Clash"],"picked":"Evolve","floor":1},{"not_picked":["Heavy Blade","Iron Wave","Rage"],"picked":"SKIP","floor":4},{"not_picked":["Clash","Flex"],"picked":"Dark Embrace","floor":5},{"not_picked":["Searing Blow","Heavy Blade","Clash"],"picked":"SKIP","floor":7}],"player_experience":1146603,"relics_obtained":[],"event_choices":[{"damage_healed":0,"gold_gain":275,"player_choice":"Desecrate","damage_taken":0,"max_hp_gain":0,"max_hp_loss":0,"event_name":"Golden Shrine","floor":2,"gold_loss":0,"cards_obtained":["Regret"]}],"is_beta":false,"boss_relics":[],"items_purged_floors":[3],"is_endless":false,"potions_floor_spawned":[4,7],"killed_by":"3 Sentries","ascension_level":20}}