{"host":"6h0diz2ap0m56grs","time":1613376042,"event":{"mods":["2.2 Compatiblity","BaseMod","Colored Map","Marisa????????","Minty Spire (QoL Compilation)","Quick Restart","Replay The Spire","Shop Mod","StSLib","The Cursed","The Exalted","The Necromancer","The Servant 0.9.4"],"gold_per_floor":[117,133,133,147,67,92,118,149,174,200,232,257,257,282,282,384,384,395,405,405,418,418,447,111,141,164,164,190,190,218,244,244,342,342,358,412,412,465,465,496,496,531,555,600,600,600,445,466,466,480],"floor_reached":51,"language":"ENG","playtime":2112,"items_purged":[],"score":1548,"play_id":"67b5ab90-b1c8-40f1-aed8-c2716f2e87b7","local_time":"20210215020042","daily_mods":["SealedDeck","Heirloom","Time Dilation","Flight"],"is_ascension_mode":true,"campfire_choices":[{"data":"Bromod:SteelCharge","floor":13,"key":"SMITH"},{"data":"Bromod:RendingStrike","floor":15,"key":"SMITH"},{"data":"Bromod:CollisionForce","floor":27,"key":"SMITH"},{"data":"Bromod:TargetCracker","floor":29,"key":"SMITH"},{"data":"Bromod:TargetCracker","floor":32,"key":"SMITH"},{"data":"ReplayUltimateDefense","floor":41,"key":"SMITH"},{"data":"Bromod:SteelFiber","floor":45,"key":"SMITH"},{"floor":46,"key":"DIG"},{"floor":49,"key":"DIG"}],"circlet_count":0,"master_deck":["Bromod:OrganShatter","Bromod:RadialBlind+1","Bromod:OrganShatter+1","Bromod:SlashDash","Bromod:NoReturn+1","Bromod:BulletJump+1","Bromod:PointStrike+1","Bromod:OrganShatter","Bromod:Stormbringer+1","Bromod:ContagiousSpread","Bromod:BulletJump","Bromod:Vitality+1","Bromod:SteelFiber+1","Bromod:Maglev+1","Bromod:Vitality+1","Bromod:TargetCracker+1","Bromod:TargetCracker+1","Bromod:RendingStrike+1","Bromod:SteelCharge+1","Bromod:BulletJump","Bromod:SlashDash","Bromod:SteelCharge+1","Bromod:CollisionForce+1","Bromod:BulletJump+1","Bromod:SteelFiber+1","ReplayUltimateDefense+1","Bromod:EnergySiphon+1"],"relics":["Bromod:Ordis","Bromod:AscarisDevice","replay:Trail_Library","Ginger","Vajra","Chameleon Ring","Counterbalance","Bird Faced Urn","Replay:Wax Seal","Runic Dome","Replay:Baseball","MerchantsRug","Guide Book","PreservedInsect","Bromod:ArcaneTrickery","Bag of Marbles","Ancient Tea Set","Shovel","Turnip","Sozu","FossilizedHelix","CatCart","Omamori","Replay:Bandana","Bromod:ArcaneNullifier","Replay:Bottled Eggs","Pen Nib","Replay:Rubber Ducky","Gremlin Horn"],"acts_visited":["Exordium","TheCity","TheBeyond"],"potions_floor_usage":[50,50,50],"damage_taken":[{"damage":0,"enemies":"Small Slimes","floor":1,"turns":3},{"damage":0,"enemies":"Cultist","floor":2,"turns":3},{"damage":0,"enemies":"2 Louse","floor":4,"turns":2},{"damage":0,"enemies":"Lagavulin","floor":6,"turns":6},{"damage":0,"enemies":"3 Sentries","floor":7,"turns":12},{"damage":0,"enemies":"Gremlin Nob","floor":8,"turns":4},{"damage":0,"enemies":"Lagavulin","floor":10,"turns":5},{"damage":0,"enemies":"Gremlin Nob","floor":11,"turns":4},{"damage":3,"enemies":"3 Sentries","floor":12,"turns":6},{"damage":0,"enemies":"Lagavulin","floor":14,"turns":5},{"damage":0,"enemies":"The Guardian","floor":16,"turns":6},{"damage":0,"enemies":"Chosen","floor":18,"turns":4},{"damage":11,"enemies":"2 Thieves","floor":19,"turns":4},{"damage":0,"enemies":"Snake Plant","floor":21,"turns":1},{"damage":11,"enemies":"Slavers","floor":23,"turns":5},{"damage":0,"enemies":"Book of Stabbing","floor":25,"turns":3},{"damage":0,"enemies":"Gremlin Leader","floor":28,"turns":4},{"damage":20,"enemies":"Slavers","floor":30,"turns":3},{"damage":0,"enemies":"Gremlin Leader","floor":31,"turns":4},{"damage":0,"enemies":"Champ","floor":33,"turns":5},{"damage":4,"enemies":"Orb Walker","floor":35,"turns":3},{"damage":0,"enemies":"2 Orb Walkers","floor":36,"turns":4},{"damage":3,"enemies":"Orin","floor":38,"turns":8},{"damage":0,"enemies":"R_Hoarder","floor":40,"turns":4},{"damage":0,"enemies":"Nemesis","floor":42,"turns":7},{"damage":0,"enemies":"Reptomancer","floor":44,"turns":8},{"damage":11,"enemies":"3 Darklings","floor":48,"turns":7},{"damage":0,"enemies":"Donu and Deca","floor":50,"turns":6}],"seed_played":"-2868423632114080552","potions_obtained":[{"floor":1,"key":"Energy Potion"},{"floor":8,"key":"Bromod:HealthRestore"},{"floor":10,"key":"Ancient Potion"},{"floor":11,"key":"Bromod:HealthRestore"},{"floor":16,"key":"Bromod:AmmoRestore"},{"floor":25,"key":"Bromod:EnergyRestore"},{"floor":30,"key":"DuplicationPotion"}],"is_trial":true,"path_per_floor":["M","M","?","M","$","E","E","E","T","E","E","E","R","E","R","B",null,"M","M","?","M","?","E","$","E","T","R","E","R","E","E","R","B",null,"M","?","$","?","?","E","R","E","T","E","R","R","$","M","R","B",null],"character_chosen":"THE_EXALTED","items_purchased":["Bromod:Maglev","MerchantsRug","Guide Book","PreservedInsect","Replay:Rubber Ducky"],"campfire_rested":0,"item_purchase_floors":[5,24,24,24,47],"current_hp_per_floor":[75,75,75,75,75,75,75,75,75,75,75,72,75,75,75,75,75,75,68,68,72,72,71,71,75,75,75,75,75,55,67,67,75,75,73,75,75,72,72,75,75,75,75,75,75,75,75,75,75,75],"gold":480,"neow_bonus":"","is_daily":false,"chose_seed":false,"campfire_upgraded":7,"win_rate":0.0,"timestamp":1613376042,"path_taken":["M","M","?","?","$","E","E","E","T","E","E","E","R","E","R","BOSS","M","?","?","?","?","E","$","E","T","R","E","R","E","E","R","BOSS","M","?","$","?","?","E","R","E","T","E","R","R","$","M","R","BOSS"],"items_purchased_type":["Card","Relic","Relic","Relic","Relic"],"build_version":"2020-12-22","purchased_purges":0,"victory":true,"max_hp_per_floor":[75,75,75,75,75,75,75,75,75,75,75,75,75,75,75,75,75,75,75,75,75,75,75,75,75,75,75,75,75,75,75,75,75,75,75,75,75,75,75,75,75,75,75,75,75,75,75,75,75,75],"card_choices":[{"not_picked":["Bromod:Provoked","Bromod:FastHands"],"picked":"Bromod:BulletJump","floor":1},{"not_picked":["Bromod:Foundry","Bromod:PointBlank"],"picked":"Bromod:Vitality","floor":2},{"not_picked":["Bromod:ShatteringImpact","Bromod:BulletJump"],"picked":"Bromod:SteelFiber","floor":4},{"not_picked":["Bromod:ContagiousSpread","Bromod:Fury"],"picked":"Bromod:Vitality","floor":6},{"not_picked":["Bromod:PointStrike","Bromod:SlipMagazine"],"picked":"Bromod:TargetCracker","floor":7},{"not_picked":["Bromod:HornetStrike","Bromod:BloodRush"],"picked":"Bromod:TargetCracker","floor":8},{"not_picked":["Bromod:TargetCracker","Bromod:Foundry"],"picked":"Bromod:RendingStrike","floor":10},{"not_picked":["Bromod:OrganShatter","Bromod:ShatteringImpact","Bromod:Vitality"],"picked":"SKIP","floor":11},{"not_picked":["Bromod:Redirection","Bromod:ReflexCoil","Bromod:PressurePoint"],"picked":"SKIP","floor":12},{"not_picked":["Bromod:QuickDraw","Bromod:BriefRespite","Bromod:PointStrike"],"picked":"SKIP","floor":14},{"not_picked":["Bromod:OrganShatter","Bromod:QuickDraw","Bromod:BulletJump"],"picked":"SKIP","floor":18},{"not_picked":["Bromod:EnergySiphon","Bromod:SlashDash"],"picked":"Bromod:BulletJump","floor":19},{"not_picked":["Bromod:EnergySiphon","Bromod:NoReturn"],"picked":"Bromod:SlashDash","floor":21},{"not_picked":["Bromod:PointBlank","Bromod:SeismicWave+1"],"picked":"Bromod:SteelCharge+1","floor":23},{"not_picked":["Bromod:SlipMagazine+1","Bromod:ShatteringImpact+1","Bromod:BulletJump"],"picked":"SKIP","floor":25},{"not_picked":["Bromod:ShatteringImpact","Bromod:QuickDraw","Bromod:SeismicWave"],"picked":"SKIP","floor":28},{"not_picked":["Bromod:OrganShatter","Bromod:Flow","Bromod:BloodRush"],"picked":"SKIP","floor":30},{"not_picked":["Bromod:Vitality","Bromod:PressurePoint+1"],"picked":"Bromod:BulletJump+1","floor":31},{"not_picked":["Bromod:FastHands+1","Bromod:RelentlessCombination","Bromod:TacticalPump+1"],"picked":"SKIP","floor":35},{"not_picked":["Bromod:Redirection+1","Bromod:Reflection+1"],"picked":"Bromod:SteelFiber+1","floor":38},{"not_picked":["Replay:Bootleg Shield Generator","Replay:Sssssssssshield"],"picked":"ReplayUltimateDefense","floor":39},{"not_picked":["Bromod:QuickDraw","Bromod:BriefRespite","Bromod:SteelFiber"],"picked":"SKIP","floor":40},{"not_picked":["Bromod:OrganShatter+1","Bromod:PointStrike"],"picked":"Bromod:EnergySiphon+1","floor":42},{"not_picked":["Bromod:OrganShatter+1","Bromod:Vitality","Bromod:BriefRespite"],"picked":"SKIP","floor":44},{"not_picked":["Bromod:OrganShatter","Bromod:KillingBlow+1","Bromod:Patagium"],"picked":"SKIP","floor":48}],"player_experience":550432,"relics_obtained":[{"floor":6,"key":"War Paint"},{"floor":7,"key":"Vajra"},{"floor":8,"key":"Eternal Feather"},{"floor":9,"key":"Whetstone"},{"floor":10,"key":"Chameleon Ring"},{"floor":11,"key":"Counterbalance"},{"floor":12,"key":"Bird Faced Urn"},{"floor":14,"key":"Replay:Wax Seal"},{"floor":23,"key":"Replay:Baseball"},{"floor":25,"key":"Bromod:ArcaneTrickery"},{"floor":26,"key":"Bag of Marbles"},{"floor":28,"key":"Ancient Tea Set"},{"floor":30,"key":"Shovel"},{"floor":31,"key":"Turnip"},{"floor":36,"key":"FossilizedHelix"},{"floor":38,"key":"CatCart"},{"floor":40,"key":"Omamori"},{"floor":42,"key":"Replay:Bandana"},{"floor":43,"key":"Bromod:ArcaneNullifier"},{"floor":44,"key":"Replay:Bottled Eggs"},{"floor":46,"key":"Pen Nib"},{"floor":49,"key":"Gremlin Horn"}],"event_choices":[{"damage_healed":0,"gold_gain":0,"player_choice":"Gave Potion","damage_taken":0,"relics_obtained":["Gremlin Food"],"max_hp_gain":0,"max_hp_loss":0,"event_name":"WeMeetAgain","floor":3,"gold_loss":0},{"damage_healed":0,"gold_gain":0,"player_choice":"Ignored","damage_taken":0,"max_hp_gain":0,"max_hp_loss":0,"event_name":"The Mausoleum","floor":22,"gold_loss":0},{"damage_healed":0,"gold_gain":0,"player_choice":"Fight","damage_taken":0,"max_hp_gain":0,"max_hp_loss":0,"event_name":"Mysterious Sphere","floor":36,"gold_loss":0},{"damage_healed":0,"gold_gain":0,"player_choice":"Fight","damage_taken":0,"max_hp_gain":0,"max_hp_loss":0,"event_name":"OrinTheCat","floor":38,"gold_loss":0},{"damage_healed":0,"gold_gain":0,"player_choice":"Memory 1","damage_taken":0,"max_hp_gain":0,"max_hp_loss":0,"event_name":"SensoryStone","floor":39,"gold_loss":0}],"is_beta":false,"boss_relics":[{"not_picked":["Honey Jar","Ring of Chaos"],"picked":"Runic Dome"},{"not_picked":["Astrolabe","Bromod:ArcaneEnergize"],"picked":"Sozu"}],"items_purged_floors":[],"is_endless":false,"potions_floor_spawned":[1,8,10,11,16,25,30,31,40,44,48],"ascension_level":1}}