{"host":"neeznpvpgo0qgfkd","time":1613430037,"event":{"mods":["AchievementEnabler","BaseMod","BetterRewards","Colored Map","Colored Powertips","Exacting","Minty Spire (QoL Compilation)","Permanent Neow","Quick Restart","Shop Mod"],"gold_per_floor":[116,164,178,453,471,498,512,547,547,584,584,607,607,649,649,769,819,856,871,871,880,263,326,13,54,78,117,117,147,166,207,207,320,320,343,343,419,17,42,57,90,90,145,173,173,199,233,262,274,286,298,310,27,66,66,66],"floor_reached":55,"language":"ENG","playtime":3363,"items_purged":[],"score":1447,"play_id":"ba403945-dec6-4bec-9a1c-05bfec7b504c","local_time":"20210215180037","is_ascension_mode":true,"campfire_choices":[{"floor":13.0,"key":"REST"},{"floor":15.0,"key":"REST"},{"floor":32.0,"key":"RECALL"},{"floor":42,"key":"REST"},{"floor":45,"key":"REST"},{"data":"Riddle With Holes","floor":49,"key":"SMITH"},{"data":"Flying Knee","floor":52,"key":"SMITH"}],"circlet_count":0,"master_deck":["Strike_G","Strike_G","Strike_G","Strike_G","Strike_G","Defend_G","Defend_G","Defend_G","Defend_G","Defend_G","Survivor","Neutralize+1","Panache+1","Infinite Blades+1","Cloak And Dagger+1","Outmaneuver+1","Blur+1","Phantasmal Killer+1","Noxious Fumes+1","Blade Dance+1","Blur+1","Finisher+1","Slice","Flying Knee+1","Adrenaline+1","Venomology+1","Bane+1","RitualDagger+1","Accuracy+1","Slice+1","Cloak And Dagger+1","Footwork+1","Accuracy+1","Burst+1","Riddle With Holes+1","Infinite Blades+1","Adrenaline+1","Blade Dance+1","Noxious Fumes+1"],"relics":["Ring of the Snake","Frozen Egg 2","Toxic Egg 2","HandDrill","Gambling Chip","Meat on the Bone","Gremlin Horn","CeramicFish","HornCleat","Tiny House","Ginger","InkBottle","Tiny Chest","Vajra","Snake Skull","Potion Belt","Omamori","Mercury Hourglass","Necronomicon","Whetstone","Black Star","Shuriken","Ancient Tea Set","Turnip","Bottled Flame","Oddly Smooth Stone","Blood Vial","MawBank","Torii","Happy Flower","Toy Ornithopter"],"acts_visited":["Exordium","TheCity","TheBeyond","TheEnding"],"potions_floor_usage":[35,40,40,40,46,47,50,50,50,54,54],"damage_taken":[{"damage":6.0,"enemies":"Cultist","floor":1.0,"turns":3.0},{"damage":0.0,"enemies":"Small Slimes","floor":2.0,"turns":3.0},{"damage":4.0,"enemies":"Jaw Worm","floor":3.0,"turns":3.0},{"damage":9.0,"enemies":"Blue Slaver","floor":5.0,"turns":4.0},{"damage":2.0,"enemies":"Lagavulin","floor":6.0,"turns":4.0},{"damage":6.0,"enemies":"Large Slime","floor":7.0,"turns":2.0},{"damage":3.0,"enemies":"3 Sentries","floor":8.0,"turns":4.0},{"damage":0.0,"enemies":"Lagavulin","floor":10.0,"turns":4.0},{"damage":10.0,"enemies":"Exordium Wildlife","floor":12.0,"turns":4.0},{"damage":9.0,"enemies":"3 Sentries","floor":14.0,"turns":5.0},{"damage":0.0,"enemies":"Slime Boss","floor":16.0,"turns":5.0},{"damage":0.0,"enemies":"2 Thieves","floor":18.0,"turns":3.0},{"damage":2.0,"enemies":"Shell Parasite","floor":19.0,"turns":4.0},{"damage":11.0,"enemies":"Book of Stabbing","floor":23.0,"turns":3.0},{"damage":6.0,"enemies":"Gremlin Leader","floor":25.0,"turns":2.0},{"damage":2.0,"enemies":"Book of Stabbing","floor":27.0,"turns":3.0},{"damage":34.0,"enemies":"Slavers","floor":29.0,"turns":3.0},{"damage":2.0,"enemies":"Chosen and Byrds","floor":30.0,"turns":3.0},{"damage":4.0,"enemies":"Centurion and Healer","floor":31.0,"turns":3.0},{"damage":14.0,"enemies":"Collector","floor":33.0,"turns":4.0},{"damage":0,"enemies":"3 Darklings","floor":35,"turns":4},{"damage":26,"enemies":"3 Shapes","floor":39,"turns":2},{"damage":5,"enemies":"Spire Growth","floor":40,"turns":2},{"damage":0,"enemies":"Giant Head","floor":41,"turns":5},{"damage":12,"enemies":"Transient","floor":44,"turns":5},{"damage":0,"enemies":"Reptomancer","floor":46,"turns":2},{"damage":6,"enemies":"Writhing Mass","floor":47,"turns":3},{"damage":0,"enemies":"Maw","floor":48,"turns":4},{"damage":18,"enemies":"Awakened One","floor":50,"turns":6},{"damage":33,"enemies":"Shield and Spear","floor":54,"turns":4},{"damage":46,"enemies":"The Heart","floor":55,"turns":2}],"seed_played":"-5178589686925246001","potions_obtained":[{"floor":3.0,"key":"ColorlessPotion"},{"floor":5.0,"key":"DistilledChaos"},{"floor":8.0,"key":"Regen Potion"},{"floor":10.0,"key":"AttackPotion"},{"floor":14.0,"key":"SteroidPotion"},{"floor":17.0,"key":"Weak Potion"},{"floor":18.0,"key":"Explosive Potion"},{"floor":19.0,"key":"Strength Potion"},{"floor":33.0,"key":"Ancient Potion"},{"floor":35,"key":"GhostInAJar"},{"floor":44,"key":"GamblersBrew"}],"is_trial":false,"path_per_floor":["M","M","M","?","M","E","M","E","T","E","?","M","R","E","R","B",null,"M","M","?","?","$","E","$","E","T","E","?","E","M","M","R","B",null,"M","?","T","$","M","M","E","R","T","M","R","E","M","M","R","B",null,"R","$","E","B"],"character_chosen":"THE_SILENT","items_purchased":["Frozen Egg 2","Toxic Egg 2","Panache+1","Infinite Blades+1","Cloak And Dagger+1","HandDrill","Outmaneuver+1","Accuracy+1","Ginger","InkBottle","Vajra","Snake Skull","Shuriken","Ancient Tea Set","Torii"],"campfire_rested":4,"item_purchase_floors":[0,0,0,0,0,0,0,22,22,22,24,24,38,38,53],"current_hp_per_floor":[57,57,53,53,44,42,36,33,33,42,35,37,58,49,70,70,75,75,73,73,67,67,56,56,50,50,48,32,34,44,40,40,38,66,66,66,66,66,40,40,40,62,62,50,72,72,68,70,70,57,71,71,71,40,0,0],"gold":66,"neow_bonus":"","is_daily":false,"chose_seed":false,"campfire_upgraded":2,"win_rate":0.0,"timestamp":1613430037,"path_taken":["M","?","M","?","?","E","M","E","T","E","?","M","R","E","R","BOSS","M","M","?","?","?","E","?","E","T","E","?","E","M","M","R","BOSS","M","?","?","$","M","M","E","R","T","M","R","E","?","M","R","BOSS","R","$","E","BOSS"],"items_purchased_type":["Relic","Relic","Card","Card","Card","Relic","Card","Card","Relic","Relic","Relic","Relic","Relic","Relic","Relic"],"build_version":"2020-12-22","purchased_purges":0,"victory":false,"max_hp_per_floor":[70,70,70,70,70,70,70,70,70,70,70,70,70,70,70,70,75,75,75,75,75,75,75,75,75,75,75,75,75,75,75,75,75,75,75,75,75,75,75,75,75,75,75,75,75,75,75,75,75,75,75,75,75,75,75,75],"card_choices":[{"not_picked":["Masterful Stab","Underhanded Strike","Bane"],"picked":"SKIP","floor":1.0},{"not_picked":["Outmaneuver+1","Concentrate+1"],"picked":"Blur+1","floor":2.0},{"not_picked":["Acrobatics+1","Finisher"],"picked":"Phantasmal Killer+1","floor":3.0},{"not_picked":["Dodge and Roll+1","Prepared+1"],"picked":"Noxious Fumes+1","floor":5.0},{"not_picked":["Distraction+1","Catalyst+1"],"picked":"Blade Dance+1","floor":6.0},{"not_picked":["Predator","Eviscerate"],"picked":"Blur+1","floor":7.0},{"not_picked":["Prepared+1","Glass Knife"],"picked":"Finisher","floor":8.0},{"not_picked":["Prepared+1","Deadly Poison+1"],"picked":"Slice","floor":10.0},{"not_picked":["Quick Slash","Endless Agony"],"picked":"Flying Knee","floor":12.0},{"not_picked":["PiercingWail+1","Dash"],"picked":"Adrenaline+1","floor":14.0},{"not_picked":["A Thousand Cuts+1","Burst+1"],"picked":"Venomology+1","floor":16.0},{"not_picked":["Sucker Punch","Prepared+1"],"picked":"Bane+1","floor":18.0},{"not_picked":["Sucker Punch","Acrobatics+1","Dagger Throw"],"picked":"SKIP","floor":19.0},{"not_picked":["Deadly Poison+1","Deflect+1"],"picked":"Slice+1","floor":23.0},{"not_picked":["Dagger Spray","Grand Finale"],"picked":"Cloak And Dagger+1","floor":25.0},{"not_picked":["Flechettes","Prepared+1"],"picked":"Footwork+1","floor":27.0},{"not_picked":["Poisoned Stab","Heel Hook","Underhanded Strike"],"picked":"SKIP","floor":29.0},{"not_picked":["Backflip+1","Heel Hook","Slice"],"picked":"SKIP","floor":30.0},{"not_picked":["Slice","Dodge and Roll+1"],"picked":"Accuracy+1","floor":31.0},{"not_picked":["Night Terror+1","Doppelganger+1"],"picked":"Burst+1","floor":33.0},{"not_picked":["Masterful Stab","Deadly Poison+1"],"picked":"Riddle With Holes","floor":35},{"not_picked":["Flying Knee","PiercingWail+1"],"picked":"Infinite Blades+1","floor":39},{"not_picked":["Quick Slash+1","Expertise+1","Prepared+1"],"picked":"SKIP","floor":40},{"not_picked":["Acrobatics+1","Distraction+1","Dagger Throw"],"picked":"SKIP","floor":41},{"not_picked":["Footwork+1","Riddle With Holes+1"],"picked":"Adrenaline+1","floor":44},{"not_picked":["Phantasmal Killer+1","Choke+1","Skewer+1"],"picked":"SKIP","floor":46},{"not_picked":["Finisher","Prepared+1"],"picked":"Blade Dance+1","floor":47},{"not_picked":["Dagger Spray+1","Quick Slash+1","Bane"],"picked":"SKIP","floor":48},{"not_picked":["Bouncing Flask+1","Dagger Throw+1"],"picked":"Noxious Fumes+1","floor":54}],"player_experience":1409967,"relics_obtained":[{"floor":6.0,"key":"Gambling Chip"},{"floor":8.0,"key":"Meat on the Bone"},{"floor":9.0,"key":"Gremlin Horn"},{"floor":10.0,"key":"CeramicFish"},{"floor":14.0,"key":"HornCleat"},{"floor":23.0,"key":"Tiny Chest"},{"floor":25.0,"key":"Potion Belt"},{"floor":26.0,"key":"Omamori"},{"floor":27.0,"key":"Mercury Hourglass"},{"floor":28.0,"key":"Necronomicon"},{"floor":29.0,"key":"Whetstone"},{"floor":41,"key":"Turnip"},{"floor":41,"key":"Bottled Flame"},{"floor":43,"key":"Oddly Smooth Stone"},{"floor":46,"key":"Blood Vial"},{"floor":46,"key":"MawBank"},{"floor":54,"key":"Happy Flower"},{"floor":54,"key":"Toy Ornithopter"}],"event_choices":[{"damage_healed":0.0,"max_hp_gain":0.0,"max_hp_loss":0.0,"gold_gain":275.0,"event_name":"Golden Shrine","player_choice":"Desecrate","floor":4.0,"gold_loss":0.0,"damage_taken":0.0,"cards_obtained":["Regret"]},{"cards_removed":["Regret"],"damage_healed":0.0,"max_hp_gain":0.0,"max_hp_loss":0.0,"gold_gain":0.0,"event_name":"Golden Wing","player_choice":"Card Removal","floor":11.0,"gold_loss":0.0,"damage_taken":7.0},{"damage_healed":0.0,"max_hp_gain":0.0,"max_hp_loss":0.0,"gold_gain":0.0,"event_name":"Vampires","player_choice":"Ignored","floor":20.0,"gold_loss":0.0,"damage_taken":0.0},{"damage_healed":0.0,"max_hp_gain":0.0,"max_hp_loss":0.0,"gold_gain":0.0,"event_name":"Nest","player_choice":"Joined the Cult","floor":21.0,"gold_loss":0.0,"damage_taken":6.0,"cards_obtained":["RitualDagger"]},{"damage_healed":0.0,"max_hp_gain":0.0,"max_hp_loss":0.0,"gold_gain":0.0,"event_name":"Cursed Tome","player_choice":"Obtained Book","floor":28.0,"gold_loss":0.0,"damage_taken":16.0},{"damage_healed":0,"gold_gain":0,"player_choice":"Ignored","damage_taken":0,"max_hp_gain":0,"max_hp_loss":0,"event_name":"Tomb of Lord Red Mask","floor":36,"gold_loss":0}],"is_beta":false,"boss_relics":[{"not_picked":["Sozu","Snecko Eye"],"picked":"Tiny House"},{"not_picked":["Cursed Key","Fusion Hammer"],"picked":"Black Star"}],"items_purged_floors":[],"is_endless":false,"potions_floor_spawned":[3,5,8,10,18,19,33,35,44],"killed_by":"The Heart","ascension_level":8}}