{"host":"pjz3m1kifmtv24r2","time":1613420819,"event":{"mods":["2.2 Compatiblity","Aspiration","BaseMod","Bestiary","Better Altar","Better Match","Better Note","Better Sensory Stone","Better Skull","CCEM2","Colored Powertips","Conspire","Dark Map","Displayed Cursed Tome","Fox Events","GifTheSpireLib","Halation","Highlight Path","Hubris","Jedi Mod","Mimic Mod","Minty Spire (QoL Compilation)","Quick Restart","RatMod","Relic Sorter","Reliquary","Replay The Spire","Small Relic Pack","Spicy Shops","Spikes Relics","Spire Arcade","StS++","StSLib","Stuff the Spire","The Blue Laboratory","The Runesmith","Trackpad","Wandering Minibosses"],"gold_per_floor":[114,214,233,233,245,279,279,314,337,337,12,30,48,48,48,151,151,126,146,36,36,36,36],"floor_reached":22,"language":"ENG","playtime":1411,"items_purged":[],"score":194,"play_id":"0296e0f5-fa2f-4272-89d7-36e7cae39d9e","local_time":"20210215152659","is_ascension_mode":false,"campfire_choices":[{"data":"theextravagant:AuroraForm","floor":7,"key":"SMITH"},{"floor":10,"key":"REST"},{"floor":15,"key":"REST"}],"circlet_count":0,"master_deck":["theextravagant:SlyStrike","theextravagant:SlyStrike","theextravagant:SlyStrike","theextravagant:Fence","theextravagant:Fence","theextravagant:Fence","theextravagant:Fence","theextravagant:QuickAttack","theextravagant:Triumph","theextravagant:FocusStab+1","theextravagant:ShootingStar","theextravagant:AuroraForm+1","theextravagant:CutTheDeck","theextravagant:GlyphOfChoice","theextravagant:Precaution","theextravagant:Firework","theextravagant:WhiffOfMagic","theextravagant:GlyphOfTime+1","theextravagant:Precaution"],"relics":["theextravagant:TranslucentFeather","NeowsBlessing","reliquary:Stiletto","CCEMRelics:WhiteRose","CCEMRelics:LatexGloves","trackpad:BottledTsunami","halation:Prosthetics","Boot"],"acts_visited":["Exordium","TheCity"],"potions_floor_usage":[8,18],"damage_taken":[{"damage":0,"enemies":"Jaw Worm","floor":1,"turns":1},{"damage":0,"enemies":"Cultist","floor":3,"turns":1},{"damage":0,"enemies":"Small Slimes","floor":5,"turns":2},{"damage":24,"enemies":"Lagavulin","floor":6,"turns":6},{"damage":27,"enemies":"3 Sentries","floor":8,"turns":5},{"damage":16,"enemies":"Blue Slaver","floor":12,"turns":4},{"damage":6,"enemies":"Red Slaver","floor":13,"turns":4},{"damage":20,"enemies":"Hexaghost","floor":16,"turns":4},{"damage":5,"enemies":"2 Thieves","floor":18,"turns":5},{"damage":20,"enemies":"Spheric Guardian","floor":19,"turns":5},{"damage":19,"enemies":"Cultist and Chosen","floor":22,"turns":4}],"seed_played":"721264247052250862","potions_obtained":[{"floor":1,"key":"blueLaboratory:FrostheartPotion"},{"floor":3,"key":"PowerPotion"},{"floor":13,"key":"blueLaboratory:FrostheartPotion"},{"floor":19,"key":"Languid Potion"}],"is_trial":false,"path_per_floor":["M","?","M","?","M","E","R","E","T","R","$","M","M","?","R","B",null,"M","M","$","?","M"],"character_chosen":"THE_EXTRAVAGANT","items_purchased":["theextravagant:GlyphOfChoice","trackpad:BottledTsunami","Boot","theextravagant:Precaution"],"campfire_rested":2,"item_purchase_floors":[11,11,20,20],"current_hp_per_floor":[75,75,75,75,75,51,51,24,24,46,46,30,24,24,46,26,40,35,15,15,15,0,0],"gold":36,"neow_bonus":"THREE_ENEMY_KILL","is_daily":false,"chose_seed":false,"campfire_upgraded":1,"win_rate":0.0,"timestamp":1613420819,"path_taken":["M","?","?","?","M","E","R","E","T","R","$","M","?","?","R","BOSS","M","M","$","?","M"],"items_purchased_type":["Card","Relic","Relic","Card"],"build_version":"2020-12-22","purchased_purges":0,"victory":false,"max_hp_per_floor":[75,75,75,75,75,75,75,75,75,75,75,75,75,75,75,75,40,40,40,40,40,40,40],"card_choices":[{"not_picked":["theextravagant:CuttingEdge","theextravagant:Aggression"],"picked":"theextravagant:FocusStab","floor":1},{"not_picked":["theextravagant:Cutthroat","theextravagant:Pushthrough"],"picked":"theextravagant:ShootingStar","floor":3},{"not_picked":["theextravagant:Foil","theextravagant:StepBack"],"picked":"theextravagant:AuroraForm","floor":5},{"not_picked":["theextravagant:Tension","theextravagant:GarbageCannon"],"picked":"theextravagant:CutTheDeck","floor":6},{"not_picked":["theextravagant:Foil","theextravagant:PerfectTheBasics","theextravagant:Castle"],"picked":"SKIP","floor":8},{"not_picked":["theextravagant:Shove","theextravagant:Riot"],"picked":"theextravagant:Precaution","floor":12},{"not_picked":["theextravagant:Swirl","theextravagant:Shake"],"picked":"theextravagant:Firework","floor":13},{"not_picked":["theextravagant:Outrun","theextravagant:RiskyStrike"],"picked":"theextravagant:WhiffOfMagic","floor":16},{"not_picked":["theextravagant:Shake","theextravagant:SkillfullDodge","theextravagant:Thrill"],"picked":"SKIP","floor":18},{"not_picked":["theextravagant:ShootingStar","theextravagant:Twitch"],"picked":"theextravagant:GlyphOfTime+1","floor":19}],"player_experience":104135,"relics_obtained":[{"floor":6,"key":"reliquary:Stiletto"},{"floor":8,"key":"CCEMRelics:WhiteRose"},{"floor":9,"key":"CCEMRelics:LatexGloves"}],"event_choices":[{"damage_healed":0,"gold_gain":100,"player_choice":"Pray","damage_taken":0,"max_hp_gain":0,"max_hp_loss":0,"event_name":"Golden Shrine","floor":2,"gold_loss":0},{"damage_healed":0,"gold_gain":0,"player_choice":"Upgraded","damage_taken":0,"max_hp_gain":0,"max_hp_loss":0,"event_name":"Upgrade Shrine","floor":4,"gold_loss":0,"cards_upgraded":["theextravagant:FocusStab"]},{"cards_removed":["theextravagant:SlyStrike"],"damage_healed":0,"gold_gain":0,"player_choice":"Purged","damage_taken":0,"max_hp_gain":0,"max_hp_loss":0,"event_name":"Purifier","floor":14,"gold_loss":0},{"damage_healed":0,"gold_gain":0,"player_choice":"Ignored","damage_taken":0,"max_hp_gain":0,"max_hp_loss":0,"event_name":"betterNote:BetterNote","floor":21,"gold_loss":0,"cards_obtained":["Cold Snap"]}],"is_beta":false,"boss_relics":[{"not_picked":["Kintsugi","jedi:hotpepper"],"picked":"halation:Prosthetics"}],"items_purged_floors":[],"is_endless":false,"potions_floor_spawned":[1,3,13,19],"killed_by":"Cultist and Chosen","ascension_level":0}}