{"host":"kipy315whq7pv20a","time":1613387789,"event":{"mods":["BaseMod","Minty Spire (QoL Compilation)","Replay The Spire","StSLib","The Marked"],"gold_per_floor":[11,11,11,11,30,57,57,77,77,106,119,184,184,215,215,310,310,327,15,33,33,50,50,50,69,69,69,80,80,99,109,109,210,210,225,25,25,45,63,97,97,116,141,157,176,176,192,208,208,208,208],"floor_reached":50,"language":"ENG","playtime":4786,"items_purged":["Amnesia"],"score":623,"play_id":"4fc24e0f-27cc-4510-ae05-10deb054cc2c","local_time":"20210215121629","is_ascension_mode":false,"campfire_choices":[{"data":"theMarked:Convert","floor":7,"key":"SMITH"},{"floor":15,"key":"REST"},{"floor":23,"key":"REST"},{"data":"theMarked:Generate","floor":32,"key":"SMITH"},{"floor":46,"key":"REST"},{"floor":49,"key":"REST"}],"circlet_count":0,"master_deck":["theMarked:Defend","theMarked:SoldierOfQuellstein","theMarked:MagusForm","theMarked:Convert+1","theMarked:Panic","theMarked:GodGivenPower","theMarked:RepellingDischarge","theMarked:Standoff","theMarked:Improvise","theMarked:Maelstrom","theMarked:BiggerThanFate","theMarked:Memento+1","theMarked:Panic+1","theMarked:CreepingChasm+1","theMarked:Generate+1","theMarked:ChainLightning","theMarked:ChainLightning","theMarked:ComboAttacks","theMarked:Improvise","theMarked:ResourceFulStrike+1","Bite","Bite","Bite","Bite","Bite","theMarked:EnhanceMovement","theMarked:ContemptForTheProud","theMarked:Overcharge","theMarked:Overcharge","theMarked:CreepingChasm+1","theMarked:MagusForm","theMarked:Parkour+1","theMarked:Aftermath","Chrysalis","Finesse","Madness","theMarked:OneWithTheBlade","theMarked:Electrify+1","theMarked:HeightenedSenses+1","theMarked:Levitate","theMarked:ResourceFulStrike+1","theMarked:Aftermath+1"],"relics":["theMarked:ArtifactOfAir","ReplayTheSpireMod:Ring of Addiction","Potion Belt","White Beast Statue","Ring of Fangs","Chameleon Ring","MealTicket","Divine Protection","ReplayFunnel","Replay:Ringing Soul","FossilizedHelix","Astrolabe","Juzu Bracelet","Calipers","Ring of Chaos","Blue Doll","Replay:Rubber Ducky","Bronze Scales"],"acts_visited":["Exordium","TheCity","TheBeyond"],"potions_floor_usage":[5,6,6,8,10,11,12,12,14,16,18,20,22,22,25,28,30,33,33,38,39,40,42,44,44,47,48,50,50],"damage_taken":[{"damage":1,"enemies":"Jaw Worm","floor":1,"turns":3},{"damage":0,"enemies":"Small Slimes","floor":5,"turns":2},{"damage":13,"enemies":"Lagavulin","floor":6,"turns":8},{"damage":4,"enemies":"2 Louse","floor":8,"turns":3},{"damage":12,"enemies":"3 Sentries","floor":10,"turns":6},{"damage":4,"enemies":"Exordium Thugs","floor":11,"turns":6},{"damage":0,"enemies":"3 Sentries","floor":12,"turns":8},{"damage":8,"enemies":"Gremlin Nob","floor":14,"turns":6},{"damage":13,"enemies":"The Guardian","floor":16,"turns":8},{"damage":10,"enemies":"3 Byrds","floor":18,"turns":4},{"damage":21,"enemies":"2 Thieves","floor":20,"turns":4},{"damage":30,"enemies":"Centurion and Healer","floor":22,"turns":6},{"damage":31,"enemies":"Snake Plant","floor":25,"turns":4},{"damage":10,"enemies":"Sentry and Sphere","floor":28,"turns":4},{"damage":18,"enemies":"Centurion and Healer","floor":30,"turns":4},{"damage":0,"enemies":"Cultist and Chosen","floor":31,"turns":3},{"damage":39,"enemies":"Champ","floor":33,"turns":7},{"damage":0,"enemies":"3 Shapes","floor":35,"turns":2},{"damage":0,"enemies":"Orb Walker","floor":38,"turns":3},{"damage":21,"enemies":"Jaw Worm Horde","floor":39,"turns":4},{"damage":44,"enemies":"Nemesis","floor":40,"turns":7},{"damage":3,"enemies":"4 Shapes","floor":42,"turns":2},{"damage":24,"enemies":"3 Darklings","floor":44,"turns":6},{"damage":0,"enemies":"Maw","floor":45,"turns":6},{"damage":39,"enemies":"Sphere and 2 Shapes","floor":47,"turns":7},{"damage":30,"enemies":"Writhing Mass","floor":48,"turns":7},{"damage":57,"enemies":"Donu and Deca","floor":50,"turns":4}],"seed_played":"4589015049941578221","potions_obtained":[{"floor":2,"key":"Explosive Potion"},{"floor":2,"key":"Weak Potion"},{"floor":2,"key":"Block Potion"},{"floor":5,"key":"Strength Potion"},{"floor":6,"key":"Adrenaline Potion"},{"floor":8,"key":"Explosive Potion"},{"floor":10,"key":"LifebloodPotion"},{"floor":11,"key":"BlessingOfTheForge"},{"floor":12,"key":"Weak Potion"},{"floor":14,"key":"theMarked:ChargePotion"},{"floor":16,"key":"Dexterity Potion"},{"floor":18,"key":"PowerPotion"},{"floor":20,"key":"SpeedPotion"},{"floor":22,"key":"PowerPotion"},{"floor":25,"key":"Fire Potion"},{"floor":28,"key":"Energy Potion"},{"floor":30,"key":"theMarked:ChargePotion"},{"floor":31,"key":"ColorlessPotion"},{"floor":33,"key":"LiquidBronze"},{"floor":35,"key":"Block Potion"},{"floor":38,"key":"BlessingOfTheForge"},{"floor":39,"key":"Block Potion"},{"floor":40,"key":"LiquidBronze"},{"floor":42,"key":"AttackPotion"},{"floor":44,"key":"Elixir"},{"floor":45,"key":"LifebloodPotion"},{"floor":47,"key":"AttackPotion"},{"floor":48,"key":"Ancient Potion"}],"is_trial":false,"path_per_floor":["M","?","?","T","M","E","R","M","T","E","M","?","?","E","R","B",null,"M","$","M","?","M","R","?","M","T","?","M","?","M","M","R","B",null,"M","$","?","M","M","E","?","M","T","M","M","R","M","M","R","B"],"character_chosen":"THE_DEFAULT","items_purchased":["theMarked:Generate","theMarked:ChainLightning","theMarked:ComboAttacks","AttackPotion","Blue Doll","theMarked:Aftermath"],"campfire_rested":4,"item_purchase_floors":[19,19,19,19,36,36],"current_hp_per_floor":[69,69,69,69,69,56,56,52,52,40,36,39,39,34,56,46,82,75,88,70,73,46,75,70,42,42,42,47,50,39,44,44,26,88,91,94,85,88,67,29,29,31,31,20,25,57,25,4,37,0,0],"gold":208,"neow_bonus":"THREE_RARE_CARDS","is_daily":false,"chose_seed":false,"campfire_upgraded":2,"win_rate":0.0,"timestamp":1613387789,"path_taken":["M","?","?","?","M","E","R","?","T","E","M","?","?","E","R","BOSS","M","$","M","?","M","R","?","M","T","?","M","?","M","M","R","BOSS","M","$","?","M","M","E","?","M","T","M","M","R","M","M","R","BOSS"],"items_purchased_type":["Card","Card","Card","Potion","Relic","Card"],"build_version":"2020-12-22","purchased_purges":1,"victory":false,"max_hp_per_floor":[70,70,70,70,70,70,70,70,70,70,70,73,73,76,76,79,82,85,88,91,94,97,97,70,73,73,73,76,79,82,85,85,88,88,91,94,95,98,98,98,98,101,101,104,107,107,110,113,113,113,113],"card_choices":[{"not_picked":["theMarked:TakeOffHeels","theMarked:Levitate"],"picked":"theMarked:MagusForm","floor":0},{"not_picked":["theMarked:EmpowerWeapon","theMarked:Frustration"],"picked":"theMarked:Convert","floor":1},{"not_picked":["theMarked:Determination","theMarked:WastefulAttack"],"picked":"theMarked:Panic","floor":5},{"not_picked":["theMarked:KeepCalmAndFight","theMarked:ChainLightning"],"picked":"theMarked:GodGivenPower","floor":6},{"not_picked":["theMarked:Frustration","theMarked:ChannelForce","theMarked:DispelDoubt"],"picked":"SKIP","floor":8},{"not_picked":["theMarked:Seal","theMarked:ParalyzingBlade"],"picked":"theMarked:RepellingDischarge","floor":10},{"not_picked":["theMarked:TwofoldDefense","theMarked:BanishingStrike"],"picked":"theMarked:Standoff","floor":11},{"not_picked":["theMarked:WardOff","theMarked:TwofoldDefense"],"picked":"theMarked:Improvise","floor":12},{"not_picked":["theMarked:EnhanceMovement","theMarked:Improvise"],"picked":"theMarked:Maelstrom","floor":14},{"not_picked":["theMarked:Toughness","theMarked:UnarmedFury"],"picked":"theMarked:BiggerThanFate","floor":16},{"not_picked":["theMarked:Polarize","theMarked:BanishingStrike"],"picked":"theMarked:CreepingChasm+1","floor":18},{"not_picked":["theMarked:BanishingStrike","theMarked:ElectricStrings"],"picked":"theMarked:Improvise","floor":20},{"not_picked":["theMarked:TwofoldDefense","theMarked:BanishingStrike"],"picked":"theMarked:ResourceFulStrike+1","floor":22},{"not_picked":["theMarked:Memento","theMarked:Toughness"],"picked":"theMarked:EnhanceMovement","floor":25},{"not_picked":["theMarked:Parkour","theMarked:ParalyzingBlade"],"picked":"theMarked:ContemptForTheProud","floor":28},{"not_picked":["theMarked:ResourceFulStrike","theMarked:Aftermath"],"picked":"theMarked:Overcharge","floor":30},{"not_picked":["theMarked:EmpowerWeapon","theMarked:OneWithTheBlade"],"picked":"theMarked:CreepingChasm+1","floor":31},{"not_picked":["theMarked:DispelDoubt","theMarked:Toughness"],"picked":"theMarked:MagusForm","floor":33},{"not_picked":["theMarked:Generate+1","theMarked:Aftermath"],"picked":"theMarked:Parkour+1","floor":35},{"not_picked":["Madness","Replay:Bootleg Shield Generator"],"picked":"Chrysalis","floor":37},{"not_picked":["Replay:Parry","ReplayTheSpireMod:Private Reserves"],"picked":"Finesse","floor":37},{"not_picked":["ReplayTheSpireMod:Uncanny Aura","Survey Options"],"picked":"Madness","floor":37},{"not_picked":["theMarked:ElectricStrings+1","theMarked:WastefulAttack"],"picked":"theMarked:OneWithTheBlade","floor":38},{"not_picked":["theMarked:Heritage","theMarked:EmpowerWeapon+1","theMarked:SelfDefenseTraining"],"picked":"SKIP","floor":39},{"not_picked":["theMarked:ContemptForTheProud","theMarked:Memento+1","theMarked:Opportunist"],"picked":"SKIP","floor":40},{"not_picked":["theMarked:BanishingStrike+1","theMarked:SwordAndMagic"],"picked":"theMarked:Electrify+1","floor":42},{"not_picked":["theMarked:ShockingTouch","theMarked:Aftermath"],"picked":"theMarked:HeightenedSenses+1","floor":44},{"not_picked":["theMarked:TakeCover+1","theMarked:Pokerface"],"picked":"theMarked:Levitate","floor":45},{"not_picked":["theMarked:WardOff+1","theMarked:ChainLightning"],"picked":"theMarked:ResourceFulStrike+1","floor":47},{"not_picked":["theMarked:ChainLightning","theMarked:TakeCover"],"picked":"theMarked:Aftermath+1","floor":48}],"player_experience":158535,"relics_obtained":[{"floor":2,"key":"ReplayTheSpireMod:Ring of Addiction"},{"floor":2,"key":"Potion Belt"},{"floor":2,"key":"White Beast Statue"},{"floor":2,"key":"Ring of Fangs"},{"floor":4,"key":"Chameleon Ring"},{"floor":6,"key":"MealTicket"},{"floor":9,"key":"Divine Protection"},{"floor":10,"key":"ReplayFunnel"},{"floor":12,"key":"Replay:Ringing Soul"},{"floor":14,"key":"FossilizedHelix"},{"floor":26,"key":"Calipers"},{"floor":40,"key":"Replay:Rubber Ducky"},{"floor":43,"key":"Bronze Scales"}],"event_choices":[{"damage_healed":0,"gold_gain":30,"player_choice":"Searched \u00273\u0027 times","damage_taken":0,"max_hp_gain":0,"max_hp_loss":0,"event_name":"Dead Adventurer","floor":12,"gold_loss":0},{"damage_healed":0,"gold_gain":0,"player_choice":"Ignored","damage_taken":0,"max_hp_gain":0,"max_hp_loss":0,"event_name":"Liars Game","floor":13,"gold_loss":0},{"damage_healed":0,"gold_gain":0,"player_choice":"Became a vampire","damage_taken":0,"max_hp_gain":0,"max_hp_loss":30,"event_name":"Vampires","floor":24,"gold_loss":0,"cards_obtained":["Bite","Bite","Bite","Bite","Bite"]},{"cards_removed":["Regret"],"damage_healed":0,"gold_gain":0,"player_choice":"Elegance","damage_taken":0,"max_hp_gain":0,"max_hp_loss":0,"event_name":"Back to Basics","floor":27,"gold_loss":0},{"damage_healed":0,"gold_gain":0,"player_choice":"Read","damage_taken":0,"max_hp_gain":0,"max_hp_loss":0,"event_name":"The Library","floor":29,"gold_loss":0,"cards_obtained":["theMarked:Overcharge"]},{"damage_healed":0,"gold_gain":0,"player_choice":"Memory 3","damage_taken":10,"max_hp_gain":0,"max_hp_loss":0,"event_name":"SensoryStone","floor":37,"gold_loss":0},{"damage_healed":0,"gold_gain":0,"player_choice":"Ignored","damage_taken":0,"max_hp_gain":0,"max_hp_loss":0,"event_name":"SecretPortal","floor":41,"gold_loss":0}],"is_beta":false,"boss_relics":[{"not_picked":["Sozu","Abe\u0027s Treasure"],"picked":"Astrolabe"},{"not_picked":["ReplayTheSpireMod:DimensionalGlitch","Honey Jar"],"picked":"Ring of Chaos"}],"items_purged_floors":[19],"is_endless":false,"potions_floor_spawned":[5,6,8,10,11,12,14,16,18,20,22,25,28,30,31,33,35,38,39,40,42,44,45,47,48],"killed_by":"Donu and Deca","ascension_level":0}}