{"host":"bp73yv6vym73vckj","time":1613421152,"event":{"mods":["BaseMod","Colored Powertips","Conspire","Hermit","Highlight Path","Hubris","Infinite Spire","Ironclad Rager","Minty Spire (QoL Compilation)","Quick Restart","Replay The Spire","StSLib","The Hierophant"],"gold_per_floor":[115,215,225,238,92,92,128,128,152,227,254,254,307,345,345,453,453,434,434,461,486,486,493,493],"floor_reached":23,"language":"ENG","playtime":1957,"items_purged":[],"score":224,"play_id":"14c9799b-acba-46a3-9ebe-231099629e02","local_time":"20210215153231","is_ascension_mode":false,"campfire_choices":[{"data":"hermit:DeadMansHand","floor":6,"key":"SMITH"},{"data":"hermit:CalledShot","floor":8,"key":"SMITH"},{"floor":12,"key":"REST"}],"circlet_count":0,"master_deck":["hermit:Strike_Hermit","hermit:Strike_Hermit","hermit:Strike_Hermit","hermit:Defend_Hermit","hermit:Defend_Hermit","hermit:Defend_Hermit","hermit:Defend_Hermit+1","hermit:Snapshot","hermit:Covet","hermit:DeadMansHand+1","hermit:Scavenge+1","hermit:ShadowCloak","hermit:CursedWeapon","hermit:CalledShot+1","hermit:Headshot","hermit:Dive","hermit:FullyLoaded","hermit:Dissolve+1","hermit:TakeCover+1","hermit:Combo+1","Ghostly","Ghostly","Ghostly","Ghostly","Ghostly"],"relics":["hermit:Momento","NeowsBlessing","Golden Egg","War Paint","hubris:ToyBattleship","hermit:RedScarf","hermit:BartenderGlass"],"acts_visited":["Exordium","TheCity"],"potions_floor_usage":[16,18,18,20,20,23,23],"damage_taken":[{"damage":0,"enemies":"2 Louse","floor":1,"turns":1},{"damage":0,"enemies":"Cultist","floor":3,"turns":1},{"damage":0,"enemies":"infinitespire:Voidling","floor":4,"turns":1},{"damage":29,"enemies":"Lagavulin","floor":7,"turns":7},{"damage":2,"enemies":"Red Slaver","floor":11,"turns":4},{"damage":22,"enemies":"Gremlin Nob","floor":14,"turns":4},{"damage":15,"enemies":"The Guardian","floor":16,"turns":11},{"damage":23,"enemies":"2 Thieves","floor":18,"turns":5},{"damage":2,"enemies":"Chosen","floor":20,"turns":3},{"damage":2,"enemies":"conspire:HollyBat","floor":21,"turns":12},{"damage":46,"enemies":"Gremlin Leader","floor":23,"turns":10}],"seed_played":"-4034466459151168790","potions_obtained":[{"floor":3,"key":"Swift Potion"},{"floor":7,"key":"hermit:BlackBile"},{"floor":14,"key":"FearPotion"},{"floor":16,"key":"GamblersBrew"},{"floor":20,"key":"Elixir"},{"floor":21,"key":"FearPotion"}],"is_trial":false,"path_per_floor":["M","?","M","M","$","R","E","R","T","?","M","R","T","E","R","B",null,"M","?","M","M","?","E"],"character_chosen":"HERMIT","items_purchased":["hermit:ShadowCloak","hermit:CursedWeapon"],"campfire_rested":1,"item_purchase_floors":[5,5],"current_hp_per_floor":[75,75,75,75,75,75,46,46,46,35,33,55,55,33,33,18,75,52,52,50,48,37,0,0],"gold":493,"neow_bonus":"THREE_ENEMY_KILL","is_daily":false,"chose_seed":false,"campfire_upgraded":2,"win_rate":0.0,"timestamp":1613421151,"path_taken":["M","?","?","?","?","R","E","R","T","?","M","R","?","E","R","BOSS","M","?","?","M","?","E"],"items_purchased_type":["Card","Card"],"build_version":"2020-12-22","purchased_purges":0,"victory":false,"max_hp_per_floor":[75,75,75,75,75,75,75,75,75,75,75,75,75,75,75,75,75,75,75,75,75,37,37,37],"card_choices":[{"not_picked":["hermit:Showdown","hermit:Snipe","hermit:Midnight"],"picked":"SKIP","floor":1},{"not_picked":["hermit:Gestalt","hermit:Roulette"],"picked":"hermit:DeadMansHand","floor":3},{"not_picked":["hermit:Glare","hermit:Ricochet"],"picked":"hermit:Scavenge","floor":4},{"not_picked":["hermit:TrackingShot","hermit:LoneWolf"],"picked":"hermit:CalledShot","floor":7},{"not_picked":["hermit:GoldenBullet","hermit:Feint"],"picked":"hermit:Headshot","floor":11},{"not_picked":["hermit:TakeAim","hermit:Snipe"],"picked":"hermit:Dive","floor":14},{"not_picked":["hermit:DeadOrAlive","hermit:Roughhouse"],"picked":"hermit:Dissolve","floor":16},{"not_picked":["hermit:Desperado","hermit:HoleUp+1","hermit:ItchyTrigger"],"picked":"SKIP","floor":18},{"not_picked":["hermit:Feint","hermit:Misfire"],"picked":"hermit:TakeCover+1","floor":20},{"not_picked":["hermit:Showdown","hermit:Roulette"],"picked":"hermit:Combo+1","floor":21}],"player_experience":361815,"relics_obtained":[{"floor":7,"key":"Golden Egg"},{"floor":9,"key":"War Paint"},{"floor":13,"key":"hubris:ToyBattleship"},{"floor":14,"key":"hermit:RedScarf"}],"event_choices":[{"damage_healed":0,"gold_gain":100,"player_choice":"Gold","damage_taken":0,"max_hp_gain":0,"max_hp_loss":0,"event_name":"Wheel of Change","floor":2,"gold_loss":0},{"damage_healed":0,"gold_gain":75,"player_choice":"Gather Gold","damage_taken":11,"max_hp_gain":0,"max_hp_loss":0,"event_name":"World of Goop","floor":10,"gold_loss":0},{"damage_healed":0,"gold_gain":0,"player_choice":"Bought 0 Potions","damage_taken":0,"max_hp_gain":0,"max_hp_loss":0,"event_name":"The Woman in Blue","floor":19,"gold_loss":0},{"damage_healed":0,"gold_gain":0,"player_choice":"Became a Ghost","damage_taken":0,"max_hp_gain":0,"max_hp_loss":38,"event_name":"Ghosts","floor":22,"gold_loss":0,"cards_obtained":["Ghostly","Ghostly","Ghostly","Ghostly","Ghostly"]}],"is_beta":false,"boss_relics":[{"not_picked":["Busted Crown","hubris:TerracottaHorce"],"picked":"hermit:BartenderGlass"}],"items_purged_floors":[],"is_endless":false,"potions_floor_spawned":[3,7,14,16,20,21],"killed_by":"Gremlin Leader","ascension_level":0}}