{"host":"j89far2tfczbg7bv","time":1613420691,"event":{"mods":["AchievementEnabler","BaseMod","Block Reminder","Colored Map","Colored Powertips","Highlight Path","Minty Spire (QoL Compilation)","Random Character Button","Rare Cards Sparkle","everything is the same but u backflip on backflip"],"gold_per_floor":[112,128,140,151,164,197,197,214,239,251,251,270,302,322,322,420,420,438,454,469,469,8,8,8,56,56,0,0,0,0],"floor_reached":29,"language":"ENG","playtime":4982,"items_purged":[],"score":264,"play_id":"d96496cb-641b-4fb6-ae54-24783bcf8463","local_time":"20210215122451","is_ascension_mode":false,"campfire_choices":[{"floor":11,"key":"REST"},{"data":"DeusExMachina","floor":15,"key":"SMITH"},{"floor":23,"key":"REST"}],"circlet_count":0,"master_deck":["Strike_P","Strike_P","Strike_P","Strike_P+1","Defend_P","Defend_P","Defend_P","Eruption","Vigilance","Consecrate","Halt","PathToVictory","Crescendo","ClearTheMind","BattleHymn","Worship","PathToVictory","Pray","DeusExMachina+1","PathToVictory","LessonLearned","EmptyFist","FlurryOfBlows+1","ClearTheMind+1","LikeWater","Consecrate","Decay"],"relics":["PureWater","PreservedInsect","Blood Vial","Happy Flower","Damaru","Kunai","Nunchaku","Shuriken","Nilry\u0027s Codex"],"acts_visited":["Exordium","TheCity"],"potions_floor_usage":[4,10,16,19,20,29],"damage_taken":[{"damage":0,"enemies":"2 Louse","floor":1,"turns":3},{"damage":0,"enemies":"Cultist","floor":2,"turns":2},{"damage":0,"enemies":"Small Slimes","floor":3,"turns":3},{"damage":7,"enemies":"Looter","floor":4,"turns":3},{"damage":2,"enemies":"Blue Slaver","floor":5,"turns":5},{"damage":32,"enemies":"Gremlin Nob","floor":6,"turns":5},{"damage":4,"enemies":"2 Fungi Beasts","floor":8,"turns":2},{"damage":2,"enemies":"Exordium Wildlife","floor":10,"turns":2},{"damage":3,"enemies":"Red Slaver","floor":12,"turns":3},{"damage":0,"enemies":"Lagavulin","floor":13,"turns":3},{"damage":9,"enemies":"Blue Slaver","floor":14,"turns":3},{"damage":23,"enemies":"Slime Boss","floor":16,"turns":8},{"damage":34,"enemies":"Chosen","floor":18,"turns":7},{"damage":25,"enemies":"3 Byrds","floor":19,"turns":5},{"damage":17,"enemies":"Shelled Parasite and Fungi","floor":20,"turns":3},{"damage":24,"enemies":"Snake Plant","floor":29,"turns":1}],"seed_played":"3693128412601946450","potions_obtained":[{"floor":2,"key":"AttackPotion"},{"floor":4,"key":"Explosive Potion"},{"floor":8,"key":"PowerPotion"},{"floor":10,"key":"ColorlessPotion"},{"floor":14,"key":"Energy Potion"},{"floor":19,"key":"Ambrosia"}],"is_trial":false,"path_per_floor":["M","M","M","M","M","E","?","M","T","M","R","M","E","M","R","B",null,"M","M","M","?","$","R","?","T","T","?","?","M"],"character_chosen":"WATCHER","items_purchased":["Kunai","LikeWater","EssenceOfSteel","Consecrate"],"campfire_rested":2,"item_purchase_floors":[22,22,22,22],"current_hp_per_floor":[79,79,79,72,70,38,38,34,34,34,57,56,58,51,51,30,79,45,22,7,7,7,30,30,30,30,30,14,0,0],"gold":0,"neow_bonus":"TEN_PERCENT_HP_BONUS","is_daily":false,"chose_seed":false,"campfire_upgraded":1,"win_rate":0.0,"timestamp":1613420691,"path_taken":["M","M","M","M","M","E","?","M","T","?","R","M","E","M","R","BOSS","M","M","M","?","$","R","?","?","T","?","?","?"],"items_purchased_type":["Relic","Card","Potion","Card"],"build_version":"2020-12-22","purchased_purges":0,"victory":false,"max_hp_per_floor":[79,79,79,79,79,79,79,79,79,79,79,79,79,79,79,79,79,79,79,79,79,79,79,79,79,79,79,79,79,79],"card_choices":[{"not_picked":["FollowUp","Conclude"],"picked":"Consecrate","floor":1},{"not_picked":["ThirdEye","JustLucky"],"picked":"Halt","floor":2},{"not_picked":["DeceiveReality","Consecrate"],"picked":"PathToVictory","floor":3},{"not_picked":["CutThroughFate","JustLucky"],"picked":"Crescendo","floor":4},{"not_picked":["Nirvana","ThirdEye"],"picked":"ClearTheMind","floor":5},{"not_picked":["Evaluate","ClearTheMind"],"picked":"BattleHymn","floor":6},{"not_picked":["ThirdEye","BowlingBash"],"picked":"Worship","floor":8},{"not_picked":["Perseverance","CrushJoints"],"picked":"PathToVictory","floor":10},{"not_picked":["Study","WheelKick"],"picked":"Pray","floor":12},{"not_picked":["Weave","TalkToTheHand"],"picked":"DeusExMachina","floor":13},{"not_picked":["EmptyBody","ClearTheMind"],"picked":"PathToVictory","floor":14},{"not_picked":["Vault","Brilliance"],"picked":"LessonLearned","floor":16},{"not_picked":["ThirdEye+1","BowlingBash"],"picked":"EmptyFist","floor":18},{"not_picked":["Halt","EmptyFist"],"picked":"FlurryOfBlows+1","floor":19},{"not_picked":["WheelKick","Conclude"],"picked":"ClearTheMind+1","floor":20}],"player_experience":19358,"relics_obtained":[{"floor":6,"key":"PreservedInsect"},{"floor":9,"key":"Blood Vial"},{"floor":13,"key":"Happy Flower"},{"floor":25,"key":"Nunchaku"},{"floor":26,"key":"Shuriken"},{"floor":28,"key":"Nilry\u0027s Codex"}],"event_choices":[{"cards_removed":["Defend_P"],"damage_healed":0,"gold_gain":0,"player_choice":"Card Removal","damage_taken":0,"max_hp_gain":0,"max_hp_loss":0,"event_name":"Wheel of Change","floor":7,"gold_loss":0},{"damage_healed":0,"gold_gain":0,"player_choice":"Opened","damage_taken":0,"relics_obtained":["Damaru"],"max_hp_gain":0,"max_hp_loss":0,"event_name":"The Mausoleum","floor":21,"gold_loss":0},{"damage_healed":0,"gold_gain":0,"player_choice":"Smashed Altar","damage_taken":0,"max_hp_gain":0,"max_hp_loss":0,"event_name":"Forgotten Altar","floor":24,"gold_loss":0,"cards_obtained":["Decay"]},{"damage_healed":0,"gold_gain":0,"player_choice":"Paid Fearfully","damage_taken":0,"max_hp_gain":0,"max_hp_loss":0,"event_name":"Masked Bandits","floor":27,"gold_loss":56},{"damage_healed":0,"gold_gain":0,"player_choice":"Obtained Book","damage_taken":16,"max_hp_gain":0,"max_hp_loss":0,"event_name":"Cursed Tome","floor":28,"gold_loss":0}],"is_beta":false,"boss_relics":[{"not_picked":["Snecko Eye","Velvet Choker","Runic Dome"]}],"items_purged_floors":[],"is_endless":false,"potions_floor_spawned":[2,4,8,10,14,19],"killed_by":"Snake Plant","ascension_level":0}}