{"host":"vu2gjyr86ub8nk5d","time":1613366227,"event":{"mods":["AchievementEnabler","BaseMod","BetterRewards","Colored Map","Downfall","Ironclad Rager","Minty Spire (QoL Compilation)","Replay The Spire","StSLib"],"gold_per_floor":[99,199,209,209,222,122,122,22,48,48,33,33,33,33,48,151,151,227,327,339,439,472,472,519,369,400,400,433,433,464,557,574,677,677,577,591,606,606,639,671,671,671,671,687,386,386,386,417,428,428,428,454,23,23,23,23],"floor_reached":57,"language":"ENG","playtime":3180,"items_purged":["Guardian:Gem_Cyan"],"score":1783,"play_id":"f37db76d-a823-444b-bd74-db93b54e3e0d","local_time":"20210214231707","daily_mods":["Draft","Vintage","Heirloom","Time Dilation","Flight","DeadlyEvents","Binary"],"is_ascension_mode":false,"campfire_choices":[{"floor":1.0,"key":"RECALL"},{"data":"Guardian:Orbwalk","floor":6.0,"key":"SMITH"},{"data":"Guardian:BronzeOrb","floor":8.0,"key":"SMITH"},{"data":"Guardian:TemporalStrike","floor":10.0,"key":"SMITH"},{"data":"Guardian:PolyBeam","floor":12.0,"key":"SMITH"},{"data":"Guardian:PrimingBeam","floor":13.0,"key":"SMITH"},{"data":"J.A.X.","floor":23.0,"key":"SMITH"},{"data":"Guardian:CrystalBeam","floor":27.0,"key":"SMITH"},{"data":"Guardian:ExploitGems","floor":29.0,"key":"SMITH"},{"data":"Guardian:MultiBeam","floor":42.0,"key":"SMITH"},{"data":"Guardian:PrimingBeam","floor":46.0,"key":"SMITH"},{"data":"Guardian:DonusPower","floor":47.0,"key":"SMITH"},{"data":"Guardian:BronzeArmor","floor":54,"key":"SMITH"}],"circlet_count":0,"master_deck":["Guardian:PolyBeam+1","Guardian:Suspension+1","Guardian:TemporalStrike+1","Guardian:CrystalBeam+1","Guardian:Orbwalk+1","Guardian:BronzeOrb+1","Guardian:Planning+1","Guardian:PrimingBeam+1","Guardian:TemporalStrike+1","Guardian:DonusPower+1","Guardian:BronzeArmor+1","J.A.X.+1","Guardian:RefractedBeam","Guardian:TemporalStrike+1","Guardian:ExploitGems+1","Guardian:MultiBeam+1","Replay:SS_hec_1+1","Guardian:BronzeArmor+1","Guardian:RefractedBeam","Guardian:TemporalShield+1"],"relics":["Guardian:ModeShifter","Busted Crown","replay:Trail_Library","Shovel","Ginger","Pantograph","downfall:HeartBlessingRed","downfall:HeartBlessingBlue","Replay:Rubber Ducky","Replay:PocketPolymizer","Garlic","Philosopher\u0027s Stone","MutagenicStrength","Replay:Bottled Eggs","Bag of Marbles","Toy Ornithopter","Shuriken","Pen Nib","Toxic Egg 2","OrangePellets","Slimebound:StickyStick","Replay:Bronze Core","downfall:HeartBlessingGreen","PreservedInsect","Oddly Smooth Stone","Kunai","Omamori","StoneCalendar","Chameleon Ring","Blue Doll","bronze:DecasWashers","Replay:Wax Seal","War Paint","HornCleat","ReplayFunnel"],"acts_visited":["Exordium","TheCity","TheBeyond","TheEnding"],"potions_floor_usage":[49,56,56,56],"damage_taken":[{"damage":0.0,"enemies":"Small Slimes","floor":3.0,"turns":2.0},{"damage":1.0,"enemies":"Cultist","floor":5.0,"turns":3.0},{"damage":0.0,"enemies":"Replay:BlueRogue","floor":9.0,"turns":3.0},{"damage":0.0,"enemies":"downfall:FleeingMerchant","floor":11.0,"turns":4.0},{"damage":0.0,"enemies":"2 Louse","floor":15.0,"turns":2.0},{"damage":0.0,"enemies":"IC_STATUS_ARCHETYPE","floor":16.0,"turns":5.0},{"damage":9.0,"enemies":"downfall:Augmenter","floor":19.0,"turns":4.0},{"damage":3.0,"enemies":"Chosen","floor":20.0,"turns":2.0},{"damage":3.0,"enemies":"Replay:Snechameleon","floor":22.0,"turns":4.0},{"damage":12.0,"enemies":"Slavers","floor":26.0,"turns":2.0},{"damage":0.0,"enemies":"Replay:Snechameleon","floor":28.0,"turns":2.0},{"damage":6.0,"enemies":"Slavers","floor":30.0,"turns":2.0},{"damage":0.0,"enemies":"downfall:FleeingMerchant","floor":31.0,"turns":1.0},{"damage":0.0,"enemies":"Spheric Guardian","floor":32.0,"turns":1.0},{"damage":3.0,"enemies":"SI_MIRROR_ARCHETYPE","floor":33.0,"turns":1.0},{"damage":9.0,"enemies":"3 Shapes","floor":36.0,"turns":1.0},{"damage":0.0,"enemies":"Orb Walker","floor":37.0,"turns":1.0},{"damage":0.0,"enemies":"R_Hoarder","floor":39.0,"turns":2.0},{"damage":0.0,"enemies":"Reptomancer","floor":40.0,"turns":2.0},{"damage":0.0,"enemies":"3 Darklings","floor":44.0,"turns":3.0},{"damage":0.0,"enemies":"Nemesis","floor":48.0,"turns":2.0},{"damage":3,"enemies":"Transient","floor":49,"turns":4},{"damage":6,"enemies":"WA_ARCHETYPE_DIVINITY","floor":50,"turns":3},{"damage":3,"enemies":"downfall:CharBossMerchant","floor":52,"turns":3},{"damage":3,"enemies":"downfall:NeowBoss","floor":55,"turns":6},{"damage":3,"enemies":"downfall:NeowBossFinal","floor":56,"turns":5}],"seed_played":"-4928695359982151078","potions_obtained":[{"floor":3.0,"key":"LiquidMemories"},{"floor":5.0,"key":"SneckoOil"},{"floor":16.0,"key":"Fruit Juice"},{"floor":19.0,"key":"Block Potion"},{"floor":28.0,"key":"DistilledChaos"},{"floor":37.0,"key":"Strength Potion"}],"is_trial":true,"path_per_floor":["R_BF","?","M","?","M","R","T","R","E","R","$","R","R","T","M","B",null,"R_BF","?","M","?","E","R","T","?","E","R","E","R","E","$","M","B",null,"R_BF","M","M","?","E","E","T","R","T","M","$","R","R","E","M","B",null,"E","$","R","B","B",null],"character_chosen":"GUARDIAN","items_purchased":["Guardian:MultiBeam","OrangePellets","Guardian:Gem_Synthetic","Guardian:Harden+1","Replay:SS_hec_1+1","ReplayFunnel","Guardian:Gem_Purple","Guardian:BronzeArmor+1","Dexterity Potion","Guardian:RefractedBeam"],"campfire_rested":0,"item_purchase_floors":[31,31,45,45,53,53,53,53,53,53],"current_hp_per_floor":[80,80,80,80,79,79,79,89,89,89,89,89,89,89,89,95,95,95,86,83,83,80,80,80,105,93,93,93,93,87,87,87,105,105,105,96,96,96,96,96,96,96,96,96,96,96,96,96,98,99,105,102,102,102,102,105],"gold":23,"neow_bonus":"","is_daily":false,"chose_seed":false,"campfire_upgraded":12,"win_rate":0.0,"timestamp":1613366227,"path_taken":["R_BF","?","?","?","?","R","T","R","?","R","$","R","R","?","M","BOSS","R_BF","?","?","?","?","R","T","?","?","R","E","R","E","$","M","BOSS","R_BF","M","?","?","?","?","T","R","?","?","$","R","R","?","M","BOSS","E","$","R","BOSS","BOSS"],"items_purchased_type":["Card","Relic","Card","Card","Card","Relic","Card","Card","Potion","Card"],"build_version":"2020-12-22","purchased_purges":1,"victory":true,"max_hp_per_floor":[80,80,80,80,80,80,80,90,90,90,90,90,90,90,90,95,95,95,95,95,95,95,95,95,105,105,105,105,105,105,105,105,105,105,105,105,105,105,105,105,105,105,105,105,105,105,105,105,105,105,105,105,105,105,105,105],"card_choices":[{"not_picked":["Guardian:RollAttack","Guardian:PrismaticBarrier"],"picked":"Guardian:PolyBeam","floor":0.0},{"not_picked":["Guardian:DonusPower","Guardian:WalkerClaw"],"picked":"Guardian:Gem_Cyan","floor":0.0},{"not_picked":["Guardian:ShieldCharger","Guardian:Harden"],"picked":"Guardian:Clone","floor":0.0},{"not_picked":["Guardian:RollAttack","Guardian:ShieldSpikes"],"picked":"Guardian:ShieldCharger","floor":0.0},{"not_picked":["Guardian:PiercingHide","Guardian:WalkerClaw"],"picked":"Guardian:FuturePlans","floor":0.0},{"not_picked":["Guardian:Gem_Cyan","Guardian:Preprogram"],"picked":"Guardian:Gem_Purple","floor":0.0},{"not_picked":["Guardian:RollAttack","Guardian:WalkerClaw"],"picked":"Guardian:Suspension","floor":0.0},{"not_picked":["Guardian:VentSteam","Guardian:PiercingHide"],"picked":"Guardian:TemporalStrike","floor":0.0},{"not_picked":["Guardian:TemporalShield","Guardian:Gem_Crimson"],"picked":"Guardian:CrystalBeam","floor":0.0},{"not_picked":["Guardian:Incinerate","Guardian:CrystalBeam"],"picked":"Guardian:Gem_Cyan","floor":0.0},{"not_picked":["Guardian:Gem_Fragmented","Guardian:ShieldCharger"],"picked":"Guardian:Orbwalk","floor":0.0},{"not_picked":["Guardian:PrimingBeam","Guardian:EvasiveProtocol"],"picked":"Guardian:BronzeOrb","floor":0.0},{"not_picked":["Guardian:Recover","Guardian:Incinerate"],"picked":"Guardian:Planning","floor":0.0},{"not_picked":["Guardian:GuardianWhirl","Guardian:Gem_Lightblue"],"picked":"Guardian:PrimingBeam","floor":0.0},{"not_picked":["Guardian:Orbwalk","Guardian:ShieldSpikes"],"picked":"Guardian:TemporalStrike","floor":0.0},{"not_picked":[],"picked":"J.A.X.","floor":19.0}],"player_experience":163137,"relics_obtained":[{"floor":3.0,"key":"Ginger"},{"floor":5.0,"key":"Pantograph"},{"floor":9.0,"key":"Replay:Rubber Ducky"},{"floor":14.0,"key":"Replay:PocketPolymizer"},{"floor":15.0,"key":"Garlic"},{"floor":19.0,"key":"MutagenicStrength"},{"floor":20.0,"key":"Replay:Bottled Eggs"},{"floor":22.0,"key":"Bag of Marbles"},{"floor":24.0,"key":"Toy Ornithopter"},{"floor":26.0,"key":"Shuriken"},{"floor":28.0,"key":"Pen Nib"},{"floor":30.0,"key":"Toxic Egg 2"},{"floor":32.0,"key":"Slimebound:StickyStick"},{"floor":36.0,"key":"Oddly Smooth Stone"},{"floor":37.0,"key":"Kunai"},{"floor":39.0,"key":"Omamori"},{"floor":40.0,"key":"StoneCalendar"},{"floor":41.0,"key":"Chameleon Ring"},{"floor":43.0,"key":"Blue Doll"},{"floor":44.0,"key":"bronze:DecasWashers"},{"floor":48,"key":"Replay:Wax Seal"},{"floor":49,"key":"War Paint"},{"floor":52,"key":"HornCleat"}],"event_choices":[{"damage_healed":0.0,"max_hp_gain":0.0,"max_hp_loss":0.0,"gold_gain":100.0,"event_name":"Golden Shrine","player_choice":"Pray","floor":2.0,"gold_loss":0.0,"damage_taken":0.0}],"is_beta":false,"boss_relics":[{"not_picked":["Calling Bell","Velvet Choker"],"picked":"Philosopher\u0027s Stone"},{"not_picked":["bronze:MakeshiftBattery","Replay:Wanted Poster"],"picked":"Replay:Bronze Core"}],"items_purged_floors":[45],"is_endless":false,"potions_floor_spawned":[3,5,16,19,28,30,37,44],"ascension_level":0}}