{"host":"m4gb89kpcfic7v2a","time":1613415774,"event":{"mods":["BaseMod","BetterRewards","Downfall","Minty Spire (QoL Compilation)","Reliquary","Replay The Spire","StSLib"],"gold_per_floor":[115,128,139,159,176,176,126,152,152,180,41,68,68,87,87,192,192,209,312,312,325,43,43,75,75,75,88,138,172,183,199,199,300,350,370,380,399,419,58,92,92,92,92,92],"floor_reached":43,"language":"ENG","playtime":4816,"items_purged":["Strike_G","Strike_G","Strike_G","Defend_G"],"score":867,"play_id":"9dbd38e0-655a-4c83-89d2-4c82b09f3fe4","local_time":"20210215120254","is_ascension_mode":true,"campfire_choices":[{"data":"Catalyst","floor":6,"key":"SMITH"},{"data":"Replay:Bag of Tricks","floor":13,"key":"SMITH"},{"data":"Noxious Fumes","floor":23,"key":"SMITH"},{"data":"Adrenaline","floor":25,"key":"SMITH"},{"floor":32,"key":"DIG"}],"circlet_count":0,"master_deck":["Strike_G+1","Defend_G","Defend_G","Defend_G+1","Defend_G","Survivor","Neutralize","Dash+1","Slice","Replay:Poison Smokescreen+1","Deadly Poison","Poisoned Stab","Catalyst+1","Crippling Poison","Replay:Bag of Tricks+1","Flying Knee","Flying Knee","Prepared+1","Envenom","Deadly Poison+1","Poisoned Stab","Catalyst+1","Adrenaline+1","Noxious Fumes+1","Dagger Throw+1","Poisoned Stab","Well Laid Plans","Bane","Deflect+1","A Thousand Cuts","Catalyst","Flying Knee+1","ReplayTheSpireMod:Speed Training+1","Replay:Poison Smokescreen","Heel Hook+1","Infinite Blades","Infinite Blades"],"relics":["Ring of the Snake","CaptainsWheel","Vampiric Spirits","Tough Bandages","reliquary:RedPaperclip","reliquary:ExpiredCoupon","Replay:Ringing Soul","Shovel","Toy Ornithopter","War Paint","Tiny House","Lantern","reliquary:PurpleTingedLeaf"],"acts_visited":["Exordium","TheCity","TheBeyond"],"potions_floor_usage":[16,18,18,35,37,38],"damage_taken":[{"damage":0,"enemies":"Small Slimes","floor":1,"turns":3},{"damage":0,"enemies":"2 Louse","floor":2,"turns":2},{"damage":1,"enemies":"Cultist","floor":3,"turns":3},{"damage":0,"enemies":"Large Slime","floor":4,"turns":5},{"damage":15,"enemies":"Gremlin Gang","floor":5,"turns":7},{"damage":9,"enemies":"3 Sentries","floor":8,"turns":9},{"damage":0,"enemies":"Replay:BlueRogue","floor":10,"turns":3},{"damage":0,"enemies":"Lagavulin","floor":12,"turns":5},{"damage":0,"enemies":"2 Fungi Beasts","floor":14,"turns":3},{"damage":8,"enemies":"Hexaghost","floor":16,"turns":6},{"damage":0,"enemies":"Spheric Guardian","floor":18,"turns":1},{"damage":0,"enemies":"3 Byrds","floor":21,"turns":4},{"damage":10,"enemies":"Book of Stabbing","floor":24,"turns":4},{"damage":2,"enemies":"Snake Plant","floor":27,"turns":3},{"damage":12,"enemies":"Replay:Snechameleon","floor":29,"turns":5},{"damage":0,"enemies":"Cultist and Chosen","floor":30,"turns":4},{"damage":0,"enemies":"Sentry and Sphere","floor":31,"turns":4},{"damage":24,"enemies":"Champ","floor":33,"turns":5},{"damage":3,"enemies":"Orb Walker","floor":35,"turns":3},{"damage":10,"enemies":"3 Darklings","floor":36,"turns":4},{"damage":13,"enemies":"Maw","floor":37,"turns":5},{"damage":53,"enemies":"Writhing Mass","floor":38,"turns":6},{"damage":4,"enemies":"Giant Head","floor":40,"turns":5},{"damage":43,"enemies":"3 Darklings","floor":43,"turns":4}],"seed_played":"7071081156961521774","potions_obtained":[{"floor":5,"key":"Energy Potion"},{"floor":8,"key":"Weak Potion"},{"floor":10,"key":"Reflective Coating"},{"floor":12,"key":"Adrenaline Potion"},{"floor":14,"key":"BlessingOfTheForge"},{"floor":16,"key":"PowerPotion"},{"floor":27,"key":"hexamod:SoulburnPotion"},{"floor":30,"key":"Ancient Potion"},{"floor":31,"key":"Fire Potion"},{"floor":36,"key":"sneckomod:MuddlingPotion"},{"floor":40,"key":"Doom Potion"}],"is_trial":false,"path_per_floor":["M","M","M","M","M","R","?","E","T","E","$","E","R","M","R","B",null,"M","?","?","M","$","R","E","R","T","M","?","E","M","M","R","B",null,"M","M","M","M","$","E","PTL","PTL","M"],"character_chosen":"THE_SILENT","items_purchased":["Dash+1","Slice","Flying Knee","Noxious Fumes","Dagger Throw+1","Poisoned Stab","Infinite Blades","Lantern"],"campfire_rested":0,"item_purchase_floors":[0,0,11,22,22,22,39,39],"current_hp_per_floor":[70,70,69,69,54,54,54,45,45,45,45,45,45,45,66,60,70,70,53,53,54,54,54,50,50,50,48,48,45,49,51,51,33,90,90,83,80,35,38,34,34,34,0,0],"gold":92,"neow_bonus":"","is_daily":false,"chose_seed":false,"campfire_upgraded":4,"win_rate":0.0,"timestamp":1613415774,"path_taken":["M","M","M","M","M","R","?","E","T","E","$","E","R","M","R","BOSS","M","?","?","M","$","R","E","R","T","?","?","E","M","M","R","BOSS","M","M","M","?","$","E","PTL","PTL","M"],"items_purchased_type":["Card","Card","Card","Card","Card","Card","Card","Relic"],"build_version":"2020-12-22","purchased_purges":4,"victory":false,"max_hp_per_floor":[70,70,70,70,70,70,70,70,70,70,70,70,70,70,70,70,70,70,70,70,70,70,70,73,73,73,73,73,76,79,79,79,82,90,93,96,99,102,105,105,105,105,105,105],"card_choices":[{"not_picked":["Dagger Spray","Dodge and Roll"],"picked":"Replay:Poison Smokescreen","floor":1},{"not_picked":["Blade Dance","PiercingWail"],"picked":"Deadly Poison","floor":2},{"not_picked":["Dagger Throw","Bouncing Flask"],"picked":"Poisoned Stab","floor":3},{"not_picked":["ReplayTheSpireMod:From All Sides","Expertise","Eviscerate"],"picked":"SKIP","floor":4},{"not_picked":["Hidden Blade","Deflect"],"picked":"Catalyst","floor":5},{"not_picked":["Prepared","Eviscerate"],"picked":"Crippling Poison","floor":8},{"not_picked":["Outmaneuver","Quick Slash"],"picked":"Replay:Bag of Tricks","floor":10},{"not_picked":["Deadly Poison","Backflip"],"picked":"Prepared","floor":12},{"not_picked":["Infinite Blades","Cloak And Dagger","Dodge and Roll"],"picked":"SKIP","floor":14},{"not_picked":["Unload","Corpse Explosion"],"picked":"Envenom","floor":16},{"not_picked":["Slice+1","Cloak And Dagger"],"picked":"Deadly Poison+1","floor":18},{"not_picked":["Replay:Poison Smokescreen","Fluid Movement+1"],"picked":"Poisoned Stab","floor":19},{"not_picked":["Prepared","Deadly Poison"],"picked":"Adrenaline","floor":21},{"not_picked":["Endless Agony","Slice"],"picked":"Well Laid Plans","floor":24},{"not_picked":["Flying Knee","Predator","Leg Sweep"],"picked":"SKIP","floor":27},{"not_picked":["Glass Knife","Dagger Spray"],"picked":"Bane","floor":29},{"not_picked":["Outmaneuver","Hidden Blade+1"],"picked":"Deflect+1","floor":30},{"not_picked":["Hidden Blade","Dodge and Roll","Sneak Up"],"picked":"SKIP","floor":31},{"not_picked":["ReplayTheSpireMod:Necrosis","Tools of the Trade"],"picked":"A Thousand Cuts","floor":33},{"not_picked":["ReplayTheSpireMod:Scrap Shanks","ReplayTheSpireMod:Tripwire+1"],"picked":"Catalyst","floor":34},{"not_picked":["Poisoned Stab","Outmaneuver+1"],"picked":"Flying Knee+1","floor":35},{"not_picked":["Reflex","Flying Knee+1"],"picked":"ReplayTheSpireMod:Speed Training+1","floor":36},{"not_picked":["PiercingWail+1","Slice+1"],"picked":"Replay:Poison Smokescreen","floor":37},{"not_picked":["Dagger Spray","Dodge and Roll"],"picked":"Heel Hook+1","floor":38},{"not_picked":["Flechettes","ReplayTheSpireMod:Exploit Weakness+1","Unload"],"picked":"SKIP","floor":40}],"player_experience":206710,"relics_obtained":[{"floor":8,"key":"Potion Belt"},{"floor":9,"key":"Mummified Hand"},{"floor":10,"key":"reliquary:FerryPass"},{"floor":12,"key":"Vampiric Spirits"},{"floor":12,"key":"Tough Bandages"},{"floor":19,"key":"reliquary:ExpiredCoupon"},{"floor":24,"key":"Replay:Ringing Soul"},{"floor":26,"key":"Shovel"},{"floor":29,"key":"Toy Ornithopter"},{"floor":32,"key":"War Paint"},{"floor":40,"key":"reliquary:PurpleTingedLeaf"}],"event_choices":[{"cards_removed":["Strike_G"],"damage_healed":0,"gold_gain":0,"player_choice":"Card Removal","damage_taken":0,"max_hp_gain":0,"max_hp_loss":0,"event_name":"The Cleric","floor":7,"gold_loss":50},{"damage_healed":0,"gold_gain":0,"player_choice":"Copied","damage_taken":0,"max_hp_gain":0,"max_hp_loss":0,"event_name":"Duplicator","floor":20,"gold_loss":0,"cards_obtained":["Catalyst"]},{"damage_healed":0,"gold_gain":100,"player_choice":"Bet on Murderer","damage_taken":0,"max_hp_gain":0,"max_hp_loss":0,"event_name":"The Joust","floor":28,"gold_loss":50}],"is_beta":false,"boss_relics":[{"not_picked":["Cursed Key","Replay:Ancient Bell"],"picked":"reliquary:RedPaperclip"},{"not_picked":["Replay:Wanted Poster","Kintsugi"],"picked":"Tiny House"}],"items_purged_floors":[0,11,22,39],"is_endless":false,"potions_floor_spawned":[5,8,10,12,14,16,27,30,31,36,40],"killed_by":"3 Darklings","ascension_level":2}}