{"host":"iudiqz5bwex5meyb","time":1613356387,"event":{"mods":["AchievementEnabler","BaseMod","Block Reminder","Colored Map","Minty Spire (QoL Compilation)","StSLib","ojb\u0027s Better Paths Mod","ojb\u0027s Info Mod"],"gold_per_floor":[116,127,140,140,140,173,198,210,222,244,275,287,329,353,365,377,377],"floor_reached":16,"language":"ENG","playtime":914,"items_purged":[],"score":131,"play_id":"3a9c53dc-8771-4ad4-bdf2-7e7922e4df89","local_time":"20210214203307","is_ascension_mode":true,"campfire_choices":[{"data":"Deadly Poison","floor":8,"key":"SMITH"},{"data":"Outmaneuver","floor":12,"key":"SMITH"},{"data":"Noxious Fumes","floor":15,"key":"SMITH"}],"circlet_count":0,"master_deck":["Strike_G","Strike_G","Strike_G","Strike_G","Strike_G","Defend_G","Defend_G","Defend_G","Defend_G","Defend_G","Survivor","Neutralize+1","PiercingWail","Catalyst+1","Deadly Poison+1","Crippling Poison","Venomology","Outmaneuver+1","Blur","Blade Dance","Noxious Fumes+1"],"relics":["Ring of the Snake","NeowsBlessing","MawBank","TungstenRod"],"acts_visited":["Exordium"],"potions_floor_usage":[6,11,13,13,16,16],"damage_taken":[{"damage":0,"enemies":"Cultist","floor":1,"turns":1},{"damage":0,"enemies":"2 Louse","floor":2,"turns":1},{"damage":0,"enemies":"Jaw Worm","floor":3,"turns":1},{"damage":22,"enemies":"Lagavulin","floor":6,"turns":11},{"damage":8,"enemies":"Lots of Slimes","floor":7,"turns":5},{"damage":12,"enemies":"Gremlin Gang","floor":10,"turns":5},{"damage":0,"enemies":"2 Fungi Beasts","floor":11,"turns":3},{"damage":2,"enemies":"Gremlin Nob","floor":13,"turns":3},{"damage":4,"enemies":"Blue Slaver","floor":14,"turns":3},{"damage":8,"enemies":"The Guardian","floor":16,"turns":2}],"seed_played":"-1839077422216756283","potions_obtained":[{"floor":3,"key":"Block Potion"},{"floor":6,"key":"GamblersBrew"},{"floor":7,"key":"PowerPotion"},{"floor":10,"key":"LiquidBronze"}],"is_trial":false,"path_per_floor":["M","M","M","?","?","E","M","R","T","M","M","R","E","M","R","B"],"character_chosen":"THE_SILENT","items_purchased":[],"campfire_rested":0,"item_purchase_floors":[],"current_hp_per_floor":[70,70,70,56,56,34,26,26,26,14,14,14,12,8,8,0,0],"gold":377,"neow_bonus":"THREE_ENEMY_KILL","is_daily":false,"chose_seed":false,"campfire_upgraded":3,"win_rate":0.0,"timestamp":1613356387,"path_taken":["M","M","?","?","?","E","M","R","T","M","M","R","E","M","R","BOSS"],"items_purchased_type":[],"build_version":"2020-12-22","purchased_purges":0,"victory":false,"max_hp_per_floor":[70,70,70,70,70,70,70,70,70,70,70,70,70,70,70,70,70],"card_choices":[{"not_picked":["Slice","Setup"],"picked":"PiercingWail","floor":1},{"not_picked":["Quick Slash","Slice"],"picked":"Catalyst","floor":2},{"not_picked":["Blade Dance","Leg Sweep"],"picked":"Deadly Poison","floor":3},{"not_picked":["Prepared","Outmaneuver"],"picked":"Crippling Poison","floor":6},{"not_picked":["Deflect","Quick Slash"],"picked":"Venomology","floor":7},{"not_picked":["Bane","Predator"],"picked":"Outmaneuver","floor":10},{"not_picked":["Distraction","Terror"],"picked":"Blur","floor":11},{"not_picked":["Corpse Explosion","Dagger Spray"],"picked":"Blade Dance","floor":13},{"not_picked":["Tactician","Heel Hook"],"picked":"Noxious Fumes","floor":14}],"player_experience":260322,"relics_obtained":[{"floor":6,"key":"MawBank"},{"floor":13,"key":"TungstenRod"}],"event_choices":[{"damage_healed":0,"gold_gain":0,"player_choice":"Entered Light","damage_taken":14,"max_hp_gain":0,"max_hp_loss":0,"event_name":"Shining Light","floor":4,"gold_loss":0,"cards_upgraded":["Catalyst","Neutralize"]},{"damage_healed":0,"gold_gain":0,"player_choice":"Ignored","damage_taken":0,"max_hp_gain":0,"max_hp_loss":0,"event_name":"Liars Game","floor":5,"gold_loss":0}],"is_beta":false,"boss_relics":[],"items_purged_floors":[],"is_endless":false,"potions_floor_spawned":[3,6,7,10],"killed_by":"The Guardian","ascension_level":3}}