{"host":"6gwm7y0tp7acoxay","time":1613389301,"event":{"mods":["BaseMod","Colored Map","Keyboard Shortcuts","Minty Spire (QoL Compilation)","Quick Restart","StSLib","SuperFastMode","everything is the same but u backflip on backflip"],"gold_per_floor":[109,109,109,184,250,293,326,326,326,365,408,441,453,500,512,620,632,659,333,258,258,293,331,375,411,411,461,496,496,527,560,560,653,653,668,668,668,668,285,316,355,395,395,426,157,190,190,210,210,210,210,210,210,49,83,83],"floor_reached":57,"language":"KOR","playtime":2858,"items_purged":["Rebound","Doom and Gloom+1"],"score":3896,"play_id":"29ec6e1c-c42b-41b2-88ec-eda40759a5db","local_time":"20210215204140","daily_mods":["SealedDeck","Heirloom","Flight"],"is_ascension_mode":true,"campfire_choices":[{"data":"Defragment","floor":8.0,"key":"SMITH"},{"floor":13.0,"key":"REST"},{"data":"Recycle","floor":15.0,"key":"SMITH"},{"data":"Blizzard","floor":29.0,"key":"SMITH"},{"data":"Coolheaded","floor":32.0,"key":"SMITH"},{"floor":47,"key":"RECALL"},{"data":"Discovery","floor":49,"key":"SMITH"},{"data":"Amplify","floor":53,"key":"SMITH"}],"circlet_count":0,"master_deck":["AscendersBane","Go for the Eyes+1","Genetic Algorithm+1","Consume+1","Recycle+1","Defragment+1","Double Energy+1","Coolheaded+1","Glacier+1","Reboot+1","Defragment+1","Self Repair+1","Chill+1","Impatience+1","Redo+1","Blizzard+1","Buffer+1","Seek+1","Capacitor+1","Loop+1","Madness+1","Madness+1","Capacitor+1","Master of Strategy+1","Defragment+1","Amplify+1","Discovery+1","Heatsinks+1"],"relics":["Cracked Core","Mango","Golden Idol","Shovel","Potion Belt","Sundial","PreservedInsect","Frozen Egg 2","MawBank","Bottled Lightning","Black Star","Red Mask","Turnip","Gremlin Horn","Question Card","Eternal Feather","Happy Flower","Lizard Tail","Prayer Wheel","Emotion Chip","Akabeko","Meat on the Bone","Juzu Bracelet","Nuclear Battery","Mark of the Bloom","Membership Card","Lantern","Pear","Bronze Scales","Omamori","Dream Catcher","Regal Pillow","Vajra","Strawberry","Oddly Smooth Stone","The Courier","Mercury Hourglass","DataDisk","Nunchaku","Orichalcum","Bag of Marbles","Medical Kit","War Paint","Bag of Preparation"],"acts_visited":["Exordium","TheCity","TheBeyond","TheEnding"],"potions_floor_usage":[50,56,56,56,56],"damage_taken":[{"damage":0.0,"enemies":"Small Slimes","floor":1.0,"turns":2.0},{"damage":3.0,"enemies":"Lagavulin","floor":6.0,"turns":7.0},{"damage":9.0,"enemies":"Gremlin Nob","floor":7.0,"turns":4.0},{"damage":6.0,"enemies":"Lagavulin","floor":10.0,"turns":5.0},{"damage":8.0,"enemies":"Gremlin Nob","floor":11.0,"turns":3.0},{"damage":5.0,"enemies":"3 Sentries","floor":12.0,"turns":5.0},{"damage":6.0,"enemies":"Gremlin Nob","floor":14.0,"turns":3.0},{"damage":17.0,"enemies":"The Guardian","floor":16.0,"turns":11.0},{"damage":7.0,"enemies":"Spheric Guardian","floor":18.0,"turns":4.0},{"damage":0.0,"enemies":"Masked Bandits","floor":22.0,"turns":4.0},{"damage":0.0,"enemies":"Gremlin Leader","floor":23.0,"turns":8.0},{"damage":22.0,"enemies":"Slavers","floor":24.0,"turns":10.0},{"damage":22.0,"enemies":"Gremlin Leader","floor":25.0,"turns":5.0},{"damage":21.0,"enemies":"Slavers","floor":28.0,"turns":2.0},{"damage":13.0,"enemies":"Gremlin Leader","floor":30.0,"turns":7.0},{"damage":13.0,"enemies":"Slavers","floor":31.0,"turns":10.0},{"damage":0.0,"enemies":"Automaton","floor":33.0,"turns":7.0},{"damage":0.0,"enemies":"3 Shapes","floor":35.0,"turns":7.0},{"damage":0.0,"enemies":"Nemesis","floor":40.0,"turns":9.0},{"damage":5.0,"enemies":"Giant Head","floor":41.0,"turns":6.0},{"damage":0.0,"enemies":"Nemesis","floor":42.0,"turns":7.0},{"damage":0.0,"enemies":"Reptomancer","floor":44.0,"turns":3.0},{"damage":0,"enemies":"Giant Head","floor":46,"turns":6},{"damage":0,"enemies":"Orb Walker","floor":48,"turns":4},{"damage":0,"enemies":"Time Eater","floor":50,"turns":14},{"damage":0,"enemies":"Donu and Deca","floor":51,"turns":10},{"damage":3,"enemies":"Shield and Spear","floor":55,"turns":9},{"damage":43,"enemies":"The Heart","floor":56,"turns":11}],"seed_played":"-3860308276632744586","potions_obtained":[{"floor":1.0,"key":"AttackPotion"},{"floor":11.0,"key":"PowerPotion"},{"floor":12.0,"key":"ColorlessPotion"},{"floor":23.0,"key":"Explosive Potion"},{"floor":24.0,"key":"Weak Potion"},{"floor":28.0,"key":"Dexterity Potion"},{"floor":30.0,"key":"Strength Potion"},{"floor":46,"key":"DistilledChaos"}],"is_trial":true,"path_per_floor":["M","?","?","?","?","E","E","R","T","E","E","E","R","E","R","B",null,"M","$","?","?","?","E","E","E","T","?","E","R","E","E","R","B",null,"M","?","?","?","$","E","E","E","T","E","$","E","R","M","R","B","B",null,"R","$","E","B",null],"character_chosen":"DEFECT","items_purchased":["Impatience","Fruit Juice","SkillPotion","Membership Card","Lantern","Capacitor+1","Master of Strategy","Mercury Hourglass","DataDisk","Nunchaku","Discovery","Medical Kit","EssenceOfDarkness"],"campfire_rested":1,"item_purchase_floors":[19,19,19,39,39,39,39,45,45,45,45,54,54],"current_hp_per_floor":[78,83,52,41,41,38,29,29,29,23,15,10,37,41,41,34,76,79,84,84,84,94,95,83,71,71,71,60,69,66,63,72,82,92,95,95,78,78,78,78,73,73,73,73,73,73,73,73,73,73,73,73,73,73,70,27],"gold":83,"neow_bonus":"","is_daily":false,"chose_seed":false,"campfire_upgraded":6,"win_rate":0.0,"timestamp":1613389300,"path_taken":["M","?","?","?","?","E","E","R","T","E","E","E","R","E","R","BOSS","M","$","?","?","?","E","E","E","T","?","E","R","E","E","R","BOSS","M","?","?","?","$","E","E","E","T","E","$","E","R","M","R","BOSS","BOSS","R","$","E","BOSS"],"items_purchased_type":["Card","Potion","Potion","Relic","Relic","Card","Card","Relic","Relic","Relic","Card","Relic","Potion"],"build_version":"2020-12-22","purchased_purges":2,"victory":true,"max_hp_per_floor":[85,90,90,90,90,90,90,90,90,90,90,90,90,90,90,90,90,90,95,95,95,95,95,95,95,95,95,95,95,95,95,95,95,95,95,95,95,95,95,105,105,105,112,112,112,112,112,112,112,112,112,112,112,112,112,112],"card_choices":[{"not_picked":["Double Energy","Cold Snap"],"picked":"Glacier","floor":1.0},{"not_picked":["FTL","Auto Shields","Streamline"],"picked":"SKIP","floor":6.0},{"not_picked":["Steam","Gash"],"picked":"Reboot","floor":7.0},{"not_picked":["Streamline","Hello World","Lockon"],"picked":"SKIP","floor":10.0},{"not_picked":["Darkness","Go for the Eyes"],"picked":"Defragment+1","floor":11.0},{"not_picked":["Melter","FTL"],"picked":"Self Repair+1","floor":12.0},{"not_picked":["Conserve Battery","Consume"],"picked":"Chill","floor":14.0},{"not_picked":["Streamline","Scrape","Steam"],"picked":"SKIP","floor":18.0},{"not_picked":["Rip and Tear","Aggregate"],"picked":"Redo","floor":22.0},{"not_picked":["Barrage+1","Stack","Beam Cell"],"picked":"SKIP","floor":23.0},{"not_picked":["Scrape","Reinforced Body","Streamline"],"picked":"SKIP","floor":24.0},{"not_picked":["Steam Power+1","Ball Lightning","Conserve Battery"],"picked":"Blizzard","floor":25.0},{"not_picked":["Coolheaded","Redo","Doom and Gloom"],"picked":"Buffer+1","floor":28.0},{"not_picked":["Cold Snap","BootSequence","FTL","Leap+1"],"picked":"SKIP","floor":30.0},{"not_picked":["Leap+1","Go for the Eyes","Heatsinks+1","Scrape"],"picked":"SKIP","floor":31.0},{"not_picked":["Rainbow","Reboot","Electrodynamics+1"],"picked":"Seek","floor":33.0},{"not_picked":["Cold Snap","Sweeping Beam","Hello World+1"],"picked":"Capacitor+1","floor":35.0},{"not_picked":["Recycle","Turbo","Steam Power"],"picked":"Loop+1","floor":35.0},{"not_picked":["Stack","Ball Lightning+1","Go for the Eyes","Redo+1"],"picked":"SKIP","floor":40.0},{"not_picked":["Aggregate","Reprogram","Steam Power"],"picked":"Defragment+1","floor":41.0},{"not_picked":["Loop+1","Storm+1","Streamline+1","Barrage"],"picked":"SKIP","floor":42.0},{"not_picked":["Conserve Battery","Barrage","Aggregate"],"picked":"Amplify","floor":44.0},{"not_picked":["Recycle","Thunder Strike","Hello World+1"],"picked":"Heatsinks+1","floor":46},{"not_picked":["Go for the Eyes","Steam+1","Scrape","Streamline+1"],"picked":"SKIP","floor":48},{"not_picked":["Steam Power+1","Barrage","Conserve Battery","Reinforced Body"],"picked":"SKIP","floor":48},{"not_picked":["Conserve Battery","Rainbow","Gash+1","Reprogram"],"picked":"SKIP","floor":55}],"player_experience":4546498,"relics_obtained":[{"floor":6.0,"key":"Shovel"},{"floor":7.0,"key":"Potion Belt"},{"floor":9.0,"key":"Sundial"},{"floor":10.0,"key":"PreservedInsect"},{"floor":11.0,"key":"Frozen Egg 2"},{"floor":12.0,"key":"MawBank"},{"floor":14.0,"key":"Bottled Lightning"},{"floor":22.0,"key":"Red Mask"},{"floor":23.0,"key":"Turnip"},{"floor":24.0,"key":"Gremlin Horn"},{"floor":24.0,"key":"Question Card"},{"floor":25.0,"key":"Eternal Feather"},{"floor":25.0,"key":"Happy Flower"},{"floor":28.0,"key":"Lizard Tail"},{"floor":28.0,"key":"Prayer Wheel"},{"floor":30.0,"key":"Emotion Chip"},{"floor":30.0,"key":"Akabeko"},{"floor":31.0,"key":"Meat on the Bone"},{"floor":31.0,"key":"Juzu Bracelet"},{"floor":40.0,"key":"Pear"},{"floor":40.0,"key":"Bronze Scales"},{"floor":41.0,"key":"Omamori"},{"floor":41.0,"key":"Dream Catcher"},{"floor":42.0,"key":"Regal Pillow"},{"floor":42.0,"key":"Vajra"},{"floor":43.0,"key":"Strawberry"},{"floor":44.0,"key":"Oddly Smooth Stone"},{"floor":44.0,"key":"The Courier"},{"floor":46,"key":"Orichalcum"},{"floor":46,"key":"Bag of Marbles"},{"floor":55,"key":"War Paint"},{"floor":55,"key":"Bag of Preparation"}],"event_choices":[{"damage_healed":0.0,"max_hp_gain":5.0,"max_hp_loss":0.0,"gold_gain":0.0,"event_name":"Big Fish","player_choice":"Donut","floor":2.0,"gold_loss":0.0,"damage_taken":0.0},{"damage_healed":0.0,"max_hp_gain":0.0,"max_hp_loss":0.0,"gold_gain":0.0,"event_name":"Golden Idol","player_choice":"Take Damage","floor":3.0,"gold_loss":0.0,"damage_taken":31.0,"relics_obtained":["Golden Idol"]},{"damage_healed":0.0,"max_hp_gain":0.0,"max_hp_loss":0.0,"gold_gain":75.0,"event_name":"World of Goop","player_choice":"Gather Gold","floor":4.0,"gold_loss":0.0,"damage_taken":11.0},{"damage_healed":0.0,"max_hp_gain":0.0,"max_hp_loss":0.0,"gold_gain":66.0,"event_name":"Golden Wing","player_choice":"Gained Gold","floor":5.0,"gold_loss":0.0,"damage_taken":0.0},{"cards_removed":["Ball Lightning"],"damage_healed":0.0,"max_hp_gain":0.0,"max_hp_loss":0.0,"gold_gain":0.0,"event_name":"Beggar","player_choice":"Gave Gold","floor":20.0,"gold_loss":75.0,"damage_taken":0.0},{"damage_healed":0.0,"max_hp_gain":0.0,"max_hp_loss":0.0,"gold_gain":0.0,"event_name":"Back to Basics","player_choice":"Simplicity","floor":21.0,"gold_loss":0.0,"damage_taken":0.0,"cards_upgraded":[]},{"damage_healed":0.0,"max_hp_gain":0.0,"max_hp_loss":0.0,"gold_gain":0.0,"event_name":"Masked Bandits","player_choice":"Fought Bandits","floor":22.0,"gold_loss":0.0,"damage_taken":0.0},{"damage_healed":0.0,"max_hp_gain":0.0,"max_hp_loss":0.0,"gold_gain":50.0,"event_name":"Nest","player_choice":"Stole From Cult","floor":27.0,"gold_loss":0.0,"damage_taken":0.0},{"damage_healed":0.0,"max_hp_gain":0.0,"max_hp_loss":0.0,"gold_gain":0.0,"event_name":"Mysterious Sphere","player_choice":"Ignored","floor":36.0,"gold_loss":0.0,"damage_taken":0.0},{"damage_healed":0.0,"max_hp_gain":0.0,"max_hp_loss":0.0,"gold_gain":0.0,"event_name":"Winding Halls","player_choice":"Embrace Madness","floor":37.0,"gold_loss":0.0,"damage_taken":17.0,"cards_obtained":["Madness","Madness"]},{"damage_healed":0.0,"max_hp_gain":0.0,"max_hp_loss":0.0,"gold_gain":0.0,"event_name":"MindBloom","player_choice":"Upgrade","floor":38.0,"gold_loss":0.0,"damage_taken":0.0,"cards_upgraded":["Go for the Eyes","Doom and Gloom","Genetic Algorithm","Consume","Double Energy","Glacier","Reboot","Chill","Impatience","Redo","Seek","Madness","Madness"],"relics_obtained":["Mark of the Bloom"]}],"is_beta":false,"boss_relics":[{"not_picked":["Busted Crown","Fusion Hammer"],"picked":"Black Star"},{"not_picked":["FrozenCore","SacredBark"],"picked":"Nuclear Battery"}],"items_purged_floors":[19,54],"is_endless":false,"potions_floor_spawned":[1,11,12,23,24,28,30,35,41,42,46],"ascension_level":20}}