{"host":"kxz5izodaorfb9am","time":1613391059,"event":{"mods":["BaseMod","GifTheSpireLib","Minty Spire (QoL Compilation)","Shop Mod","StSLib"],"gold_per_floor":[113,38,53,53,64,64,75,92,138,138,153,188,33,52,52,129,129,146,162,162,162,162,162,225,225,225,261,320,332,332],"floor_reached":29,"language":"ENG","playtime":4829,"items_purged":["Pain"],"score":453,"play_id":"b842a5a8-ea20-41e2-a04a-3fb35c66a20f","local_time":"20210215131059","is_ascension_mode":true,"campfire_choices":[{"data":"Cloak And Dagger","floor":6,"key":"SMITH"},{"floor":15,"key":"REST"},{"floor":23,"key":"REST"},{"floor":25,"key":"REST"}],"circlet_count":0,"master_deck":["AscendersBane","Strike_G","Strike_G","Defend_G","Defend_G","Defend_G","Defend_G","Defend_G","Survivor","Neutralize","Cloak And Dagger+1","Flying Knee","Storm of Steel","Heel Hook","Sucker Punch","A Thousand Cuts","Backflip","Burst","Slice+1","Cloak And Dagger+1","Expertise","Crippling Poison","Dagger Spray","Poisoned Stab","Writhe"],"relics":["Ring of the Snake","Happy Flower","WarpedTongs","PreservedInsect","Matryoshka","Art of War","Black Star","SsserpentHead","Snake Skull","Bottled Lightning","CeramicFish","HornCleat","MawBank"],"acts_visited":["Exordium","TheCity"],"potions_floor_usage":[7,12,16,16,18,19,19,27],"damage_taken":[{"damage":1,"enemies":"2 Louse","floor":1,"turns":3},{"damage":0,"enemies":"Small Slimes","floor":3,"turns":4},{"damage":3,"enemies":"Cultist","floor":5,"turns":4},{"damage":9,"enemies":"Large Slime","floor":7,"turns":6},{"damage":4,"enemies":"Blue Slaver","floor":8,"turns":4},{"damage":4,"enemies":"Looter","floor":11,"turns":4},{"damage":5,"enemies":"3 Sentries","floor":12,"turns":6},{"damage":15,"enemies":"3 Louse","floor":14,"turns":2},{"damage":5,"enemies":"Hexaghost","floor":16,"turns":11},{"damage":11,"enemies":"3 Byrds","floor":18,"turns":6},{"damage":13,"enemies":"Shell Parasite","floor":19,"turns":6},{"damage":14,"enemies":"Snecko","floor":24,"turns":6},{"damage":37,"enemies":"Book of Stabbing","floor":27,"turns":6},{"damage":13,"enemies":"Centurion and Healer","floor":29,"turns":3}],"seed_played":"4289530114416441537","potions_obtained":[{"floor":1,"key":"AttackPotion"},{"floor":7,"key":"Weak Potion"},{"floor":8,"key":"DistilledChaos"},{"floor":14,"key":"SkillPotion"},{"floor":16,"key":"Fire Potion"},{"floor":18,"key":"EntropicBrew"}],"is_trial":false,"path_per_floor":["M","?","M","?","M","R","M","M","T","?","M","E","$","M","R","B",null,"M","M","?","?","?","R","M","R","T","E","?","M"],"character_chosen":"THE_SILENT","items_purchased":["A Thousand Cuts"],"campfire_rested":3,"item_purchase_floors":[13],"current_hp_per_floor":[58,58,58,58,55,55,46,42,42,37,33,28,28,13,32,27,56,45,32,14,14,14,35,21,42,42,5,5,0,0],"gold":332,"neow_bonus":"RANDOM_COMMON_RELIC","is_daily":false,"chose_seed":false,"campfire_upgraded":1,"win_rate":0.0,"timestamp":1613391059,"path_taken":["M","?","M","?","M","R","M","?","T","?","M","E","$","M","R","BOSS","M","M","?","?","?","R","?","R","T","E","?","M"],"items_purchased_type":["Card"],"build_version":"2020-12-22","purchased_purges":1,"victory":false,"max_hp_per_floor":[66,66,66,66,66,66,66,66,66,66,66,66,66,66,66,66,66,66,66,71,71,71,71,71,71,71,71,71,71,71],"card_choices":[{"not_picked":["Choke","Deadly Poison"],"picked":"Cloak And Dagger","floor":1},{"not_picked":["Acrobatics","Dagger Throw"],"picked":"Flying Knee","floor":3},{"not_picked":["Underhanded Strike","Slice","Dash"],"picked":"SKIP","floor":5},{"not_picked":["Quick Slash","Outmaneuver"],"picked":"Storm of Steel","floor":7},{"not_picked":["Deflect","Sucker Punch"],"picked":"Heel Hook","floor":8},{"not_picked":["Prepared","Quick Slash","Deflect"],"picked":"SKIP","floor":11},{"not_picked":["Acrobatics","Deflect"],"picked":"Sucker Punch","floor":12},{"not_picked":["Reflex","Infinite Blades"],"picked":"Backflip","floor":14},{"not_picked":["Doppelganger","Wraith Form v2"],"picked":"Burst","floor":16},{"not_picked":["Acrobatics","Predator"],"picked":"Slice+1","floor":18},{"not_picked":["Dagger Throw","Bane"],"picked":"Cloak And Dagger+1","floor":19},{"not_picked":["Flying Knee","Prepared"],"picked":"Dagger Spray","floor":24},{"not_picked":["Dagger Throw","Acrobatics"],"picked":"Poisoned Stab","floor":27}],"player_experience":319623,"relics_obtained":[{"floor":9,"key":"PreservedInsect"},{"floor":12,"key":"Art of War"},{"floor":26,"key":"Snake Skull"},{"floor":26,"key":"Bottled Lightning"},{"floor":27,"key":"CeramicFish"},{"floor":27,"key":"HornCleat"}],"event_choices":[{"cards_removed":["Strike_G"],"damage_healed":0,"gold_gain":0,"player_choice":"Card Removal","damage_taken":0,"max_hp_gain":0,"max_hp_loss":0,"event_name":"The Cleric","floor":2,"gold_loss":75},{"damage_healed":0,"gold_gain":0,"player_choice":"Rummage","damage_taken":0,"relics_obtained":["WarpedTongs"],"max_hp_gain":0,"max_hp_loss":0,"event_name":"Accursed Blacksmith","floor":4,"gold_loss":0,"cards_obtained":["Pain"]},{"damage_healed":0,"gold_gain":0,"player_choice":"Success","damage_taken":5,"relics_obtained":["Matryoshka"],"max_hp_gain":0,"max_hp_loss":0,"event_name":"Scrap Ooze","floor":10,"gold_loss":0},{"damage_healed":0,"gold_gain":0,"player_choice":"Shed Blood","damage_taken":23,"max_hp_gain":5,"max_hp_loss":0,"event_name":"Forgotten Altar","floor":20,"gold_loss":0},{"damage_healed":0,"gold_gain":0,"cards_transformed":["Strike_G","Strike_G"],"player_choice":"Became Test Subject","damage_taken":0,"max_hp_gain":0,"max_hp_loss":0,"event_name":"Drug Dealer","floor":21,"gold_loss":0,"cards_obtained":["Expertise","Crippling Poison"]},{"damage_healed":0,"gold_gain":0,"player_choice":"Trade","damage_taken":0,"relics_obtained":["SsserpentHead"],"max_hp_gain":0,"max_hp_loss":0,"event_name":"FaceTrader","floor":22,"gold_loss":0},{"damage_healed":0,"gold_gain":0,"player_choice":"Opened","damage_taken":0,"relics_obtained":["MawBank"],"max_hp_gain":0,"max_hp_loss":0,"event_name":"The Mausoleum","floor":28,"gold_loss":0,"cards_obtained":["Writhe"]}],"is_beta":false,"boss_relics":[{"not_picked":["Coffee Dripper","Fusion Hammer"],"picked":"Black Star"}],"items_purged_floors":[13],"is_endless":false,"potions_floor_spawned":[1,7,8,14,16,18],"killed_by":"Centurion and Healer","ascension_level":17}}