{"host":"218bpbmw7wi1tsbm","time":1613382861,"event":{"mods":["BaseMod","Lobotomy","LobotomyExtend","Minty Spire (QoL Compilation)","Prisma Mod","Quick Restart","Rare Cards Sparkle","StSLib"],"gold_per_floor":[120,29,40,5,16,16,34,49,101,101,124,193,212,232,232,355,355,380,414,414,438,459,459,459,493,545,249,249,249,249,272,272,358,358,230,239,239,210,231,240,259,287,341,341,378,120,120,142,142,5,5],"floor_reached":50,"language":"JPN","playtime":3937,"items_purged":[],"score":513,"play_id":"228034af-5fb3-4664-8f4e-de4eca66a258","local_time":"20210215185421","is_ascension_mode":false,"campfire_choices":[{"floor":15.0,"key":"REST"},{"floor":44,"key":"REST"},{"floor":49,"key":"REST"}],"circlet_count":0,"master_deck":["SpecialBullet","SpecialBullet","SpecialBullet","SpecialBullet","SpecialBullet","SpecialBullet","SpecialBullet","SpecialBullet","InformationCode","TrainingCode","CentralCode","Penitence","Bandage Up","MHz","Laetitia_ego","Wellcheers","Lamp+8","OSAHOGD","WristCuter","CENSORED_ego","Amita","Harvest","SecurityCode","Adoration","SpecialBullet","Adoration","TodaysExpression","WelfareCode","Freischutz","Mimicry+1","Penitence","Justitia","SpecialBullet","SpecialBullet","BloodyDesire+1","Enlightenment","Ecstasy+1","Laetitia_ego","DisciplinaryCode","SpecialBullet","Adoration","SpecialBullet","Soda+1","SomewhereSpear"],"relics":["CogitoBucket","LetterFromLob","CeramicFish","ChangeAnything","Fusion Hammer","AspirationHeart","Frozen Egg 2","Heaven_r","Smiling Mask","Potion Belt","OrangePellets","MutagenicStrength","SlaversCollar","AtMidnight","SkinProphecy","Juzu Bracelet","Prayer Wheel","Mummified Hand"],"acts_visited":["Exordium","TheCity","TheBeyond"],"potions_floor_usage":[50,50,50,50],"damage_taken":[{"damage":5.0,"enemies":"Jaw Worm","floor":1.0,"turns":2.0},{"damage":10.0,"enemies":"Small Slimes","floor":3.0,"turns":2.0},{"damage":14.0,"enemies":"2 Louse","floor":5.0,"turns":2.0},{"damage":12.0,"enemies":"2 Fungi Beasts","floor":7.0,"turns":4.0},{"damage":1.0,"enemies":"Looter","floor":8.0,"turns":2.0},{"damage":26.0,"enemies":"Large Slime","floor":11.0,"turns":6.0},{"damage":3.0,"enemies":"Exordium Wildlife","floor":13.0,"turns":3.0},{"damage":5.0,"enemies":"3 Louse","floor":14.0,"turns":4.0},{"damage":8.0,"enemies":"Hexaghost","floor":16.0,"turns":8.0},{"damage":7.0,"enemies":"Spheric Guardian","floor":18.0,"turns":3.0},{"damage":53.0,"enemies":"3 Byrds","floor":19.0,"turns":11.0},{"damage":7.0,"enemies":"Shelled Parasite and Fungi","floor":21.0,"turns":7.0},{"damage":12.0,"enemies":"Centurion and Healer","floor":22.0,"turns":8.0},{"damage":45.0,"enemies":"Sentry and Sphere","floor":24.0,"turns":8.0},{"damage":0.0,"enemies":"Sentry and Sphere","floor":25.0,"turns":6.0},{"damage":9.0,"enemies":"Snake Plant","floor":31.0,"turns":4.0},{"damage":6.0,"enemies":"Champ","floor":33.0,"turns":16.0},{"damage":57.0,"enemies":"3 Darklings","floor":35.0,"turns":6.0},{"damage":0.0,"enemies":"3 Shapes","floor":39.0,"turns":3.0},{"damage":0.0,"enemies":"Spire Growth","floor":41.0,"turns":6.0},{"damage":29,"enemies":"Transient","floor":42,"turns":5},{"damage":32,"enemies":"2 Orb Walkers","floor":45,"turns":4},{"damage":9,"enemies":"Jaw Worm Horde","floor":48,"turns":5},{"damage":81,"enemies":"Time Eater","floor":50,"turns":3}],"seed_played":"8039574248976613520","potions_obtained":[{"floor":1.0,"key":"GamblersBrew"},{"floor":8.0,"key":"Dexterity Potion"},{"floor":11.0,"key":"Explosive Potion"},{"floor":13.0,"key":"EntropicBrew"},{"floor":16.0,"key":"Weak Potion"},{"floor":25.0,"key":"SneckoOil"},{"floor":33.0,"key":"SpeedPotion"},{"floor":39.0,"key":"Explosive Potion"},{"floor":41.0,"key":"ColorlessPotion"},{"floor":42,"key":"GamblersBrew"}],"is_trial":false,"path_per_floor":["M","$","M","?","M","R","M","M","T","R","M","?","M","M","R","B",null,"M","M","?","M","M","R","M","M","T","$","?","R","?","M","R","B",null,"M","?","?","$","M","R","M","M","T","R","?","$","R","M","R","B"],"character_chosen":"Angela","items_purchased":["Bandage Up","Potion Belt","OrangePellets","Ecstasy+1","Mummified Hand"],"campfire_rested":3,"item_purchase_floors":[2,27,27,38,46],"current_hp_per_floor":[65,65,55,70,56,56,48,50,50,50,32,32,33,36,57,63,70,70,43,43,51,54,54,29,48,48,48,48,48,48,58,58,74,80,35,35,35,35,46,46,58,43,43,68,44,44,44,50,77,0,0],"gold":5,"neow_bonus":"THREE_CARDS","is_daily":false,"chose_seed":false,"campfire_upgraded":0,"win_rate":0.0,"timestamp":1613382861,"path_taken":["M","$","M","?","M","R","M","M","T","R","M","?","M","M","R","BOSS","M","M","?","M","M","R","M","M","T","$","?","R","?","M","R","BOSS","M","?","?","$","M","R","M","M","T","R","?","$","R","M","R","BOSS"],"items_purchased_type":["Card","Relic","Relic","Card","Relic"],"build_version":"2020-12-22","purchased_purges":0,"victory":false,"max_hp_per_floor":[70,70,70,70,70,70,70,70,70,70,70,70,70,70,70,70,70,70,80,80,80,80,80,80,80,80,80,80,80,80,80,80,80,80,80,80,80,80,82,82,84,86,86,86,88,88,88,90,90,94,94],"card_choices":[{"not_picked":["Logging"],"picked":"Penitence","floor":1.0},{"not_picked":["Woodsman","Mercenary"],"picked":"MHz","floor":3.0},{"not_picked":["CherryBlossom"],"picked":"Laetitia_ego","floor":3.0},{"not_picked":["Loneliness","Tough"],"picked":"SKIP","floor":5.0},{"not_picked":["QueenBee","GreedKing"],"picked":"Wellcheers","floor":7.0},{"not_picked":["Tough"],"picked":"Lamp","floor":7.0},{"not_picked":["Scorched","ShyLook"],"picked":"OSAHOGD","floor":8.0},{"not_picked":["Hypocrisy"],"picked":"WristCuter","floor":8.0},{"not_picked":["Heaven"],"picked":"CENSORED_ego","floor":11.0},{"not_picked":["WristCuter"],"picked":"Amita","floor":13.0},{"not_picked":["Lantern"],"picked":"Harvest","floor":14.0},{"not_picked":["SoundOfStar"],"picked":"Adoration","floor":16.0},{"not_picked":["CUTE"],"picked":"Regret_ego+1","floor":18.0},{"not_picked":["Horn"],"picked":"Adoration","floor":19.0},{"not_picked":["FourthMatchFlame"],"picked":"TodaysExpression","floor":21.0},{"not_picked":["Horn+1","Regret_ego+1"],"picked":"SKIP","floor":22.0},{"not_picked":["MeatLantern","SnowQueen"],"picked":"Freischutz","floor":25.0},{"not_picked":["FourthMatchFlame+1"],"picked":"Mimicry+1","floor":25.0},{"not_picked":["RapturousDream+1"],"picked":"Penitence","floor":31.0},{"not_picked":["Pinks"],"picked":"Justitia","floor":33.0},{"not_picked":["Noise"],"picked":"BloodyDesire+1","floor":35.0},{"not_picked":["Madness"],"picked":"Enlightenment","floor":36.0},{"not_picked":["RapturousDream+1"],"picked":"Laetitia_ego","floor":39.0},{"not_picked":["BlackSwan_ego+1","LifeForTheDareDevil+1"],"picked":"SKIP","floor":41.0},{"not_picked":["SolemnVow"],"picked":"Adoration","floor":42},{"not_picked":["WristCuter"],"picked":"Soda+1","floor":45},{"not_picked":["Adoration"],"picked":"SomewhereSpear","floor":48},{"not_picked":["TodaysExpression","CUTE"],"picked":"SKIP","floor":48}],"player_experience":689518,"relics_obtained":[{"floor":1.0,"key":"LetterFromLob"},{"floor":9.0,"key":"CeramicFish"},{"floor":26.0,"key":"Smiling Mask"},{"floor":35.0,"key":"AtMidnight"},{"floor":43,"key":"Juzu Bracelet"},{"floor":45,"key":"Prayer Wheel"}],"event_choices":[{"damage_healed":17.0,"max_hp_gain":0.0,"max_hp_loss":0.0,"gold_gain":0.0,"event_name":"The Cleric","player_choice":"Healed","floor":4.0,"gold_loss":35.0,"damage_taken":0.0},{"damage_healed":0.0,"max_hp_gain":0.0,"max_hp_loss":0.0,"gold_gain":69.0,"event_name":"Golden Wing","player_choice":"Gained Gold","floor":12.0,"gold_loss":0.0,"damage_taken":0.0},{"damage_healed":0.0,"max_hp_gain":0.0,"max_hp_loss":0.0,"gold_gain":0.0,"event_name":"The Mausoleum","player_choice":"Opened","floor":20.0,"gold_loss":0.0,"damage_taken":0.0,"relics_obtained":["Frozen Egg 2"]},{"damage_healed":0.0,"max_hp_gain":0.0,"max_hp_loss":0.0,"gold_gain":0.0,"event_name":"Drug Dealer","player_choice":"Inject Mutagens","floor":28.0,"gold_loss":0.0,"damage_taken":0.0,"relics_obtained":["MutagenicStrength"]},{"damage_healed":0.0,"max_hp_gain":0.0,"max_hp_loss":0.0,"gold_gain":0.0,"event_name":"SensoryStone","player_choice":"Memory 1","floor":36.0,"gold_loss":0.0,"damage_taken":0.0},{"cards_removed":["Regret_ego"],"damage_healed":0.0,"max_hp_gain":0.0,"max_hp_loss":0.0,"gold_gain":0.0,"event_name":"Falling","player_choice":"Removed Power","floor":37.0,"gold_loss":0.0,"damage_taken":0.0},{"damage_healed":0,"gold_gain":0,"player_choice":"Fight","damage_taken":0,"max_hp_gain":0,"max_hp_loss":0,"event_name":"Mysterious Sphere","floor":45,"gold_loss":0}],"is_beta":false,"boss_relics":[{"not_picked":["Snecko Eye","SacredBark"],"picked":"Fusion Hammer"},{"not_picked":["Empty Cage","Black Star"],"picked":"SlaversCollar"}],"items_purged_floors":[],"is_endless":false,"potions_floor_spawned":[1,8,11,13,16,18,24,25,33,39,41,42],"killed_by":"Time Eater","ascension_level":0}}