{"host":"2c84cb4cp1emursg","time":1613382974,"event":{"mods":["Act Like it!","BaseMod","Better Third Choice","Bossed Relics","Hermit","Mimic Mod","Minty Spire (QoL Compilation)","Permanent Neow","StSLib"],"gold_per_floor":[116,135,151,101,121,121,161,184,184,29,44,49,49],"floor_reached":12,"language":"ENG","playtime":532,"items_purged":["hermit:Strike_Hermit"],"score":86,"play_id":"1773fdaf-713f-4364-b555-12bfc693c980","local_time":"20210215025614","is_ascension_mode":true,"campfire_choices":[{"data":"hermit:Determination","floor":6,"key":"SMITH"}],"circlet_count":0,"master_deck":["hermit:Strike_Hermit","hermit:Strike_Hermit","hermit:Strike_Hermit","hermit:Defend_Hermit","hermit:Defend_Hermit","hermit:Defend_Hermit","hermit:Snapshot","hermit:Covet","hermit:Desperado","hermit:Scavenge","hermit:Determination+1","hermit:Determination","hermit:Headshot","hermit:GoldenBullet"],"relics":["Tiny House","hermit:RyeStalk","Sundial"],"acts_visited":["Exordium"],"potions_floor_usage":[7,7,12],"damage_taken":[{"damage":0,"enemies":"Small Slimes","floor":1,"turns":3},{"damage":8,"enemies":"Jaw Worm","floor":2,"turns":2},{"damage":4,"enemies":"2 Louse","floor":3,"turns":3},{"damage":13,"enemies":"Red Slaver","floor":5,"turns":3},{"damage":27,"enemies":"Gremlin Nob","floor":7,"turns":4},{"damage":7,"enemies":"2 Fungi Beasts","floor":8,"turns":3},{"damage":6,"enemies":"Exordium Wildlife","floor":11,"turns":4},{"damage":11,"enemies":"Lagavulin","floor":12,"turns":3}],"seed_played":"2598132817109574728","potions_obtained":[{"floor":3,"key":"SkillPotion"},{"floor":5,"key":"GamblersBrew"},{"floor":8,"key":"hermit:BlackBile"}],"is_trial":false,"path_per_floor":["M","M","M","?","M","R","E","M","T","$","M","E"],"character_chosen":"HERMIT","items_purchased":["hermit:GoldenBullet"],"campfire_rested":0,"item_purchase_floors":[10],"current_hp_per_floor":[75,67,63,63,50,50,23,16,16,16,10,0,0],"gold":49,"neow_bonus":"BOSS_RELIC","is_daily":false,"chose_seed":false,"campfire_upgraded":1,"win_rate":0.0,"timestamp":1613382974,"path_taken":["M","M","M","?","M","R","E","M","T","$","M","E"],"items_purchased_type":["Card"],"build_version":"2020-12-22","purchased_purges":1,"victory":false,"max_hp_per_floor":[75,75,75,75,75,75,75,75,75,75,75,75,75],"card_choices":[{"not_picked":["hermit:ItchyTrigger","hermit:SprayPray"],"picked":"hermit:Desperado","floor":1},{"not_picked":["hermit:Desperado","hermit:HighCaliber"],"picked":"hermit:Scavenge","floor":2},{"not_picked":["hermit:Feint","hermit:ItchyTrigger","hermit:Roulette"],"picked":"SKIP","floor":3},{"not_picked":["hermit:Roulette","hermit:Gestalt"],"picked":"hermit:Determination","floor":5},{"not_picked":["hermit:Shortfuse","hermit:CalledShot"],"picked":"hermit:Determination","floor":7},{"not_picked":["hermit:Malice","hermit:Spite"],"picked":"hermit:Headshot","floor":8},{"not_picked":["hermit:FlashPowder","hermit:Manifest","hermit:Coalescence"],"picked":"SKIP","floor":11}],"player_experience":470626,"relics_obtained":[{"floor":7,"key":"hermit:RyeStalk"},{"floor":9,"key":"Sundial"}],"event_choices":[{"cards_removed":["hermit:Defend_Hermit"],"damage_healed":0,"gold_gain":0,"player_choice":"Card Removal","damage_taken":0,"max_hp_gain":0,"max_hp_loss":0,"event_name":"The Cleric","floor":4,"gold_loss":50}],"is_beta":false,"boss_relics":[],"items_purged_floors":[10],"is_endless":false,"potions_floor_spawned":[3,5,8],"killed_by":"Lagavulin","ascension_level":1}}