{"host":"q8mjpf3krl0t4p3x","time":1613358945,"event":{"mods":["BaseMod","Colored Map","Colored Powertips","Googly Eyes","Minty Spire (QoL Compilation)","Quick Restart","StSLib","everything is the same but u backflip on backflip","slay the spire mod where everything is the same but ironclad has a cowboy hat"],"gold_per_floor":[116,191,191,191,206,206,239,239,290,219,219,238,252,252,252,353,353,363,363,363,376,387,387,132,132,156,0,0,12,12,26,26,123,123,138,138,63,63,78,78,78,95,143,43,56,75,75,75],"floor_reached":47,"language":"ENG","playtime":1436,"items_purged":["Defend_P","Defend_P"],"score":548,"play_id":"74e871eb-7649-4365-9246-6ab32c11457b","local_time":"20210214191545","is_ascension_mode":false,"campfire_choices":[{"data":"BattleHymn","floor":6.0,"key":"SMITH"},{"data":"ClearTheMind","floor":8.0,"key":"SMITH"},{"data":"Consecrate","floor":11.0,"key":"SMITH"},{"floor":15.0,"key":"REST"},{"data":"Ragnarok","floor":23.0,"key":"SMITH"},{"data":"Eruption","floor":25.0,"key":"SMITH"},{"floor":32.0,"key":"REST"},{"data":"Crescendo","floor":40.0,"key":"SMITH"}],"circlet_count":0,"master_deck":["Strike_P","Strike_P","Strike_P","Strike_P","Eruption+1","Vigilance","BattleHymn+1","Consecrate+1","ClearTheMind+1","EmptyMind","EmptyFist","Crescendo+1","Ragnarok+1","FollowUp+1","Halt+1","Necronomicurse","CurseOfTheBell","EmptyBody+1","InnerPeace+1"],"relics":["PureWater","Sundial","Dream Catcher","Empty Cage","Shuriken","Nunchaku","MutagenicStrength","Necronomicon","Calling Bell","Bag of Marbles","Darkstone Periapt","Thread and Needle","Prayer Wheel","Boot"],"acts_visited":["Exordium","TheCity","TheBeyond"],"potions_floor_usage":[45],"damage_taken":[{"damage":2.0,"enemies":"Cultist","floor":1.0,"turns":3.0},{"damage":6.0,"enemies":"2 Louse","floor":5.0,"turns":3.0},{"damage":8.0,"enemies":"Gremlin Nob","floor":7.0,"turns":3.0},{"damage":0.0,"enemies":"Jaw Worm","floor":12.0,"turns":2.0},{"damage":10.0,"enemies":"Exordium Thugs","floor":13.0,"turns":3.0},{"damage":0.0,"enemies":"Slime Boss","floor":16.0,"turns":3.0},{"damage":24.0,"enemies":"Shell Parasite","floor":18.0,"turns":4.0},{"damage":2.0,"enemies":"Chosen","floor":21.0,"turns":3.0},{"damage":18.0,"enemies":"3 Cultists","floor":22.0,"turns":4.0},{"damage":0.0,"enemies":"Snecko","floor":29.0,"turns":2.0},{"damage":7.0,"enemies":"Chosen and Byrds","floor":31.0,"turns":4.0},{"damage":0.0,"enemies":"Collector","floor":33.0,"turns":1.0},{"damage":23.0,"enemies":"3 Shapes","floor":35.0,"turns":1.0},{"damage":11.0,"enemies":"Orb Walker","floor":39.0,"turns":2.0},{"damage":15.0,"enemies":"Maw","floor":42.0,"turns":4.0},{"damage":35,"enemies":"4 Shapes","floor":45,"turns":2},{"damage":0,"enemies":"Transient","floor":46,"turns":5},{"damage":9,"enemies":"Giant Head","floor":47,"turns":2}],"seed_played":"8297673796151904252","potions_obtained":[{"floor":1.0,"key":"Block Potion"},{"floor":5.0,"key":"Ancient Potion"},{"floor":13.0,"key":"AttackPotion"},{"floor":18.0,"key":"EntropicBrew"},{"floor":29.0,"key":"GamblersBrew"},{"floor":35.0,"key":"Regen Potion"},{"floor":42.0,"key":"Block Potion"},{"floor":45,"key":"LiquidBronze"}],"is_trial":false,"path_per_floor":["M","?","?","?","M","R","E","R","T","$","R","M","M","?","R","B",null,"M","?","?","M","M","R","$","R","T","?","?","M","?","M","R","B",null,"M","?","$","?","M","R","T","M","T","$","M","M","E"],"character_chosen":"WATCHER","items_purchased":["EmptyMind","Shuriken"],"campfire_rested":2,"item_purchase_floors":[10,24],"current_hp_per_floor":[77,66,66,66,60,60,52,52,52,52,52,52,42,68,79,79,79,55,55,55,53,35,35,35,35,35,35,35,35,19,12,35,35,79,56,56,56,56,45,45,45,42,42,42,7,7,0,0],"gold":75,"neow_bonus":"TEN_PERCENT_HP_BONUS","is_daily":false,"chose_seed":false,"campfire_upgraded":6,"win_rate":0.0,"timestamp":1613358945,"path_taken":["M","?","?","?","?","R","E","R","T","?","R","M","M","?","R","BOSS","M","?","?","M","?","R","$","R","T","?","?","M","?","M","R","BOSS","M","?","$","?","M","R","?","M","T","$","M","M","E"],"items_purchased_type":["Card","Relic"],"build_version":"2020-12-22","purchased_purges":2,"victory":false,"max_hp_per_floor":[79,79,79,79,79,79,79,79,79,79,79,79,79,79,79,79,79,79,79,79,79,79,79,79,79,79,79,79,79,79,79,79,79,79,79,79,79,75,75,75,75,75,75,75,75,75,75,75],"card_choices":[{"not_picked":["Evaluate","Weave"],"picked":"BattleHymn","floor":1.0},{"not_picked":["JustLucky","CutThroughFate"],"picked":"Consecrate","floor":5.0},{"not_picked":["LikeWater","MasterReality"],"picked":"ClearTheMind","floor":7.0},{"not_picked":["BowlingBash","Collect"],"picked":"EmptyFist","floor":12.0},{"not_picked":["LikeWater","Prostrate"],"picked":"Crescendo","floor":13.0},{"not_picked":["ConjureBlade","Scrawl"],"picked":"Ragnarok","floor":16.0},{"not_picked":["CutThroughFate+1","Study","ThirdEye"],"picked":"SKIP","floor":18.0},{"not_picked":["PathToVictory","ClearTheMind","Vengeance"],"picked":"SKIP","floor":21.0},{"not_picked":["EmptyFist+1","Evaluate"],"picked":"FollowUp+1","floor":22.0},{"not_picked":["ConjureBlade","PathToVictory+1"],"picked":"Halt+1","floor":29.0},{"not_picked":["Consecrate","FollowUp+1","JustLucky+1"],"picked":"SKIP","floor":31.0},{"not_picked":["BowlingBash+1","Crescendo+1"],"picked":"EmptyBody+1","floor":35.0},{"not_picked":["Omniscience","EmptyBody","Tantrum"],"picked":"SKIP","floor":39.0},{"not_picked":["CarveReality+1","FlyingSleeves+1"],"picked":"InnerPeace+1","floor":42.0},{"not_picked":["Vengeance","Wallop","Conclude"],"picked":"SKIP","floor":42.0},{"not_picked":["Meditate+1","EmptyBody","Swivel"],"picked":"SKIP","floor":45},{"not_picked":["Swivel","Halt","FollowUp+1"],"picked":"SKIP","floor":45},{"not_picked":["Evaluate+1","WaveOfTheHand","FollowUp"],"picked":"SKIP","floor":46},{"not_picked":["WindmillStrike+1","ClearTheMind+1","FlyingSleeves+1"],"picked":"SKIP","floor":46}],"player_experience":112965,"relics_obtained":[{"floor":7.0,"key":"Sundial"},{"floor":9.0,"key":"Dream Catcher"},{"floor":26.0,"key":"Nunchaku"},{"floor":30.0,"key":"Necronomicon"},{"floor":34.0,"key":"Bag of Marbles"},{"floor":34.0,"key":"Darkstone Periapt"},{"floor":34.0,"key":"Thread and Needle"},{"floor":41.0,"key":"Prayer Wheel"},{"floor":43.0,"key":"Boot"}],"event_choices":[{"damage_healed":0.0,"max_hp_gain":0.0,"max_hp_loss":0.0,"gold_gain":75.0,"event_name":"World of Goop","player_choice":"Gather Gold","floor":2.0,"gold_loss":0.0,"damage_taken":11.0},{"damage_healed":0.0,"max_hp_gain":0.0,"max_hp_loss":0.0,"gold_gain":0.0,"event_name":"Golden Wing","player_choice":"Ignored","floor":3.0,"gold_loss":0.0,"damage_taken":0.0},{"damage_healed":0.0,"max_hp_gain":0.0,"max_hp_loss":0.0,"gold_gain":0.0,"event_name":"The Cleric","player_choice":"Leave","floor":4.0,"gold_loss":0.0,"damage_taken":0.0},{"damage_healed":26.0,"max_hp_gain":0.0,"max_hp_loss":0.0,"gold_gain":0.0,"event_name":"Big Fish","player_choice":"Banana","floor":14.0,"gold_loss":0.0,"damage_taken":0.0},{"damage_healed":0.0,"max_hp_gain":0.0,"max_hp_loss":0.0,"gold_gain":0.0,"event_name":"The Mausoleum","player_choice":"Ignored","floor":19.0,"gold_loss":0.0,"damage_taken":0.0},{"damage_healed":0.0,"max_hp_gain":0.0,"max_hp_loss":0.0,"gold_gain":0.0,"event_name":"NoteForYourself","player_choice":"Ignored","floor":20.0,"gold_loss":0.0,"damage_taken":0.0},{"damage_healed":0.0,"max_hp_gain":0.0,"max_hp_loss":0.0,"gold_gain":0.0,"event_name":"Masked Bandits","player_choice":"Paid Fearfully","floor":27.0,"gold_loss":156.0,"damage_taken":0.0},{"damage_healed":0.0,"max_hp_gain":0.0,"max_hp_loss":0.0,"gold_gain":0.0,"event_name":"Drug Dealer","player_choice":"Inject Mutagens","floor":28.0,"gold_loss":0.0,"damage_taken":0.0,"relics_obtained":["MutagenicStrength"]},{"damage_healed":0.0,"max_hp_gain":0.0,"max_hp_loss":0.0,"gold_gain":0.0,"event_name":"Cursed Tome","player_choice":"Obtained Book","floor":30.0,"gold_loss":0.0,"damage_taken":16.0},{"damage_healed":0.0,"max_hp_gain":0.0,"max_hp_loss":0.0,"gold_gain":0.0,"event_name":"SensoryStone","player_choice":"Memory 1","floor":36.0,"gold_loss":0.0,"damage_taken":0.0},{"damage_healed":0.0,"max_hp_gain":0.0,"max_hp_loss":4.0,"gold_gain":0.0,"event_name":"Winding Halls","player_choice":"Max HP","floor":38.0,"gold_loss":0.0,"damage_taken":0.0}],"is_beta":false,"boss_relics":[{"not_picked":["Runic Dome","Astrolabe"],"picked":"Empty Cage"},{"not_picked":["Coffee Dripper","Black Star"],"picked":"Calling Bell"}],"items_purged_floors":[37,44],"is_endless":false,"potions_floor_spawned":[1,5,13,18,29,35,42,45],"killed_by":"Giant Head","ascension_level":0}}