{"host":"or8fr2mp0k3eluj8","time":1613385825,"event":{"mods":["AchievementEnabler","BaseMod","Colored Map","DeckTracker","Minty Spire (QoL Compilation)","SuperFastMode"],"gold_per_floor":[110,61,77,2,2,2,35,35,108,120,40,56,76,76,76,178,178,190,90,90,105,105,131,131,148,148,158,73,73,84,84,84],"floor_reached":31,"language":"KOR","playtime":651,"items_purged":["Strike_P","Defend_P"],"score":280,"play_id":"d0ffc392-ad89-42e4-8d48-4627bb46e180","local_time":"20210215194345","is_ascension_mode":false,"campfire_choices":[{"data":"Eruption","floor":6,"key":"SMITH"},{"data":"MentalFortress","floor":8,"key":"SMITH"},{"data":"WheelKick","floor":15,"key":"SMITH"},{"data":"CrushJoints","floor":24,"key":"SMITH"}],"circlet_count":0,"master_deck":["Strike_P+1","Strike_P+1","Strike_P+1","Defend_P+1","Defend_P+1","Defend_P+1","Eruption+1","Vigilance","FlurryOfBlows","FearNoEvil","MentalFortress+1","Halt","WheelKick+1","CrushJoints+1","InnerPeace"],"relics":["PureWater","NeowsBlessing","Strawberry","SlaversCollar","Shuriken","Gambling Chip","Smiling Mask"],"acts_visited":["Exordium","TheCity"],"potions_floor_usage":[16,23,23,23,30,30,30],"damage_taken":[{"damage":0,"enemies":"Cultist","floor":1,"turns":1},{"damage":0,"enemies":"Jaw Worm","floor":3,"turns":1},{"damage":0,"enemies":"Gremlin Nob","floor":7,"turns":1},{"damage":0,"enemies":"Small Slimes","floor":10,"turns":2},{"damage":5,"enemies":"Red Slaver","floor":12,"turns":2},{"damage":4,"enemies":"Exordium Wildlife","floor":13,"turns":3},{"damage":48,"enemies":"The Guardian","floor":16,"turns":12},{"damage":0,"enemies":"Chosen","floor":18,"turns":4},{"damage":27,"enemies":"2 Thieves","floor":21,"turns":3},{"damage":4,"enemies":"Book of Stabbing","floor":23,"turns":4},{"damage":25,"enemies":"Snake Plant","floor":25,"turns":2},{"damage":21,"enemies":"Cultist and Chosen","floor":27,"turns":6},{"damage":0,"enemies":"3 Cultists","floor":30,"turns":4},{"damage":0,"enemies":"Centurion and Healer","floor":31,"turns":1}],"seed_played":"3248397631870093165","potions_obtained":[{"floor":1,"key":"Block Potion"},{"floor":7,"key":"EssenceOfSteel"},{"floor":13,"key":"DuplicationPotion"},{"floor":16,"key":"EntropicBrew"},{"floor":25,"key":"Fire Potion"},{"floor":30,"key":"EssenceOfSteel"}],"is_trial":false,"path_per_floor":["M","$","M","$","?","R","E","R","T","M","$","M","M","?","R","B",null,"M","$","?","M","$","E","R","M","T","M","?","?","M","M"],"character_chosen":"WATCHER","items_purchased":["FlurryOfBlows","WheelKick"],"campfire_rested":0,"item_purchase_floors":[2,11],"current_hp_per_floor":[72,72,72,72,72,72,79,79,79,79,79,74,70,70,70,22,79,79,79,79,52,52,48,48,23,23,2,2,2,2,2,2],"gold":84,"neow_bonus":"THREE_ENEMY_KILL","is_daily":false,"chose_seed":false,"campfire_upgraded":4,"win_rate":0.0,"timestamp":1613385825,"path_taken":["M","?","M","$","?","R","E","R","T","M","$","M","?","?","R","BOSS","M","$","?","M","$","E","R","M","T","M","?","?","M","M"],"items_purchased_type":["Card","Card"],"build_version":"2020-12-22","purchased_purges":2,"victory":false,"max_hp_per_floor":[72,72,72,72,72,72,79,79,79,79,79,79,79,79,79,79,79,79,79,79,79,79,79,79,79,79,79,79,79,79,79,79],"card_choices":[{"not_picked":["Indignation","Study"],"picked":"Tantrum","floor":1},{"not_picked":["Crescendo","FlurryOfBlows"],"picked":"FearNoEvil","floor":3},{"not_picked":["Protect","EmptyBody"],"picked":"MentalFortress","floor":7},{"not_picked":["CutThroughFate","Crescendo"],"picked":"Halt","floor":10},{"not_picked":["BattleHymn","CutThroughFate","LikeWater"],"picked":"SKIP","floor":12},{"not_picked":["CarveReality","Sanctity","LikeWater"],"picked":"SKIP","floor":13},{"not_picked":["Sanctity+1","Evaluate"],"picked":"CrushJoints","floor":18},{"not_picked":["ForeignInfluence","CrushJoints","Collect"],"picked":"SKIP","floor":21},{"not_picked":["ThirdEye","FearNoEvil"],"picked":"InnerPeace","floor":23},{"not_picked":["Devotion","CrushJoints","ReachHeaven"],"picked":"SKIP","floor":25},{"not_picked":["SashWhip","Consecrate","CrushJoints"],"picked":"SKIP","floor":27},{"not_picked":["EmptyBody","Protect","JustLucky"],"picked":"SKIP","floor":30}],"player_experience":332079,"relics_obtained":[{"floor":7,"key":"Strawberry"},{"floor":23,"key":"Shuriken"},{"floor":26,"key":"Gambling Chip"}],"event_choices":[{"cards_removed":["Tantrum"],"damage_healed":0,"gold_gain":0,"player_choice":"Offered Uncommon","damage_taken":0,"max_hp_gain":0,"max_hp_loss":0,"event_name":"Bonfire Elementals","floor":5,"gold_loss":0},{"damage_healed":0,"gold_gain":0,"player_choice":"Ignored","damage_taken":0,"max_hp_gain":0,"max_hp_loss":0,"event_name":"NoteForYourself","floor":14,"gold_loss":0},{"damage_healed":0,"gold_gain":0,"player_choice":"Ignored","damage_taken":0,"max_hp_gain":0,"max_hp_loss":0,"event_name":"Ghosts","floor":20,"gold_loss":0},{"damage_healed":0,"gold_gain":0,"player_choice":"Obtained Relic","damage_taken":0,"relics_obtained":["Smiling Mask"],"max_hp_gain":0,"max_hp_loss":0,"event_name":"Addict","floor":28,"gold_loss":85},{"damage_healed":0,"gold_gain":0,"player_choice":"Simplicity","damage_taken":0,"max_hp_gain":0,"max_hp_loss":0,"event_name":"Back to Basics","floor":29,"gold_loss":0,"cards_upgraded":["Strike_P","Strike_P","Strike_P","Defend_P","Defend_P","Defend_P"]}],"is_beta":false,"boss_relics":[{"not_picked":["Busted Crown","Ectoplasm"],"picked":"SlaversCollar"}],"items_purged_floors":[4,19],"is_endless":false,"potions_floor_spawned":[1,7,13,16,18,23,25,30],"killed_by":"Centurion and Healer","ascension_level":0}}