{"host":"ymmeoa1x24ihslbm","time":1613405524,"event":{"mods":["AchievementEnabler","BaseMod","Colored Map","Colored Powertips","Defuse TimeMaze Blight","Highlight Path","Minty Spire (QoL Compilation)","Permanent Neow","Quick Restart","StSLib","Unceasing Turn Reminder"],"gold_per_floor":[119,194,214,229,240,240,255,255,281,281,15,29,48,83,83,154,154,164,164,164,189,114,114,140,140,164,174,6,22,22,22,22,22,22],"floor_reached":33,"language":"ENG","playtime":2261,"items_purged":[],"score":508,"play_id":"bfdf5d93-2712-4980-bc2c-305685299cd6","local_time":"20210215171204","is_ascension_mode":true,"campfire_choices":[{"data":"Catalyst","floor":6.0,"key":"SMITH"},{"data":"Neutralize","floor":8.0,"key":"SMITH"},{"data":"Poisoned Stab","floor":10.0,"key":"SMITH"},{"data":"Setup","floor":15.0,"key":"SMITH"},{"data":"Flechettes","floor":23,"key":"SMITH"},{"data":"Deadly Poison","floor":25,"key":"SMITH"},{"data":"Bouncing Flask","floor":30,"key":"SMITH"},{"data":"Prepared","floor":32,"key":"SMITH"}],"circlet_count":0,"master_deck":["AscendersBane","Strike_G","Strike_G","Strike_G","Strike_G","Strike_G","Defend_G","Defend_G","Defend_G","Defend_G","Survivor","Neutralize+1","Dagger Throw","Poisoned Stab+1","Deadly Poison+1","Catalyst+1","Adrenaline","Corpse Explosion","Prepared+1","Flechettes+1","Setup+1","Blade Dance","Blur+1","Bouncing Flask+1"],"relics":["Ring of the Snake","Lantern","Membership Card","Centennial Puzzle","Coffee Dripper","Pear","Red Mask","Blood Vial","Anchor","Paper Crane"],"acts_visited":["Exordium","TheCity"],"potions_floor_usage":[24,27,29],"damage_taken":[{"damage":2.0,"enemies":"2 Louse","floor":1.0,"turns":3.0},{"damage":0.0,"enemies":"Small Slimes","floor":3.0,"turns":3.0},{"damage":0.0,"enemies":"Jaw Worm","floor":4.0,"turns":4.0},{"damage":9.0,"enemies":"Looter","floor":5.0,"turns":4.0},{"damage":13.0,"enemies":"Large Slime","floor":7.0,"turns":5.0},{"damage":0.0,"enemies":"2 Fungi Beasts","floor":12.0,"turns":3.0},{"damage":1.0,"enemies":"Looter","floor":13.0,"turns":2.0},{"damage":0.0,"enemies":"Lagavulin","floor":14.0,"turns":3.0},{"damage":18.0,"enemies":"The Guardian","floor":16.0,"turns":9.0},{"damage":7,"enemies":"Chosen","floor":18,"turns":4},{"damage":0,"enemies":"Masked Bandits","floor":21,"turns":2},{"damage":25,"enemies":"Book of Stabbing","floor":24,"turns":5},{"damage":0,"enemies":"2 Thieves","floor":27,"turns":2},{"damage":0,"enemies":"3 Cultists","floor":29,"turns":2},{"damage":29,"enemies":"Champ","floor":33,"turns":6}],"seed_played":"-603754245064707766","potions_obtained":[{"floor":5.0,"key":"Explosive Potion"},{"floor":7.0,"key":"Dexterity Potion"},{"floor":12.0,"key":"SpeedPotion"},{"floor":13.0,"key":"Block Potion"},{"floor":14.0,"key":"AttackPotion"},{"floor":24,"key":"Swift Potion"},{"floor":27,"key":"Regen Potion"}],"is_trial":false,"path_per_floor":["M","?","M","M","M","R","M","R","T","R","$","M","M","E","R","B",null,"M","?","T","?","?","R","E","R","T","M","$","M","R","$","R","B"],"character_chosen":"THE_SILENT","items_purchased":["Membership Card","Adrenaline","Corpse Explosion","Paper Crane","Bouncing Flask"],"campfire_rested":0,"item_purchase_floors":[11,11,11,28,28],"current_hp_per_floor":[57,46,46,46,37,37,24,24,24,24,24,24,23,23,23,5,51,44,26,36,36,36,36,11,11,11,13,13,24,24,24,24,0,0],"gold":22,"neow_bonus":"THREE_CARDS","is_daily":false,"chose_seed":false,"campfire_upgraded":8,"win_rate":0.0,"timestamp":1613405524,"path_taken":["M","?","M","M","M","R","M","R","T","R","$","M","M","E","R","BOSS","M","?","?","?","?","R","E","R","T","M","$","M","R","$","R","BOSS"],"items_purchased_type":["Relic","Card","Card","Relic","Card"],"build_version":"2020-12-22","purchased_purges":0,"victory":false,"max_hp_per_floor":[66,66,66,66,66,66,66,66,66,66,66,66,66,66,66,66,66,66,71,81,81,81,81,81,81,81,81,81,81,81,81,81,81,81],"card_choices":[{"not_picked":["Slice","Bane"],"picked":"Dagger Throw","floor":0.0},{"not_picked":["Cloak And Dagger","Flying Knee"],"picked":"Poisoned Stab","floor":1.0},{"not_picked":["Riddle With Holes","Cloak And Dagger"],"picked":"Deadly Poison","floor":3.0},{"not_picked":["Bane","Prepared"],"picked":"Catalyst","floor":4.0},{"not_picked":["Blade Dance","Prepared","Tactician"],"picked":"SKIP","floor":5.0},{"not_picked":["PiercingWail","Prepared","Endless Agony"],"picked":"SKIP","floor":7.0},{"not_picked":["Deadly Poison","Acrobatics"],"picked":"Prepared","floor":12.0},{"not_picked":["Masterful Stab","Prepared"],"picked":"Flechettes","floor":13.0},{"not_picked":["Doppelganger","Infinite Blades"],"picked":"Setup","floor":14.0},{"not_picked":["Heel Hook","Quick Slash"],"picked":"Blade Dance","floor":18},{"not_picked":["Backflip","Backstab+1"],"picked":"Blur+1","floor":21},{"not_picked":["All Out Attack","Accuracy","Backstab"],"picked":"SKIP","floor":24},{"not_picked":["Bane","Dash","Slice"],"picked":"SKIP","floor":27},{"not_picked":["Poisoned Stab","Sucker Punch","Infinite Blades"],"picked":"SKIP","floor":29}],"player_experience":594477,"relics_obtained":[{"floor":9.0,"key":"Lantern"},{"floor":14.0,"key":"Centennial Puzzle"},{"floor":20,"key":"Pear"},{"floor":21,"key":"Red Mask"},{"floor":24,"key":"Blood Vial"},{"floor":26,"key":"Anchor"}],"event_choices":[{"damage_healed":0.0,"max_hp_gain":0.0,"max_hp_loss":0.0,"gold_gain":75.0,"event_name":"World of Goop","player_choice":"Gather Gold","floor":2.0,"gold_loss":0.0,"damage_taken":11.0},{"damage_healed":0,"gold_gain":0,"player_choice":"Shed Blood","damage_taken":23,"max_hp_gain":5,"max_hp_loss":0,"event_name":"Forgotten Altar","floor":19,"gold_loss":0},{"damage_healed":0,"gold_gain":0,"player_choice":"Fought Bandits","damage_taken":0,"max_hp_gain":0,"max_hp_loss":0,"event_name":"Masked Bandits","floor":21,"gold_loss":0},{"cards_removed":["Defend_G"],"damage_healed":0,"gold_gain":0,"player_choice":"Gave Gold","damage_taken":0,"max_hp_gain":0,"max_hp_loss":0,"event_name":"Beggar","floor":22,"gold_loss":75}],"is_beta":false,"boss_relics":[{"not_picked":["Cursed Key","Ring of the Serpent"],"picked":"Coffee Dripper"}],"items_purged_floors":[],"is_endless":false,"potions_floor_spawned":[5,7,12,13,14,24,27],"killed_by":"Champ","ascension_level":15}}