{"host":"kaame4qwxxqnygv7","time":1613374186,"event":{"mods":["AchievementEnabler","BaseMod","Better Match","Better Skull","Better Third Choice","BetterRewards","Block Reminder","Bossed Relics","DeckTracker","Energized Spire","GungeonMod","Minty Spire (QoL Compilation)","Quick Restart","Red Circlet Mod","StSLib","SuperFastMode","The Blue Laboratory"],"gold_per_floor":[117,192,207,52,65,65,129,129,129,4,4,4,33,50,50,124,124,144,144,69,69,89,89,89,106,106,106,117,129,140,151,167,167,167,243,243,262,282,282,282,302,302,335,335,335,368,75,88,98,98,98,98,98,98,98,133,133],"floor_reached":58,"language":"KOR","playtime":1754,"items_purged":["Writhe","DemoMod:Strike_Huntress"],"score":1663,"play_id":"05650081-c7e4-42c4-b678-5b23c2643d58","local_time":"20210215162946","is_ascension_mode":true,"campfire_choices":[{"floor":6.0,"key":"REST"},{"floor":8.0,"key":"REST"},{"data":"1","floor":15.0,"key":"LIFT"},{"data":"2","floor":23.0,"key":"LIFT"},{"data":"3","floor":27.0,"key":"LIFT"},{"floor":33.0,"key":"REST"},{"data":"DemoMod:ManualReload","floor":42.0,"key":"SMITH"},{"floor":44.0,"key":"RECALL"},{"data":"Apotheosis","floor":51.0,"key":"SMITH"},{"data":"DemoMod:Behold!","floor":54.0,"key":"SMITH"}],"circlet_count":0,"master_deck":["AscendersBane","DemoMod:Strike_Huntress","DemoMod:Defend_Huntress","DemoMod:Defend_Huntress","DemoMod:Defend_Huntress","DemoMod:Defend_Huntress","DemoMod:Roll","DemoMod:ManualReload+1","DemoMod:RustySidearm","DemoMod:CrossBow","DemoMod:Evolver","DemoMod:HardPowerCard","DemoMod:BSG+1","DemoMod:HungryBullets","DemoMod:HardPowerCard","DemoMod:Gungine","DemoMod:Replace+1","DemoMod:LifeOrb+1","DemoMod:PotionOfGunFriendShip","DemoMod:Behold!+1","Apotheosis+1","Parasite","DemoMod:SniperShot+1"],"relics":["DemoMod:Dog","DemoMod:RatBoots","Anchor","DemoMod:Plus1Bullets","MealTicket","Girya","DemoMod:MemoryAlloy","energizedSpire:CursedPentagram","Bronze Scales","Dream Catcher","Letter Opener","DemoMod:ResourcefulSack","DemoMod:PartiallyEatenCheese","DemoMod:PinkGuonStone","DemoMod:HoleyGrail","Whetstone","Kunai"],"acts_visited":["Exordium","TheCity","DemoMod:Maze","TheBeyond","TheEnding"],"potions_floor_usage":[],"damage_taken":[{"damage":8.0,"enemies":"Small Slimes","floor":1.0,"turns":4.0},{"damage":8.0,"enemies":"Cultist","floor":3.0,"turns":5.0},{"damage":0.0,"enemies":"Jaw Worm","floor":5.0,"turns":4.0},{"damage":2.0,"enemies":"3 Sentries","floor":7.0,"turns":10.0},{"damage":13.0,"enemies":"Lagavulin","floor":13.0,"turns":5.0},{"damage":2.0,"enemies":"Blue Slaver","floor":14.0,"turns":3.0},{"damage":3.0,"enemies":"Hexaghost","floor":16.0,"turns":9.0},{"damage":0.0,"enemies":"Shell Parasite","floor":18.0,"turns":3.0},{"damage":0.0,"enemies":"3 Byrds","floor":22.0,"turns":3.0},{"damage":0.0,"enemies":"Centurion and Healer","floor":25.0,"turns":3.0},{"damage":0.0,"enemies":"DemoMod:4_Bullet_Kins","floor":28.0,"turns":1.0},{"damage":10.0,"enemies":"DemoMod:Veteran_shot_gun_kin_and_bullet_kin","floor":29.0,"turns":2.0},{"damage":17.0,"enemies":"DemoMod:Veteran_shot_gun_kin_and_blue_shotgun_kin","floor":30.0,"turns":3.0},{"damage":0.0,"enemies":"DemoMod:Veteran_shot_gun_kin_and_blue_shotgun_kin_with_gunsinger","floor":31.0,"turns":3.0},{"damage":0.0,"enemies":"DemoMod:Red_and_blue_shotgun_kin_with_gunsinger","floor":32.0,"turns":3.0},{"damage":30.0,"enemies":"DemoMod:ResourcefulRat","floor":35.0,"turns":9.0},{"damage":0.0,"enemies":"3 Darklings","floor":37.0,"turns":3.0},{"damage":0.0,"enemies":"3 Shapes","floor":38.0,"turns":1.0},{"damage":0.0,"enemies":"Jaw Worm Horde","floor":41.0,"turns":1.0},{"damage":1.0,"enemies":"Giant Head","floor":43.0,"turns":5.0},{"damage":0.0,"enemies":"Reptomancer","floor":46.0,"turns":2.0},{"damage":0.0,"enemies":"Sphere and 2 Shapes","floor":48.0,"turns":1.0},{"damage":0.0,"enemies":"Maw","floor":49.0,"turns":5.0},{"damage":44.0,"enemies":"Time Eater","floor":52.0,"turns":7.0},{"damage":0.0,"enemies":"Shield and Spear","floor":56.0,"turns":4.0},{"damage":41,"enemies":"The Heart","floor":57,"turns":5}],"seed_played":"6669775911553119388","potions_obtained":[{"floor":1.0,"key":"Block Potion"},{"floor":3.0,"key":"DemoMod:BlankPotion"},{"floor":5.0,"key":"DistilledChaos"},{"floor":14.0,"key":"LiquidBronze"},{"floor":16.0,"key":"blueLaboratory:FrostheartPotion"},{"floor":22.0,"key":"Regen Potion"},{"floor":31.0,"key":"AttackPotion"},{"floor":32.0,"key":"blueLaboratory:Moonshine"},{"floor":35.0,"key":"blueLaboratory:FrostheartPotion"},{"floor":40.0,"key":"blueLaboratory:HummingbirdPotion"},{"floor":46.0,"key":"Energy Potion"}],"is_trial":false,"path_per_floor":["M","?","M","$","M","R","E","R","T","?","?","$","E","M","R","B",null,"M","?","$","?","M","R","?","M","T","R","M","M","M","M","M","R","B","B",null,"M","M","?","?","M","R","E","R","T","E","$","M","M","T","R","B",null,"R","$","E","B",null],"character_chosen":"HUNTRESS","items_purchased":["Anchor","DemoMod:GnawedKey","DemoMod:Evolver","DemoMod:Plus1Bullets","Apotheosis"],"campfire_rested":3,"item_purchase_floors":[0,0,0,4,47],"current_hp_per_floor":[31,20,12,12,12,30,28,46,46,46,46,61,48,46,46,43,58,58,58,63,63,63,63,46,46,63,63,63,53,36,36,36,56,40,10,54,54,54,54,54,54,54,53,53,53,53,68,68,68,68,68,61,66,66,68,68,72],"gold":133,"neow_bonus":"","is_daily":false,"chose_seed":false,"campfire_upgraded":3,"win_rate":0.0,"timestamp":1613374186,"path_taken":["M","?","M","$","M","R","E","R","T","?","?","?","E","M","R","BOSS","M","?","$","?","?","R","?","M","T","R","M","M","M","M","M","R","BOSS","BOSS","M","M","?","?","M","R","E","R","T","E","$","?","M","?","R","BOSS","R","$","E","BOSS"],"items_purchased_type":["Relic","Relic","Card","Relic","Card"],"build_version":"2020-12-22","purchased_purges":2,"victory":true,"max_hp_per_floor":[63,63,63,63,63,63,63,63,63,63,63,63,63,63,63,63,63,63,63,63,63,63,63,68,68,68,68,68,68,68,68,68,68,68,68,68,68,68,68,68,68,68,68,68,68,68,68,68,68,68,68,68,68,68,68,68,75],"card_choices":[{"not_picked":["DemoMod:TripleGun","DemoMod:SAA","DemoMod:TeaPot"],"picked":"SKIP","floor":1.0},{"not_picked":["DemoMod:HuntsMan","DemoMod:BoxingGlove","DemoMod:CombinedRifle"],"picked":"SKIP","floor":3.0},{"not_picked":["DemoMod:StickyCrossBow","DemoMod:TeaPot"],"picked":"DemoMod:HardPowerCard","floor":5.0},{"not_picked":["DemoMod:JK47","DemoMod:RadGun"],"picked":"DemoMod:BSG","floor":7.0},{"not_picked":["Good Instincts","Flash of Steel"],"picked":"Dramatic Entrance","floor":10.0},{"not_picked":["DemoMod:Evolver","DemoMod:AbyssalTentacle"],"picked":"DemoMod:HungryBullets","floor":10.0},{"not_picked":["DemoMod:Unmoved","DemoMod:Camera","DemoMod:DirectionalPad"],"picked":"SKIP","floor":13.0},{"not_picked":["DemoMod:AC15","DemoMod:TripleGun"],"picked":"DemoMod:HardPowerCard","floor":14.0},{"not_picked":["DemoMod:SuppressiveFire","DemoMod:BSG"],"picked":"DemoMod:Gungine","floor":16.0},{"not_picked":["DemoMod:PracticeMakesPerfect","DemoMod:Evolver"],"picked":"DemoMod:Replace+1","floor":18.0},{"not_picked":["DemoMod:BattleInHaste","DemoMod:SAA+1"],"picked":"DemoMod:LifeOrb","floor":22.0},{"not_picked":["DemoMod:Polaris","DemoMod:Replace","DemoMod:FeignSurrender"],"picked":"SKIP","floor":22.0},{"not_picked":["DemoMod:StickyCrossBow+1","DemoMod:DoubleSwitch+1"],"picked":"DemoMod:PotionOfGunFriendShip","floor":25.0},{"not_picked":["DemoMod:AbyssalTentacle","DemoMod:DoubleSwitch","DemoMod:DirectionalPad"],"picked":"SKIP","floor":28.0},{"not_picked":["DemoMod:EasyReloadBullets+1","DemoMod:ZorGun","DemoMod:TeaPot"],"picked":"SKIP","floor":29.0},{"not_picked":["DemoMod:HuntsMan","DemoMod:FastSwitch","DemoMod:SniperShot"],"picked":"SKIP","floor":30.0},{"not_picked":["DemoMod:ConditionalReflex","DemoMod:MachoBrace+1","DemoMod:PracticeMakesPerfect"],"picked":"SKIP","floor":31.0},{"not_picked":["DemoMod:EasyReloadBullets","DemoMod:PotionOfGunFriendShip+1","DemoMod:SniperShot"],"picked":"SKIP","floor":32.0},{"not_picked":["DemoMod:DoubleVision","DemoMod:Desperate"],"picked":"DemoMod:Behold!","floor":35.0},{"not_picked":["DemoMod:AC15","DemoMod:AbyssalTentacle","DemoMod:DirectionalPad"],"picked":"SKIP","floor":37.0},{"not_picked":["DemoMod:FastSwitch+1","DemoMod:Polaris","DemoMod:StrategicReserve"],"picked":"SKIP","floor":38.0},{"not_picked":["DemoMod:AC15","DemoMod:DoubleSwitch","DemoMod:JK47+1"],"picked":"SKIP","floor":41.0},{"not_picked":["DemoMod:PotionOfGunFriendShip","DemoMod:SkilledReload+1","DemoMod:StickyCrossBow"],"picked":"SKIP","floor":43.0},{"not_picked":["DemoMod:Ejector","DemoMod:HardPowerCard+1","DemoMod:PotionOfGunFriendShip+1"],"picked":"SKIP","floor":46.0},{"not_picked":["DemoMod:FightSabre","DemoMod:TripleGun","DemoMod:MachoBrace"],"picked":"SKIP","floor":48.0},{"not_picked":["DemoMod:AC15","DemoMod:JK47+1","DemoMod:DoubleSwitch+1"],"picked":"SKIP","floor":49.0},{"not_picked":["DemoMod:ZorGun+1","DemoMod:ThirdPartyController"],"picked":"DemoMod:SniperShot+1","floor":56.0}],"player_experience":296646,"relics_obtained":[{"floor":7.0,"key":"MealTicket"},{"floor":9.0,"key":"Girya"},{"floor":13.0,"key":"DemoMod:MemoryAlloy"},{"floor":36.0,"key":"Letter Opener"},{"floor":36.0,"key":"DemoMod:ResourcefulSack"},{"floor":36.0,"key":"DemoMod:PartiallyEatenCheese"},{"floor":43.0,"key":"DemoMod:WeirdEgg"},{"floor":46.0,"key":"DemoMod:HoleyGrail"},{"floor":50.0,"key":"Whetstone"},{"floor":56.0,"key":"Kunai"}],"event_choices":[{"damage_healed":0.0,"max_hp_gain":0.0,"max_hp_loss":0.0,"gold_gain":75.0,"event_name":"betterThird:BetterGoop","player_choice":"Gold","floor":2.0,"gold_loss":0.0,"damage_taken":11.0},{"damage_healed":0.0,"max_hp_gain":0.0,"max_hp_loss":0.0,"gold_gain":0.0,"event_name":"betterMatch:BetterMatch","player_choice":"1","floor":10.0,"gold_loss":0.0,"damage_taken":0.0,"cards_obtained":["betterMatch:ColorlessUncommonCard","betterMatch:UncommonCard"]},{"damage_healed":0.0,"max_hp_gain":0.0,"max_hp_loss":0.0,"gold_gain":0.0,"event_name":"The Mausoleum","player_choice":"Opened","floor":19.0,"gold_loss":0.0,"damage_taken":0.0,"relics_obtained":["Bronze Scales"],"cards_obtained":["Writhe"]},{"cards_removed":["Dramatic Entrance"],"damage_healed":0.0,"max_hp_gain":0.0,"max_hp_loss":0.0,"gold_gain":0.0,"event_name":"WeMeetAgain","player_choice":"Gave Card","floor":21.0,"gold_loss":0.0,"damage_taken":0.0,"relics_obtained":["Dream Catcher"]},{"damage_healed":0.0,"max_hp_gain":5.0,"max_hp_loss":0.0,"gold_gain":0.0,"event_name":"Forgotten Altar","player_choice":"Shed Blood","floor":24.0,"gold_loss":0.0,"damage_taken":22.0},{"cards_removed":["DemoMod:Strike_Huntress"],"damage_healed":0.0,"max_hp_gain":0.0,"max_hp_loss":0.0,"gold_gain":0.0,"event_name":"Falling","player_choice":"Removed Attack","floor":39.0,"gold_loss":0.0,"damage_taken":0.0},{"damage_healed":0.0,"max_hp_gain":0.0,"max_hp_loss":0.0,"gold_gain":0.0,"event_name":"Lab","player_choice":"Got Potions","floor":40.0,"gold_loss":0.0,"damage_taken":0.0}],"is_beta":false,"boss_relics":[{"not_picked":["Snecko Eye","Coffee Dripper"],"picked":"energizedSpire:CursedPentagram"},{"not_picked":[]}],"items_purged_floors":[20,47],"is_endless":false,"potions_floor_spawned":[1,3,5,14,16,18,22,30,31,32,35,38,46,49],"ascension_level":15}}