{"host":"3n5xmnb54n2y5mb4","time":1613370057,"event":{"mods":["BaseMod","Colored Map","Colored Powertips","Minty Spire (QoL Compilation)","Permanent Neow","StSLib","Unceasing Turn Reminder","everything is the same but u backflip on backflip"],"gold_per_floor":[18,18,30,44,44,44,79,79,106,118,118,118,138,168,168,265,265,277,288,288,308,322,356,356,381,381,70,70,86,104,119,119,222,222,236,236,253,253,266,291,291,45,118,118,152,152,181,200,200,200],"floor_reached":51,"language":"ENG","playtime":2334,"items_purged":["Writhe"],"score":1397,"play_id":"89bafa0e-6e70-4bc6-8228-fa226bf5669f","local_time":"20210215012057","is_ascension_mode":true,"campfire_choices":[{"data":"Fire Breathing","floor":6.0,"key":"SMITH"},{"data":"Dark Embrace","floor":8.0,"key":"SMITH"},{"data":"Seeing Red","floor":15.0,"key":"SMITH"},{"floor":24.0,"key":"REST"},{"data":"Barricade","floor":32.0,"key":"SMITH"},{"data":"Madness","floor":44.0,"key":"SMITH"},{"data":"Madness","floor":46,"key":"SMITH"},{"floor":49,"key":"REST"}],"circlet_count":0,"master_deck":["AscendersBane","Strike_R+1","Strike_R+1","Strike_R+1","Strike_R+1","Strike_R+1","Defend_R+1","Defend_R+1","Defend_R+1","Defend_R+1","Bash+1","Fire Breathing+1","Burning Pact+1","Power Through+1","Dark Embrace+1","Headbutt+1","Shrug It Off+1","Seeing Red+1","Immolate+1","Carnage+1","Evolve+1","True Grit+1","Dual Wield+1","Disarm+1","Seeing Red+1","Doubt","Evolve+1","Shrug It Off+1","Shame","Battle Trance+1","Barricade+1","Immolate+1","Power Through+1","Pommel Strike+1","Madness+1","Madness+1","Fire Breathing+1","Regret","Seeing Red+1","Warcry+1"],"relics":["Burning Blood","CaptainsWheel","Nunchaku","Happy Flower","Bird Faced Urn","Mercury Hourglass","Cursed Key","Pocketwatch","InkBottle","FossilizedHelix","Question Card","Toy Ornithopter","Red Skull","Philosopher\u0027s Stone","Mark of the Bloom","Dream Catcher","DollysMirror","Ornamental Fan","Mango"],"acts_visited":["Exordium","TheCity","TheBeyond"],"potions_floor_usage":[45,50],"damage_taken":[{"damage":9.0,"enemies":"2 Louse","floor":1.0,"turns":3.0},{"damage":3.0,"enemies":"Small Slimes","floor":3.0,"turns":4.0},{"damage":1.0,"enemies":"Cultist","floor":4.0,"turns":3.0},{"damage":26.0,"enemies":"Gremlin Nob","floor":7.0,"turns":5.0},{"damage":0.0,"enemies":"Red Slaver","floor":10.0,"turns":4.0},{"damage":8.0,"enemies":"Blue Slaver","floor":13.0,"turns":4.0},{"damage":5.0,"enemies":"Lagavulin","floor":14.0,"turns":8.0},{"damage":12.0,"enemies":"Slime Boss","floor":16.0,"turns":7.0},{"damage":2.0,"enemies":"3 Byrds","floor":18.0,"turns":3.0},{"damage":0.0,"enemies":"Shell Parasite","floor":19.0,"turns":3.0},{"damage":10.0,"enemies":"Snake Plant","floor":21.0,"turns":4.0},{"damage":9.0,"enemies":"Centurion and Healer","floor":22.0,"turns":4.0},{"damage":35.0,"enemies":"Gremlin Leader","floor":23.0,"turns":6.0},{"damage":13.0,"enemies":"Book of Stabbing","floor":25.0,"turns":4.0},{"damage":0.0,"enemies":"Snecko","floor":29.0,"turns":5.0},{"damage":13.0,"enemies":"Snake Plant","floor":30.0,"turns":3.0},{"damage":3.0,"enemies":"Centurion and Healer","floor":31.0,"turns":7.0},{"damage":58.0,"enemies":"Automaton","floor":33.0,"turns":12.0},{"damage":33.0,"enemies":"3 Darklings","floor":35.0,"turns":3.0},{"damage":0.0,"enemies":"3 Shapes","floor":37.0,"turns":3.0},{"damage":0.0,"enemies":"Maw","floor":39.0,"turns":7.0},{"damage":0.0,"enemies":"Giant Head","floor":40.0,"turns":8.0},{"damage":33,"enemies":"Reptomancer","floor":45,"turns":6},{"damage":0,"enemies":"Giant Head","floor":47,"turns":7},{"damage":16,"enemies":"Jaw Worm Horde","floor":48,"turns":3},{"damage":14,"enemies":"Donu and Deca","floor":50,"turns":6}],"seed_played":"7619879844718639324","potions_obtained":[{"floor":1.0,"key":"Dexterity Potion"},{"floor":4.0,"key":"Weak Potion"},{"floor":21.0,"key":"Swift Potion"},{"floor":25.0,"key":"BloodPotion"},{"floor":35.0,"key":"Weak Potion"},{"floor":45,"key":"SteroidPotion"}],"is_trial":false,"path_per_floor":["M","?","M","M","$","R","E","R","T","M","?","?","M","E","R","B",null,"M","M","T","M","M","E","R","E","T","$","?","M","M","M","R","B",null,"M","?","M","?","M","E","?","$","T","R","E","R","E","M","R","B",null],"character_chosen":"IRONCLAD","items_purchased":["Evolve","Toy Ornithopter","Shrug It Off","DollysMirror","Fruit Juice"],"campfire_rested":2,"item_purchase_floors":[27,27,27,42,42],"current_hp_per_floor":[69,69,72,77,77,77,57,57,57,63,60,60,62,67,67,65,76,80,80,80,76,79,55,79,77,77,77,77,80,73,80,80,34,69,67,67,75,75,75,75,65,65,65,65,32,32,32,16,16,2],"gold":200,"neow_bonus":"ONE_RARE_RELIC","is_daily":false,"chose_seed":false,"campfire_upgraded":6,"win_rate":0.0,"timestamp":1613370057,"path_taken":["M","?","M","M","$","R","E","R","T","M","?","?","?","E","R","BOSS","M","M","?","M","M","E","R","E","T","$","?","M","M","M","R","BOSS","M","?","M","?","M","E","?","?","T","R","E","R","E","M","R","BOSS"],"items_purchased_type":["Card","Relic","Card","Relic","Potion"],"build_version":"2020-12-22","purchased_purges":1,"victory":true,"max_hp_per_floor":[80,80,80,80,80,80,80,80,80,80,80,80,80,80,80,80,80,80,80,80,80,80,80,80,80,80,80,80,80,80,80,80,80,80,80,80,80,80,80,80,80,80,80,80,85,85,99,99,99,99],"card_choices":[{"not_picked":["Ghostly Armor","Flex"],"picked":"Fire Breathing","floor":1.0},{"not_picked":["Sword Boomerang","Shrug It Off"],"picked":"Burning Pact","floor":3.0},{"not_picked":["Clothesline","Anger"],"picked":"Power Through","floor":4.0},{"not_picked":["Clothesline","Flex"],"picked":"Dark Embrace","floor":7.0},{"not_picked":["Heavy Blade","Body Slam"],"picked":"Headbutt","floor":10.0},{"not_picked":["Pommel Strike","Heavy Blade"],"picked":"Shrug It Off","floor":13.0},{"not_picked":["Bludgeon","Twin Strike"],"picked":"Seeing Red","floor":14.0},{"not_picked":["Limit Break","Reaper"],"picked":"Immolate","floor":16.0},{"not_picked":["Pummel","Clothesline"],"picked":"Carnage","floor":18.0},{"not_picked":["Infernal Blade","True Grit"],"picked":"Evolve","floor":19.0},{"not_picked":["Heavy Blade","Sword Boomerang+1"],"picked":"True Grit","floor":21.0},{"not_picked":["Heavy Blade","Disarm"],"picked":"Dual Wield","floor":22.0},{"not_picked":["Berserk","Body Slam"],"picked":"Disarm","floor":23.0},{"not_picked":["Infernal Blade","Thunderclap+1"],"picked":"Seeing Red","floor":25.0},{"not_picked":["Havoc","Cleave","Thunderclap","Heavy Blade"],"picked":"SKIP","floor":29.0},{"not_picked":["Anger","Armaments","Iron Wave"],"picked":"Battle Trance","floor":30.0},{"not_picked":["Sword Boomerang+1","Havoc","Headbutt"],"picked":"Barricade","floor":31.0},{"not_picked":["Bludgeon","Demon Form","Barricade"],"picked":"Immolate","floor":33.0},{"not_picked":["Flex+1","Warcry","Dual Wield"],"picked":"Power Through","floor":35.0},{"not_picked":["Inflame","Rupture","Flex"],"picked":"Pommel Strike+1","floor":37.0},{"not_picked":["Rage","Iron Wave+1","Perfected Strike","Shrug It Off"],"picked":"SKIP","floor":39.0},{"not_picked":["Headbutt","Iron Wave+1","Feed","Cleave+1"],"picked":"SKIP","floor":40.0},{"not_picked":["Double Tap","Feed","Intimidate","Wild Strike"],"picked":"SKIP","floor":45},{"not_picked":["True Grit","Cleave","Uppercut"],"picked":"Seeing Red+1","floor":47},{"not_picked":["Hemokinesis+1","Heavy Blade+1","Armaments"],"picked":"Warcry+1","floor":48}],"player_experience":971539,"relics_obtained":[{"floor":7.0,"key":"Nunchaku"},{"floor":9.0,"key":"Happy Flower"},{"floor":14.0,"key":"Mercury Hourglass"},{"floor":20.0,"key":"Pocketwatch"},{"floor":23.0,"key":"InkBottle"},{"floor":25.0,"key":"FossilizedHelix"},{"floor":26.0,"key":"Question Card"},{"floor":40.0,"key":"Dream Catcher"},{"floor":45,"key":"Ornamental Fan"},{"floor":47,"key":"Mango"}],"event_choices":[{"damage_healed":0.0,"max_hp_gain":0.0,"max_hp_loss":0.0,"gold_gain":0.0,"event_name":"Living Wall","player_choice":"Grow","floor":2.0,"gold_loss":0.0,"damage_taken":0.0,"cards_upgraded":["Bash"]},{"damage_healed":0.0,"max_hp_gain":0.0,"max_hp_loss":0.0,"gold_gain":0.0,"event_name":"Scrap Ooze","player_choice":"Success","floor":11.0,"gold_loss":0.0,"damage_taken":3.0,"relics_obtained":["Bird Faced Urn"]},{"damage_healed":0.0,"max_hp_gain":0.0,"max_hp_loss":0.0,"gold_gain":0.0,"event_name":"FaceTrader","player_choice":"Leave","floor":12.0,"gold_loss":0.0,"damage_taken":0.0},{"damage_healed":0.0,"max_hp_gain":0.0,"max_hp_loss":0.0,"gold_gain":0.0,"event_name":"Addict","player_choice":"Stole Relic","floor":28.0,"gold_loss":0.0,"damage_taken":0.0,"relics_obtained":["Red Skull"],"cards_obtained":["Shame"]},{"damage_healed":0.0,"max_hp_gain":0.0,"max_hp_loss":0.0,"gold_gain":0.0,"event_name":"Tomb of Lord Red Mask","player_choice":"Ignored","floor":36.0,"gold_loss":0.0,"damage_taken":0.0},{"damage_healed":0.0,"max_hp_gain":0.0,"max_hp_loss":0.0,"gold_gain":0.0,"event_name":"MindBloom","player_choice":"Upgrade","floor":38.0,"gold_loss":0.0,"damage_taken":0.0,"cards_upgraded":["Strike_R","Strike_R","Strike_R","Strike_R","Strike_R","Defend_R","Defend_R","Defend_R","Defend_R","Burning Pact","Power Through","Headbutt","Shrug It Off","Immolate","Carnage","Evolve","True Grit","Dual Wield","Disarm","Seeing Red","Evolve","Shrug It Off","Battle Trance","Immolate","Power Through"],"relics_obtained":["Mark of the Bloom"]},{"damage_healed":0.0,"max_hp_gain":0.0,"max_hp_loss":0.0,"gold_gain":0.0,"event_name":"Winding Halls","player_choice":"Embrace Madness","floor":41.0,"gold_loss":0.0,"damage_taken":10.0,"cards_obtained":["Madness","Madness"]}],"is_beta":false,"boss_relics":[{"not_picked":["SlaversCollar","Busted Crown"],"picked":"Cursed Key"},{"not_picked":["Sozu","Runic Pyramid"],"picked":"Philosopher\u0027s Stone"}],"items_purged_floors":[27],"is_endless":false,"potions_floor_spawned":[1,4,14,18,21,23,25,33,35,45,47,48],"ascension_level":11}}