{"host":"ywif2ugnepgiw45s","time":1613421350,"event":{"mods":["Act Like it!","BaseMod","Better Skull","Downfall","Elementarium","GifTheSpireLib","Hermit","Lobotomy","Minty Spire (QoL Compilation)","READ ME - Guardian Mod","Shade Mod","Shop Mod","StSLib","The Cursed","The Exalted","The Jungle","The Servant 0.9.4"],"gold_per_floor":[110,129,304,304,304,304,329,329,329,340,359,359,394,412,412,511,511,530,417,431,431,80,80,105,105,105,133,133,33,68,88,88,187,187,200,26,26,41,51,51,51,83,83,101,101,120,120,148,148,148,148,148,23,55,55],"floor_reached":56,"language":"ENG","playtime":3242,"items_purged":["TheCursedMod:Strike_TheCursed","TheCursedMod:Strike_TheCursed","TheCursedMod:Dregs"],"score":1342,"play_id":"99aebeec-0b6d-4e5f-bbf6-fa826b8c7663","local_time":"20210215153550","is_ascension_mode":true,"campfire_choices":[{"data":"TheCursedMod:CursedWand","floor":6,"key":"SMITH"},{"data":"TheCursedMod:CleanUpWorkshop","floor":8,"key":"SMITH"},{"floor":15,"key":"REST"},{"data":"TheCursedMod:DemonicPact","floor":23,"key":"SMITH"},{"data":"TheCursedMod:LuckyCharm","floor":28,"key":"SMITH"},{"data":"TheCursedMod:SpitefulPlan","floor":32,"key":"SMITH"},{"floor":40,"key":"RECALL"},{"floor":47,"key":"REST"},{"floor":49,"key":"REST"},{"floor":52,"key":"REST"}],"circlet_count":0,"master_deck":["TheCursedMod:Strike_TheCursed","TheCursedMod:Defend_TheCursed","TheCursedMod:Defend_TheCursed","TheCursedMod:Defend_TheCursed","TheCursedMod:Defend_TheCursed","TheCursedMod:CursedWand+1","TheCursedMod:CleanUpWorkshop+1","TheCursedMod:TacticalStrike+1","TheCursedMod:ReleasedStrength+1","TheCursedMod:ShockAndAwe","TheCursedMod:SpitefulPlan+1","TheCursedMod:DemonicPact+1","TheCursedMod:WearCloak","TheCursedMod:LuckyCharm+1","TheCursedMod:Hemoplague+1","CurseOfTheBell","CurseOfTheBell","TheCursedMod:HellfireBreathing+1","TheCursedMod:LuckyCharm+1","TheCursedMod:SurpriseAttack","TheCursedMod:DemonSword","Panache+1","TheCursedMod:BlessingInDisguise","TheCursedMod:WearCloak+1","TheCursedMod:WearCloak+1"],"relics":["TheCursedMod:BlackMagic101","Regal Pillow","Bromod:ArcaneTempo","InkBottle","Ice Cream","Bottled Flame","TheCursedMod:FourLeafCloverCharm","Elementarium:HuntersElixir","Bromod:ArcaneDeflection","Frozen Egg 2","downfall:ExtraCursedBell","PreservedInsect","Blue Candle","Lizard Tail","Bird Faced Urn","Matryoshka","Shuriken","Elementarium:ElementariumTrophy","Fusion Hammer","TheCursedMod:BloodyHarpoon","Dream Catcher","Art of War","Molten Egg 2","Sundial","HornCleat"],"acts_visited":["Exordium","Exordium","TheBeyond","TheEnding"],"potions_floor_usage":[31,33,46,54,55],"damage_taken":[{"damage":2,"enemies":"Cultist","floor":1,"turns":4},{"damage":3,"enemies":"Jaw Worm","floor":2,"turns":4},{"damage":15,"enemies":"3 Sentries","floor":7,"turns":9},{"damage":0,"enemies":"Small Slimes","floor":10,"turns":3},{"damage":0,"enemies":"Exordium Wildlife","floor":11,"turns":2},{"damage":8,"enemies":"Gremlin Nob","floor":13,"turns":3},{"damage":0,"enemies":"2 Fungi Beasts","floor":14,"turns":2},{"damage":48,"enemies":"Slime Boss","floor":16,"turns":8},{"damage":24,"enemies":"Elementarium:Cyclone","floor":18,"turns":6},{"damage":11,"enemies":"Elementarium:VoidCorruption","floor":20,"turns":7},{"damage":11,"enemies":"Elementarium:FIRE_NOBILITY","floor":24,"turns":11},{"damage":5,"enemies":"Elementarium:ElementalPortal","floor":27,"turns":8},{"damage":14,"enemies":"Elementarium:FIRE_NOBILITY","floor":30,"turns":6},{"damage":10,"enemies":"Elementarium:RubyGolem","floor":31,"turns":5},{"damage":11,"enemies":"Elementarium:PHOENIXES","floor":33,"turns":9},{"damage":0,"enemies":"Orb Walker","floor":35,"turns":4},{"damage":0,"enemies":"3 Shapes","floor":38,"turns":4},{"damage":40,"enemies":"Sphere and 2 Shapes","floor":39,"turns":7},{"damage":9,"enemies":"Reptomancer","floor":42,"turns":5},{"damage":0,"enemies":"3 Darklings","floor":44,"turns":6},{"damage":5,"enemies":"Writhing Mass","floor":46,"turns":5},{"damage":0,"enemies":"Giant Head","floor":48,"turns":6},{"damage":60,"enemies":"Awakened One","floor":50,"turns":13},{"damage":24,"enemies":"Shield and Spear","floor":54,"turns":6},{"damage":45,"enemies":"The Heart","floor":55,"turns":9}],"seed_played":"1193976431822385641","potions_obtained":[{"floor":13,"key":"hexamod:SoulburnPotion"},{"floor":14,"key":"FearPotion"},{"floor":18,"key":"GamblersBrew"},{"floor":31,"key":"PowerPotion"},{"floor":33,"key":"Energy Potion"}],"is_trial":false,"path_per_floor":["M","M","?","?","?","R","E","R","T","M","M","?","E","M","R","B",null,"M","?","M","?","$","R","E","?","T","E","R","$","E","M","R","B",null,"M","$","?","M","M","R","$","E","T","M","T","M","R","E","R","B",null,"R","$","E","B",null],"character_chosen":"THE_CURSED","items_purchased":["TheCursedMod:LuckyCharm","Bromod:ArcaneDeflection","Panache+1"],"campfire_rested":4,"item_purchase_floors":[22,22,36],"current_hp_per_floor":[73,70,70,63,56,56,41,41,41,41,41,26,18,18,55,7,75,51,51,40,40,40,40,39,39,39,52,52,52,58,58,58,61,75,75,75,75,75,41,41,41,56,56,70,70,75,75,75,75,21,75,75,75,63,32],"gold":55,"neow_bonus":"RANDOM_COMMON_RELIC","is_daily":false,"chose_seed":false,"campfire_upgraded":5,"win_rate":0.0,"timestamp":1613421350,"path_taken":["M","?","?","?","?","R","E","R","T","M","?","?","E","M","R","BOSS","M","?","M","?","$","R","E","?","T","E","R","$","E","M","R","BOSS","M","$","?","M","?","R","?","E","T","?","?","M","R","E","R","BOSS","R","$","E","BOSS"],"items_purchased_type":["Card","Relic","Card"],"build_version":"2020-12-22","purchased_purges":3,"victory":true,"max_hp_per_floor":[75,75,75,75,75,75,75,75,75,75,75,75,75,75,75,75,75,75,75,75,75,75,75,75,75,75,75,75,75,75,75,75,75,75,75,75,75,75,75,75,75,75,75,75,75,75,75,75,75,75,75,75,75,75,75],"card_choices":[{"not_picked":["TheCursedMod:CursedAmulet","TheCursedMod:CursedMace"],"picked":"TheCursedMod:TacticalStrike","floor":1},{"not_picked":["TheCursedMod:Torture","TheCursedMod:Obscuration","TheCursedMod:CursedMace"],"picked":"SKIP","floor":2},{"not_picked":["TheCursedMod:CircleOfCorruption","TheCursedMod:PrepareRite"],"picked":"TheCursedMod:ReleasedStrength","floor":7},{"not_picked":["TheCursedMod:CursedAmulet","TheCursedMod:SpreadPlague","TheCursedMod:CircleOfAmplification"],"picked":"SKIP","floor":10},{"not_picked":["TheCursedMod:Stretching","TheCursedMod:CircleOfBlood"],"picked":"TheCursedMod:ShockAndAwe","floor":11},{"not_picked":["TheCursedMod:HellfireBreathing","TheCursedMod:Torture"],"picked":"TheCursedMod:SpitefulPlan","floor":13},{"not_picked":["TheCursedMod:ReleasedKnowledge","TheCursedMod:CursedMace","TheCursedMod:CursedStaff"],"picked":"SKIP","floor":14},{"not_picked":["TheCursedMod:ShockAndAwe","TheCursedMod:UltimatePain"],"picked":"TheCursedMod:DemonicPact","floor":16},{"not_picked":["TheCursedMod:StingEye","TheCursedMod:ReleasedKnowledge","TheCursedMod:SpitefulPlan+1"],"picked":"SKIP","floor":18},{"not_picked":["TheCursedMod:VitalStrike","TheCursedMod:Mangle"],"picked":"TheCursedMod:WearCloak","floor":20},{"not_picked":["TheCursedMod:CursedRelics","TheCursedMod:SmokeScreen"],"picked":"TheCursedMod:Hemoplague+1","floor":24},{"not_picked":["TheCursedMod:Stigma","TheCursedMod:CircleOfBlood+1"],"picked":"TheCursedMod:HellfireBreathing+1","floor":27},{"not_picked":["TheCursedMod:LuckyCharm+1","TheCursedMod:CircleOfWindfury","TheCursedMod:CursedBlade+1"],"picked":"SKIP","floor":30},{"not_picked":["TheCursedMod:CircleOfWindfury","TheCursedMod:CursedBlade+1"],"picked":"TheCursedMod:LuckyCharm+1","floor":30},{"not_picked":["TheCursedMod:CircleOfAmplification+1","TheCursedMod:SoulCrush+1"],"picked":"TheCursedMod:SurpriseAttack","floor":31},{"not_picked":["TheCursedMod:CursedRelics","TheCursedMod:CircleOfAbyss"],"picked":"TheCursedMod:DemonSword","floor":33},{"not_picked":["TheCursedMod:Stretching","TheCursedMod:SmokeScreen+1","TheCursedMod:Obscuration+1"],"picked":"SKIP","floor":35},{"not_picked":["TheCursedMod:CursedAmulet","TheCursedMod:TroublousMinions"],"picked":"TheCursedMod:WearCloak+1","floor":38},{"not_picked":["TheCursedMod:CursedBlade","TheCursedMod:SpitefulStrike+1","TheCursedMod:SoulReap+1"],"picked":"SKIP","floor":39},{"not_picked":["TheCursedMod:CircleOfCorruption+1","TheCursedMod:SurpriseAttack","TheCursedMod:ReleasedKnowledge+1"],"picked":"SKIP","floor":42},{"not_picked":["TheCursedMod:CursedShiv","TheCursedMod:RapidMovement","TheCursedMod:WearCloak+1"],"picked":"SKIP","floor":44},{"not_picked":["TheCursedMod:CursedShiv+1","TheCursedMod:BlessingInDisguise","TheCursedMod:DoubleShield+1"],"picked":"SKIP","floor":46},{"not_picked":["TheCursedMod:ReleasedStrength+1","TheCursedMod:SoulReap+1","TheCursedMod:BlessingInDisguise"],"picked":"SKIP","floor":48},{"not_picked":["TheCursedMod:Torture","TheCursedMod:CursedAmulet"],"picked":"TheCursedMod:WearCloak+1","floor":49},{"not_picked":["TheCursedMod:CircleOfWindfury","TheCursedMod:CircleOfAmplification","TheCursedMod:Stigma+1"],"picked":"SKIP","floor":54}],"player_experience":1805733,"relics_obtained":[{"floor":7,"key":"InkBottle"},{"floor":9,"key":"Ice Cream"},{"floor":13,"key":"Bottled Flame"},{"floor":24,"key":"Frozen Egg 2"},{"floor":25,"key":"PreservedInsect"},{"floor":25,"key":"Blue Candle"},{"floor":25,"key":"Lizard Tail"},{"floor":26,"key":"Bird Faced Urn"},{"floor":27,"key":"Matryoshka"},{"floor":30,"key":"Shuriken"},{"floor":42,"key":"TheCursedMod:BloodyHarpoon"},{"floor":43,"key":"Dream Catcher"},{"floor":45,"key":"Art of War"},{"floor":45,"key":"Molten Egg 2"},{"floor":48,"key":"Sundial"},{"floor":54,"key":"HornCleat"}],"event_choices":[{"damage_healed":0,"gold_gain":175,"player_choice":"AGREE","damage_taken":0,"max_hp_gain":0,"max_hp_loss":0,"event_name":"Liars Game","floor":3,"gold_loss":0,"cards_obtained":["Doubt"]},{"cards_removed":["Doubt"],"damage_healed":0,"gold_gain":0,"player_choice":"Card Removal","damage_taken":7,"max_hp_gain":0,"max_hp_loss":0,"event_name":"Golden Wing","floor":4,"gold_loss":0},{"damage_healed":0,"gold_gain":0,"player_choice":"Success","damage_taken":7,"relics_obtained":["Bromod:ArcaneTempo"],"max_hp_gain":0,"max_hp_loss":0,"event_name":"Scrap Ooze","floor":5,"gold_loss":0},{"damage_healed":0,"gold_gain":0,"player_choice":"Entered Light","damage_taken":15,"max_hp_gain":0,"max_hp_loss":0,"event_name":"Shining Light","floor":12,"gold_loss":0,"cards_upgraded":["TheCursedMod:TacticalStrike","TheCursedMod:ReleasedStrength"]},{"damage_healed":0,"gold_gain":0,"player_choice":"Sling","damage_taken":0,"relics_obtained":["Elementarium:HuntersElixir"],"max_hp_gain":0,"max_hp_loss":0,"event_name":"Elementarium:BigGameHunter","floor":19,"gold_loss":113},{"damage_healed":0,"gold_gain":0,"player_choice":"Ignored","damage_taken":0,"max_hp_gain":0,"max_hp_loss":0,"event_name":"Elementarium:GreatTreasure","floor":21,"gold_loss":0},{"damage_healed":0,"gold_gain":0,"cards_transformed":["TheCursedMod:Strike_TheCursed"],"player_choice":"Transformed","damage_taken":0,"max_hp_gain":0,"max_hp_loss":0,"event_name":"Transmorgrifier","floor":37,"gold_loss":0,"cards_obtained":["TheCursedMod:BlessingInDisguise"]}],"is_beta":false,"boss_relics":[{"not_picked":["Coffee Dripper","TheCursedMod:BlackMagicAdvanced"],"picked":"TheCursedMod:FourLeafCloverCharm"},{"not_picked":["Astrolabe","Snecko Eye"],"picked":"Fusion Hammer"}],"items_purged_floors":[22,29,53],"is_endless":false,"potions_floor_spawned":[13,14,18,31,33,35],"ascension_level":1}}