{"host":"0kk91h4bq4kgfj0u","time":1613415057,"event":{"mods":["BaseMod","Bestiary","Block Reminder","Colored Map","Colored Powertips","Curses Come First","Highlight Path","Minty Spire (QoL Compilation)","Relic Stats","StSLib"],"gold_per_floor":[117,133,146,162,162,193,193,193,193,204,279,35,58,76,76,177,177,194,109,9,9,28,28,61,61,61,138,151,250,250,266,266,266,266],"floor_reached":33,"language":"ENG","playtime":904,"items_purged":[],"score":331,"play_id":"975f2b71-b199-4441-bcd5-f8bc89ea726e","local_time":"20210215135057","is_ascension_mode":true,"campfire_choices":[{"floor":7,"key":"REST"},{"floor":15,"key":"REST"},{"floor":23,"key":"REST"},{"floor":25,"key":"REST"},{"floor":32,"key":"REST"}],"circlet_count":0,"master_deck":["Strike_B","Strike_B","Strike_B","Strike_B","Defend_B","Defend_B","Defend_B","Defend_B","Zap","Dualcast","Aggregate","White Noise","Melter","Streamline","Sweeping Beam","Reboot","Ball Lightning","Leap","Thunder Strike","Lockon","Redo","Stack","Reboot","Ball Lightning","Barrage","Conserve Battery","Hello World"],"relics":["Cracked Core","Bronze Scales","Shuriken","Orichalcum","Gremlin Horn","Pantograph","Odd Mushroom","Nuclear Battery","Sundial","WingedGreaves","Question Card","Singing Bowl"],"acts_visited":["Exordium","TheCity"],"potions_floor_usage":[6,24,24],"damage_taken":[{"damage":3,"enemies":"Small Slimes","floor":1,"turns":4},{"damage":5,"enemies":"2 Louse","floor":2,"turns":2},{"damage":1,"enemies":"Cultist","floor":3,"turns":3},{"damage":7,"enemies":"Exordium Thugs","floor":4,"turns":4},{"damage":32,"enemies":"Gremlin Nob","floor":6,"turns":4},{"damage":0,"enemies":"2 Fungi Beasts","floor":10,"turns":2},{"damage":21,"enemies":"The Mushroom Lair","floor":13,"turns":3},{"damage":0,"enemies":"3 Louse","floor":14,"turns":2},{"damage":2,"enemies":"Slime Boss","floor":16,"turns":9},{"damage":0,"enemies":"Spheric Guardian","floor":18,"turns":2},{"damage":23,"enemies":"2 Thieves","floor":22,"turns":2},{"damage":54,"enemies":"Book of Stabbing","floor":24,"turns":4},{"damage":18,"enemies":"Cultist and Chosen","floor":28,"turns":6},{"damage":28,"enemies":"Centurion and Healer","floor":31,"turns":6},{"damage":95,"enemies":"Champ","floor":33,"turns":9}],"seed_played":"4571394651132032942","potions_obtained":[{"floor":1,"key":"Explosive Potion"},{"floor":4,"key":"Strength Potion"},{"floor":6,"key":"Regen Potion"},{"floor":22,"key":"PotionOfCapacity"}],"is_trial":false,"path_per_floor":["M","M","M","M","?","E","R","?","T","M","?","$","?","M","R","B",null,"M","?","$","?","M","R","E","R","T","T","M","?","?","M","R","B"],"character_chosen":"DEFECT","items_purchased":["Pantograph","Redo","Stack"],"campfire_rested":5,"item_purchase_floors":[12,20,20],"current_hp_per_floor":[72,67,66,59,47,15,37,37,37,37,26,26,5,5,27,50,69,69,69,69,69,46,68,19,41,41,41,23,23,48,20,42,0,0],"gold":266,"neow_bonus":"RANDOM_COMMON_RELIC","is_daily":false,"chose_seed":false,"campfire_upgraded":0,"win_rate":0.0,"timestamp":1613415057,"path_taken":["M","M","M","M","?","E","R","?","T","M","?","$","?","M","R","BOSS","M","?","$","?","?","R","E","R","T","?","M","?","?","?","R","BOSS"],"items_purchased_type":["Relic","Card","Card"],"build_version":"2020-12-22","purchased_purges":0,"victory":false,"max_hp_per_floor":[75,75,75,75,75,75,75,75,75,75,75,75,75,75,75,75,75,75,75,75,75,75,75,75,75,75,75,75,75,75,75,75,75,75],"relic_stats":{"Gremlin Horn":[10,10],"Singing Bowl":0,"counters":[15,62],"Shuriken":[15],"Sundial":[4],"Bronze Scales":[125],"Pantograph":50,"Orichalcum":[108],"Question Card":2,"obtain_stats":[{"Gremlin Horn":9,"Singing Bowl":27,"Shuriken":5,"Sundial":19,"Bronze Scales":0,"Pantograph":12,"WingedGreaves":24,"Orichalcum":6,"Odd Mushroom":13,"Cracked Core":0,"Question Card":26,"Nuclear Battery":17},{"Gremlin Horn":5,"Singing Bowl":12,"Shuriken":4,"Sundial":10,"Bronze Scales":0,"Pantograph":6,"WingedGreaves":12,"Orichalcum":5,"Odd Mushroom":7,"Cracked Core":0,"Question Card":12,"Nuclear Battery":9},{"Gremlin Horn":17,"Singing Bowl":41,"Shuriken":13,"Sundial":35,"Bronze Scales":0,"Pantograph":19,"WingedGreaves":41,"Orichalcum":17,"Odd Mushroom":22,"Cracked Core":0,"Question Card":41,"Nuclear Battery":33}]},"card_choices":[{"not_picked":["Hello World","Hologram"],"picked":"Aggregate","floor":1},{"not_picked":["Redo","Barrage"],"picked":"White Noise","floor":2},{"not_picked":["Rip and Tear","Aggregate"],"picked":"Melter","floor":3},{"not_picked":["Barrage","Compile Driver"],"picked":"Streamline","floor":4},{"not_picked":["Cold Snap","Storm"],"picked":"Sweeping Beam","floor":6},{"not_picked":["Hologram","Rebound"],"picked":"Reboot","floor":10},{"not_picked":["Gash","Reinforced Body"],"picked":"Ball Lightning","floor":13},{"not_picked":["Redo","Ball Lightning"],"picked":"Leap","floor":14},{"not_picked":["Seek","Creative AI"],"picked":"Thunder Strike","floor":16},{"not_picked":["Hologram","Steam"],"picked":"Lockon","floor":18},{"not_picked":["Redo","Darkness"],"picked":"Ball Lightning","floor":22},{"not_picked":["Darkness","Rebound+1"],"picked":"Barrage","floor":24},{"not_picked":["Hologram+1","Hello World+1","Coolheaded+1"],"picked":"Conserve Battery","floor":28},{"not_picked":["Gash","Creative AI","Beam Cell"],"picked":"Hello World","floor":31}],"player_experience":881334,"relics_obtained":[{"floor":6,"key":"Orichalcum"},{"floor":9,"key":"Gremlin Horn"},{"floor":13,"key":"Odd Mushroom"},{"floor":24,"key":"WingedGreaves"},{"floor":26,"key":"Question Card"},{"floor":27,"key":"Singing Bowl"}],"event_choices":[{"damage_healed":0,"gold_gain":0,"player_choice":"Success","damage_taken":12,"relics_obtained":["Shuriken"],"max_hp_gain":0,"max_hp_loss":0,"event_name":"Scrap Ooze","floor":5,"gold_loss":0},{"damage_healed":0,"gold_gain":0,"player_choice":"Ignored","damage_taken":0,"max_hp_gain":0,"max_hp_loss":0,"event_name":"Shining Light","floor":8,"gold_loss":0},{"damage_healed":0,"gold_gain":75,"player_choice":"Gather Gold","damage_taken":11,"max_hp_gain":0,"max_hp_loss":0,"event_name":"World of Goop","floor":11,"gold_loss":0},{"damage_healed":0,"gold_gain":0,"player_choice":"Fought Mushrooms","damage_taken":0,"max_hp_gain":0,"max_hp_loss":0,"event_name":"Mushrooms","floor":13,"gold_loss":0},{"damage_healed":0,"gold_gain":0,"player_choice":"Obtained Relic","damage_taken":0,"relics_obtained":["Sundial"],"max_hp_gain":0,"max_hp_loss":0,"event_name":"Addict","floor":19,"gold_loss":85},{"damage_healed":0,"gold_gain":0,"player_choice":"Copied","damage_taken":0,"max_hp_gain":0,"max_hp_loss":0,"event_name":"Duplicator","floor":21,"gold_loss":0,"cards_obtained":["Reboot"]},{"damage_healed":0,"gold_gain":99,"player_choice":"Stole From Cult","damage_taken":0,"max_hp_gain":0,"max_hp_loss":0,"event_name":"Nest","floor":29,"gold_loss":0},{"damage_healed":25,"gold_gain":0,"player_choice":"Heal","damage_taken":0,"max_hp_gain":0,"max_hp_loss":0,"event_name":"The Library","floor":30,"gold_loss":0}],"is_beta":false,"boss_relics":[{"not_picked":["Black Star","Ectoplasm"],"picked":"Nuclear Battery"}],"items_purged_floors":[],"is_endless":false,"potions_floor_spawned":[1,4,6,22],"killed_by":"Champ","ascension_level":5}}