{"host":"9rehsd5oi9uaydbk","time":1613432533,"event":{"mods":["AchievementEnabler","Act Like it!","Aspiration","BaseMod","Colored Powertips","Curses Come First","Downfall","Hallownest","Hermit","Hubris","Jorbs\u0027s Wanderer Trilogy","Minty Spire (QoL Compilation)","Reliquary","Shop Mod","StSLib","The Bug Knight"],"gold_per_floor":[109,121,121,121,136,167,23,64,64,64,79,26,38,38,38,139,139,153,171,218,229,229,229,83,83,83,83,83,83],"floor_reached":28,"language":"ENG","playtime":1640,"items_purged":[],"score":218,"play_id":"c5ea90a8-1cdc-42de-8579-01e3ff925257","local_time":"20210215184213","is_ascension_mode":false,"campfire_choices":[{"data":"HollowMod:InfectionAssault","floor":10,"key":"SMITH"},{"floor":15,"key":"REST"},{"floor":23,"key":"REST"},{"floor":25,"key":"REST"}],"circlet_count":0,"master_deck":["HollowMod:NailStrikeStart","HollowMod:NailStrikeStart","HollowMod:NailStrikeStart+1","HollowMod:NailStrikeStart+1","HollowMod:QuickDashStart","HollowMod:QuickDashStart","HollowMod:QuickDashStart+1","HollowMod:QuickDashStart","HollowMod:FocusHealStart","HollowMod:PogoStrike","HollowMod:DungDefenderAura","HollowMod:InfectedAttack","HollowMod:InfectionAssault+1","HollowMod:BaldurShell","HollowMod:NewLittleFool","HollowMod:CloakDash","HollowMod:DashSlash","HollowMod:HornetsHelp","HollowMod:TaintedHusks","HollowMod:ChannelNail","HollowMod:InfectedAttack+1"],"relics":["HollowMod:VesselMask","reliquary:Boomerang","reliquary:TuningFork","Orichalcum","HollowMod:MantisClawRelic","hubris:Stopwatch","reliquary:Stiletto","aspiration:Nostalgia","Slimebound:AbsorbEndCombat","reliquary:JackalopeAntler"],"acts_visited":["Exordium","Hallownest:Greenpath"],"potions_floor_usage":[6,16,19,27],"damage_taken":[{"damage":7,"enemies":"Hallownest:2_Tiktiks_and_1_Crawlid","floor":1,"turns":5},{"damage":1,"enemies":"Hallownest:2_Baldur","floor":2,"turns":4},{"damage":1,"enemies":"Hallownest:2_MossCreeps","floor":5,"turns":4},{"damage":13,"enemies":"Hallownest:eliteMossKnight","floor":6,"turns":8},{"damage":7,"enemies":"Hallownest:monsterFoolEater","floor":11,"turns":4},{"damage":17,"enemies":"Hallownest:1_Ooma_and_2_Uuma","floor":13,"turns":7},{"damage":44,"enemies":"Hallownest:BossFalseKnight","floor":16,"turns":10},{"damage":23,"enemies":"Hallownest:2_Mistakes","floor":18,"turns":12},{"damage":15,"enemies":"Hallownest:Flukemon_and_Top","floor":19,"turns":5},{"damage":21,"enemies":"Hallownest:monsterShrumalOgre","floor":21,"turns":6},{"damage":0,"enemies":"Hallownest:Master_and_Novice","floor":27,"turns":1},{"damage":70,"enemies":"Hallownest:eliteWatcherKnight","floor":28,"turns":10}],"seed_played":"-3563633926202775127","potions_obtained":[{"floor":1,"key":"DuplicationPotion"},{"floor":13,"key":"ColorlessPotion"},{"floor":16,"key":"bronze:BurnAndBuffPotion"},{"floor":18,"key":"Strength Potion"},{"floor":21,"key":"SmokeBomb"}],"is_trial":false,"path_per_floor":["M","M","?","?","M","E","$","?","T","R","M","$","M","?","R","B",null,"M","M","T","M","?","R","$","R","T","M","E"],"character_chosen":"THE_BUGKNIGHT","items_purchased":["Orichalcum","HollowMod:CloakDash","aspiration:Nostalgia"],"campfire_rested":3,"item_purchase_floors":[7,12,24],"current_hp_per_floor":[74,75,75,75,74,61,61,61,61,61,54,54,43,51,73,41,75,52,37,37,16,24,46,46,68,68,68,0,0],"gold":83,"neow_bonus":"RANDOM_COMMON_RELIC","is_daily":false,"chose_seed":false,"campfire_upgraded":1,"win_rate":0.0,"timestamp":1613432533,"path_taken":["M","M","?","?","M","E","$","?","T","R","M","?","?","?","R","BOSS","M","M","?","M","?","R","$","R","T","?","E"],"items_purchased_type":["Relic","Card","Relic"],"build_version":"2020-12-22","purchased_purges":0,"victory":false,"max_hp_per_floor":[75,75,75,75,75,75,75,75,75,75,75,75,75,75,75,75,75,75,75,75,75,75,75,75,75,75,75,75,75],"card_choices":[{"not_picked":["HollowMod:NewLittleFool","HollowMod:CornifersMapStart"],"picked":"HollowMod:DungDefenderAura","floor":1},{"not_picked":["HollowMod:GoodIntentions","HollowMod:InfectionAssault"],"picked":"HollowMod:InfectedAttack","floor":2},{"not_picked":["HollowMod:HowlingWraiths","HollowMod:SharpenedShadows"],"picked":"HollowMod:InfectionAssault","floor":5},{"not_picked":["HollowMod:SoulSplash","HollowMod:LifebloodCocoon"],"picked":"HollowMod:BaldurShell","floor":6},{"not_picked":["HollowMod:AbyssShriek","HollowMod:DescendingDark"],"picked":"HollowMod:NewLittleFool","floor":11},{"not_picked":["HollowMod:PureVessel","HollowMod:SoulStrike"],"picked":"HollowMod:DashSlash","floor":13},{"not_picked":["HollowMod:LifebloodCore","HollowMod:PureVessel"],"picked":"HollowMod:HornetsHelp","floor":16},{"not_picked":["HollowMod:InfectedCysts+1","HollowMod:FallenFury+1"],"picked":"HollowMod:TaintedHusks","floor":18},{"not_picked":["HollowMod:SiblingsSouls","HollowMod:DescendingDark"],"picked":"HollowMod:ChannelNail","floor":19},{"not_picked":["HollowMod:AbyssShriek","HollowMod:LifebloodCocoon"],"picked":"HollowMod:InfectedAttack+1","floor":21}],"player_experience":211091,"relics_obtained":[{"floor":6,"key":"reliquary:TuningFork"},{"floor":9,"key":"HollowMod:MantisClawRelic"},{"floor":20,"key":"reliquary:Stiletto"},{"floor":26,"key":"reliquary:JackalopeAntler"}],"event_choices":[],"is_beta":false,"boss_relics":[{"not_picked":["hubris:VirtuousBlindfold","Runic Dome"],"picked":"hubris:Stopwatch"}],"items_purged_floors":[],"is_endless":false,"potions_floor_spawned":[1,13,16,18,21],"killed_by":"Hallownest:eliteWatcherKnight","ascension_level":0}}