{"host":"s509oin3ptw7n5v1","time":1613364548,"event":{"mods":["2.2 Compatiblity","AchievementEnabler","BaseMod","Colored Map","Colored Powertips","Highlight Path","Minty Spire (QoL Compilation)","Rare Cards Sparkle","Relic Stats","Spicy Shops","StSLib"],"gold_per_floor":[112,124,124,124,139,139,3,20,20,20,20,30,63,63,63,137,137,157,157,177,4,19,19,19,19],"floor_reached":24,"language":"ENG","playtime":2850,"items_purged":[],"score":323,"play_id":"3d47eade-08d0-41fa-a65e-a34d9c2be755","local_time":"20210214234908","is_ascension_mode":true,"campfire_choices":[{"data":"Hologram","floor":6.0,"key":"SMITH"},{"data":"Genetic Algorithm","floor":11.0,"key":"SMITH"},{"floor":15.0,"key":"REST"},{"floor":23.0,"key":"REST"}],"circlet_count":0,"master_deck":["AscendersBane","Strike_B+1","Strike_B+1","Strike_B+1","Strike_B+1","Defend_B+1","Defend_B+1","Defend_B+1","Zap","Dualcast","Hologram+1","Core Surge","Leap","Turbo","Genetic Algorithm+1","Capacitor","Reinforced Body","Parasite","Seek","Cold Snap","Storm+1","Defragment","Ball Lightning"],"relics":["Cracked Core","Symbiotic Virus","Inserter","Membership Card"],"acts_visited":["Exordium","TheCity"],"potions_floor_usage":[24],"damage_taken":[{"damage":6.0,"enemies":"2 Louse","floor":1.0,"turns":3.0},{"damage":0.0,"enemies":"Small Slimes","floor":2.0,"turns":2.0},{"damage":9.0,"enemies":"Jaw Worm","floor":5.0,"turns":4.0},{"damage":4.0,"enemies":"Exordium Wildlife","floor":8.0,"turns":6.0},{"damage":16.0,"enemies":"Looter","floor":12.0,"turns":3.0},{"damage":41.0,"enemies":"Lagavulin","floor":13.0,"turns":9.0},{"damage":48.0,"enemies":"Slime Boss","floor":16.0,"turns":16.0},{"damage":12.0,"enemies":"Chosen","floor":18.0,"turns":7.0},{"damage":26.0,"enemies":"3 Byrds","floor":20.0,"turns":6.0},{"damage":13.0,"enemies":"Snake Plant","floor":22.0,"turns":5.0},{"damage":61,"enemies":"Slavers","floor":24,"turns":4}],"seed_played":"-496613042873183679","potions_obtained":[{"floor":1.0,"key":"Regen Potion"},{"floor":16.0,"key":"PowerPotion"},{"floor":20.0,"key":"SkillPotion"},{"floor":22.0,"key":"SpeedPotion"}],"is_trial":false,"path_per_floor":["M","M","?","?","M","R","$","M","T","$","R","M","E","?","R","B",null,"M","?","M","$","M","R","E"],"character_chosen":"DEFECT","items_purchased":["Leap","Turbo","Membership Card","Defragment"],"campfire_rested":2,"item_purchase_floors":[7,7,21,21],"current_hp_per_floor":[69,69,62,67,67,67,67,63,63,63,63,47,6,27,53,5,67,55,55,29,29,16,42,0,0],"gold":19,"neow_bonus":"TEN_PERCENT_HP_BONUS","is_daily":false,"chose_seed":false,"campfire_upgraded":2,"win_rate":0.0,"timestamp":1613364548,"path_taken":["M","M","?","?","M","R","$","M","T","$","R","M","E","?","R","BOSS","M","?","M","$","M","R","E"],"items_purchased_type":["Card","Card","Relic","Card"],"build_version":"2020-12-22","purchased_purges":0,"victory":false,"max_hp_per_floor":[82,82,82,87,87,87,87,87,87,87,87,87,87,87,87,87,87,87,87,87,87,87,87,87,87],"relic_stats":{"Inserter":[11],"counters":[11,65],"obtain_stats":[{"Inserter":17,"Membership Card":21,"Cracked Core":0,"Symbiotic Virus":13},{"Inserter":7,"Membership Card":9,"Cracked Core":0,"Symbiotic Virus":6},{"Inserter":43,"Membership Card":56,"Cracked Core":0,"Symbiotic Virus":27}]},"card_choices":[{"not_picked":["Recycle","Beam Cell","Rebound"],"picked":"SKIP","floor":1.0},{"not_picked":["Leap","Chaos"],"picked":"Hologram","floor":2.0},{"not_picked":["Force Field","Gash"],"picked":"Core Surge","floor":5.0},{"not_picked":["Coolheaded","Sweeping Beam"],"picked":"Genetic Algorithm","floor":8.0},{"not_picked":["Auto Shields","Turbo"],"picked":"Capacitor","floor":12.0},{"not_picked":["Gash","Stack"],"picked":"Reinforced Body","floor":13.0},{"not_picked":["Machine Learning","Core Surge"],"picked":"Seek","floor":16.0},{"not_picked":["Gash","Hologram"],"picked":"Cold Snap","floor":18.0},{"not_picked":["Rebound","Blizzard"],"picked":"Storm+1","floor":20.0},{"not_picked":["Conserve Battery","Capacitor"],"picked":"Ball Lightning","floor":22.0}],"player_experience":1187032,"relics_obtained":[{"floor":13.0,"key":"Symbiotic Virus"}],"event_choices":[{"cards_removed":["Defend_B"],"damage_healed":0.0,"max_hp_gain":0.0,"max_hp_loss":0.0,"gold_gain":0.0,"event_name":"Golden Wing","player_choice":"Card Removal","floor":3.0,"gold_loss":0.0,"damage_taken":7.0},{"damage_healed":0.0,"max_hp_gain":5.0,"max_hp_loss":0.0,"gold_gain":0.0,"event_name":"Big Fish","player_choice":"Donut","floor":4.0,"gold_loss":0.0,"damage_taken":0.0},{"damage_healed":21.0,"max_hp_gain":0.0,"max_hp_loss":0.0,"gold_gain":0.0,"event_name":"Mushrooms","player_choice":"Healed and dodged fight","floor":14.0,"gold_loss":0.0,"damage_taken":0.0,"cards_obtained":["Parasite"]},{"damage_healed":0.0,"max_hp_gain":0.0,"max_hp_loss":0.0,"gold_gain":0.0,"event_name":"Back to Basics","player_choice":"Simplicity","floor":19.0,"gold_loss":0.0,"damage_taken":0.0,"cards_upgraded":["Strike_B","Strike_B","Strike_B","Strike_B","Defend_B","Defend_B","Defend_B"]}],"is_beta":false,"boss_relics":[{"not_picked":["Empty Cage","Pandora\u0027s Box"],"picked":"Inserter"}],"items_purged_floors":[],"is_endless":false,"potions_floor_spawned":[1,16,20,22],"killed_by":"Slavers","ascension_level":13}}