{"host":"dug4t5o3sl9ppgxq","time":1613360045,"event":{"mods":["ATMod(∞¢Ë™Mod)","Act Like it!","Aspiration","BaseMod","BetterRewards","Card Forge","Colored Map","Colored Powertips","DNKmod","Downfall","FoggyMod","Friendly Minions","Gensokyo","Grow up Mod","Hallownest","Highlight Path","Lobotomy","LobotomyExtend","Marisa£®ÏF”Í°°ƒß¿Ì…≥£©","Minty Spire (QoL Compilation)","Reimu£®≤©¿ˆ¡È√Œ£©","Relic Filter Mod","Remilia£®¿Ÿ√◊¿Ú—«£©","Replay The Spire","Spicy Shops","StSLib","The Bug Knight","The Saiyan","Uncapped","Warlord Emblem","noobMod","°æπ¶ƒ‹Mod°øªÏ„Á÷Æª∑–ﬁ∏¥≤π∂°","°æπ¶ƒ‹Mod°ø¥œ√˜µƒ◊Ó÷’Boss","°æ“≈ŒÔø®≈∆°øREMEMod"],"gold_per_floor":[10020,10020,10036,10036,10111,10139,10139,10164,10233,10293,10293,10309,10337,10337,10337,10440,10440,10456,10456,9722,9722,9722,9751,9275,9307,9307,9307,9327,9341,9357,9383,9383,9482,9482,9492,9508,9508,9508,9127,9156,9167,9202,9202,9229,9241,9253,9284,9331,9343,9355,9367,9379,9391,9093,9118,9118],"floor_reached":57,"language":"ZHS","playtime":2260,"items_purged":[],"score":2302,"play_id":"07223673-9164-46aa-9311-c5199c1266dc","local_time":"20210215113405","is_ascension_mode":true,"campfire_choices":[{"floor":7,"key":"RECALL"},{"floor":15,"key":"REST"},{"floor":32,"key":"REST"},{"floor":45,"key":"REST"},{"floor":49,"key":"REST"},{"floor":53,"key":"REST"}],"circlet_count":0,"master_deck":["Defend_R+1","Defend_R+1","Defend_R+1","Defend_R+1","Bash+1","AT_IchimonjiDouble+1","ReplayTheSpireMod:Muscle Training+1","Blood for Blood+1","REME_Cut+1","Demon Form+1","AT_DrawKnifeCut+1","AT_Dispersion+1","Rupture+1","Flex+1","Brutality+1","Inflame+1","AT_ManFootWork+1","Limit Break+1","Offering+1","Combust+1","Spot Weakness+1","Rupture+1","Inflame+1","Limit Break+1","Offering+1","Combust+1","Spot Weakness+1","Heavy Blade+1","Pummel+1","Sword Boomerang+1","Heavy Blade+1","Limit Break+1","AT_CaressingTears+1","J.A.X.+1","Inflame+1","Inflame+1","Offering+1","Limit Break+1"],"relics":["Burning Blood","Hammer of Thor","Seething Fire","Anvil of the Gods","ice","AT_ATBox","REME_ComplimentaryCards","aspiration:Nostalgia","Cracked Core","WarpedTongs","Golden Egg","AT_RabadonDeathcap","Toy Ornithopter","LetterFromLob","REME_PuzzleBoxRelic","REME_ChargedStone","Vajra","AT_BellDemon","Frozen Egg 2","Membership Card","Blue Candle","aspiration:RitualStick","Molten Egg 2","Divine Protection","Replay:Bottled Steam","Dead Branch","REME_CardOfGreed","King of Hearts","Red Skull","REME_LimitBreaker","AT_RedNoBalance","RuthlessExorcism:ReiMu","AT_BladeRuinedKing","Centennial Puzzle","PreservedInsect","Garlic","Fusion Hammer","AT_BellowingDragoncrestRing","Bronze Scales","Durian","Happy Flower","TentaclePot:ReiMu","Sling","Omamori","Thread and Needle","AT_Kusabimaru","InkBottle","ReplayFunnel","CrazyTorch:ReiMu","MawBank","Singing Bowl","White Beast Statue","HollowMod:PaleOreRelic","Replay:Bottled Flurry","AT_ImmortalShieldbow","AT_SunfireAegis","ClockworkSouvenir","Lantern","aspiration:ChemicalBlood","aspiration:Lifesprig"],"acts_visited":["Exordium","TheCity","TheBeyond","TheEnding"],"potions_floor_usage":[],"damage_taken":[{"damage":6,"enemies":"2 Louse","floor":1,"turns":1},{"damage":7,"enemies":"Cultist","floor":3,"turns":2},{"damage":7,"enemies":"Lagavulin","floor":6,"turns":2},{"damage":1,"enemies":"Gremlin Nob","floor":8,"turns":2},{"damage":3,"enemies":"Small Slimes","floor":12,"turns":2},{"damage":3,"enemies":"Lagavulin","floor":13,"turns":3},{"damage":14,"enemies":"Slime Boss","floor":16,"turns":2},{"damage":21,"enemies":"3 Byrds","floor":18,"turns":3},{"damage":23,"enemies":"Gremlin Leader","floor":23,"turns":2},{"damage":22,"enemies":"Book of Stabbing","floor":25,"turns":3},{"damage":17,"enemies":"Shell Parasite","floor":28,"turns":3},{"damage":13,"enemies":"Centurion and Healer","floor":29,"turns":2},{"damage":11,"enemies":"Chosen and Byrds","floor":30,"turns":2},{"damage":1,"enemies":"Slavers","floor":31,"turns":1},{"damage":2,"enemies":"Automaton","floor":33,"turns":2},{"damage":8,"enemies":"3 Darklings","floor":35,"turns":2},{"damage":0,"enemies":"Orb Walker","floor":36,"turns":1},{"damage":0,"enemies":"Nemesis","floor":40,"turns":2},{"damage":0,"enemies":"4 Shapes","floor":41,"turns":2},{"damage":0,"enemies":"Giant Head","floor":42,"turns":1},{"damage":0,"enemies":"Nemesis","floor":44,"turns":1},{"damage":7,"enemies":"3 Darklings","floor":47,"turns":2},{"damage":0,"enemies":"Giant Head","floor":48,"turns":1},{"damage":88,"enemies":"Awakened One","floor":50,"turns":5},{"damage":0,"enemies":"Shield and Spear","floor":55,"turns":1},{"damage":45,"enemies":"The Heart","floor":56,"turns":5}],"seed_played":"-7821044407407587650","potions_obtained":[{"floor":1,"key":"GrandPatriotsElixir:ReiMu"},{"floor":8,"key":"Weak Potion"},{"floor":12,"key":"PowerPotion"},{"floor":55,"key":"BloodPotion"}],"is_trial":false,"path_per_floor":["M","?","M","?","?","E","R","E","T","?","?","M","E","?","R","B",null,"M","?","$","?","?","E","$","E","T","E","M","M","M","E","R","B",null,"M","M","?","?","$","E","M","E","T","E","R","?","M","E","R","B",null,null,"R","$","E","B",null],"character_chosen":"IRONCLAD","items_purchased":["Vajra","AT_BellDemon","Frozen Egg 2","Membership Card","Blue Candle","Replay:Bottled Steam","Dead Branch","REME_CardOfGreed","Inflame+1","Durian","Happy Flower","TentaclePot:ReiMu","Sling","AT_ImmortalShieldbow","AT_SunfireAegis","ClockworkSouvenir","Lantern"],"campfire_rested":5,"item_purchase_floors":[20,20,20,20,20,24,24,24,24,39,39,39,39,54,54,54,54],"current_hp_per_floor":[1020,1030,1039,1049,1048,1057,1067,1082,1092,1102,1112,1125,1138,1148,1160,1162,1178,1173,1183,1193,1203,969,962,972,966,976,986,985,648,653,668,1074,1088,1287,1295,1311,1311,1321,1336,1346,1356,1366,1376,1388,1398,1408,1419,1432,1442,1370,1380,1452,1482,1492,1504,1499],"gold":9118,"neow_bonus":"NOSTALGIA","is_daily":false,"chose_seed":false,"campfire_upgraded":0,"win_rate":0.0,"timestamp":1613360045,"path_taken":["M","?","?","?","?","E","R","E","T","?","?","?","E","?","R","BOSS","M","?","$","?","?","E","?","E","T","E","?","?","?","E","R","BOSS","M","?","?","?","?","E","?","E","T","E","R","?","?","E","R","BOSS","R","$","E","BOSS"],"items_purchased_type":["Relic","Relic","Relic","Relic","Relic","Relic","Relic","Relic","Card","Relic","Relic","Relic","Relic","Relic","Relic","Relic","Card"],"build_version":"2020-12-22","purchased_purges":0,"victory":true,"max_hp_per_floor":[1020,1030,1040,1050,1060,1070,1080,1090,1100,1110,1120,1130,1140,1150,1160,1170,1180,1190,1200,1210,1220,1230,1240,1250,1260,1270,1280,1290,1300,1310,1320,1330,1340,1350,1360,1370,1311,1321,1336,1346,1356,1366,1376,1388,1398,1408,1420,1432,1442,1452,1462,1472,1482,1492,1504,1524],"card_choices":[{"not_picked":["Hemokinesis","Sword Boomerang"],"picked":"Heavy Blade","floor":1},{"not_picked":["Feel No Pain","Infernal Blade","Body Slam"],"picked":"SKIP","floor":3},{"not_picked":["Warcry","AT_GerminateFire","Headbutt"],"picked":"SKIP","floor":6},{"not_picked":["REME_Scribble","Clothesline","Battle Trance"],"picked":"SKIP","floor":8},{"not_picked":["ReplayTheSpireMod:Strike From Hell","Shrug It Off","ReplayReversal"],"picked":"SKIP","floor":12},{"not_picked":["Metallicize","Thunderclap","Warcry"],"picked":"SKIP","floor":13},{"not_picked":["Hemogenesis","Immolate"],"picked":"Limit Break","floor":16},{"not_picked":["Perfected Strike","AT_BodySlamDance","Havoc"],"picked":"SKIP","floor":18},{"not_picked":["Shrug It Off+1","Seeing Red","Juggernaut+1"],"picked":"SKIP","floor":23},{"not_picked":["Dual Wield","Burning Pact+1"],"picked":"Inflame+1","floor":25},{"not_picked":["Flex","Dropkick+1","Armaments+1"],"picked":"SKIP","floor":28},{"not_picked":["Shockwave","Run Through+1","Body Slam+1"],"picked":"SKIP","floor":29},{"not_picked":["ReplayReversal","Thunderclap+1","Replay:Undeath\u0027s Touch+1"],"picked":"SKIP","floor":30},{"not_picked":["Pommel Strike+1","Replay:Undeath\u0027s Touch+1","Searing Blow+1"],"picked":"SKIP","floor":31},{"not_picked":["Demon Form+1","Exhume"],"picked":"Offering","floor":33},{"not_picked":["Twin Strike+1","Replay:Undeath\u0027s Touch+1","Hemokinesis+1"],"picked":"SKIP","floor":35},{"not_picked":["Clash+1","ReplayTheSpireMod:Strike From Hell+1","Havoc"],"picked":"SKIP","floor":36},{"not_picked":["Anger+1","Berserk+1","Feed+1"],"picked":"SKIP","floor":40},{"not_picked":["Headbutt+1","Replay:Undeath\u0027s Touch+1","Fire Breathing+1"],"picked":"SKIP","floor":41},{"not_picked":["AT_Dispersion+1","ReplayTheSpireMod:Strike From Hell+1","Flex"],"picked":"SKIP","floor":42},{"not_picked":["Clothesline+1","Havoc+1","Carnage+1"],"picked":"Singing Bowl","floor":44},{"not_picked":["Run Through+1","Shrug It Off","Sever Soul+1"],"picked":"Singing Bowl","floor":47},{"not_picked":["Armaments+1","AT_IchimonjiDouble+1","Replay:Undeath\u0027s Touch+1"],"picked":"Singing Bowl","floor":48},{"not_picked":["Entrench+1","Perfected Strike+1","Disarm"],"picked":"Singing Bowl","floor":55}],"player_experience":190399,"relics_obtained":[{"floor":6,"key":"Golden Egg"},{"floor":8,"key":"AT_RabadonDeathcap"},{"floor":13,"key":"Toy Ornithopter"},{"floor":13,"key":"LetterFromLob"},{"floor":23,"key":"Molten Egg 2"},{"floor":23,"key":"Divine Protection"},{"floor":25,"key":"King of Hearts"},{"floor":25,"key":"Red Skull"},{"floor":26,"key":"REME_LimitBreaker"},{"floor":28,"key":"AT_SilverBalance"},{"floor":29,"key":"RuthlessExorcism:ReiMu"},{"floor":30,"key":"AT_BladeRuinedKing"},{"floor":31,"key":"Centennial Puzzle"},{"floor":31,"key":"PreservedInsect"},{"floor":33,"key":"Garlic"},{"floor":35,"key":"AT_BellowingDragoncrestRing"},{"floor":36,"key":"Bronze Scales"},{"floor":40,"key":"Omamori"},{"floor":40,"key":"Thread and Needle"},{"floor":41,"key":"AT_Kusabimaru"},{"floor":42,"key":"InkBottle"},{"floor":42,"key":"ReplayFunnel"},{"floor":43,"key":"CrazyTorch:ReiMu"},{"floor":44,"key":"MawBank"},{"floor":44,"key":"Singing Bowl"},{"floor":47,"key":"White Beast Statue"},{"floor":48,"key":"HollowMod:PaleOreRelic"},{"floor":48,"key":"Replay:Bottled Flurry"},{"floor":55,"key":"aspiration:ChemicalBlood"},{"floor":55,"key":"aspiration:Lifesprig"}],"event_choices":[{"damage_healed":0,"gold_gain":0,"player_choice":"Rummage","damage_taken":0,"relics_obtained":["WarpedTongs"],"max_hp_gain":0,"max_hp_loss":0,"event_name":"Accursed Blacksmith","floor":2,"gold_loss":0,"cards_obtained":["Pain"]},{"damage_healed":0,"gold_gain":75,"player_choice":"Gather Gold","damage_taken":11,"max_hp_gain":0,"max_hp_loss":0,"event_name":"World of Goop","floor":5,"gold_loss":0},{"damage_healed":0,"gold_gain":60,"player_choice":"Gained Gold","damage_taken":0,"max_hp_gain":0,"max_hp_loss":0,"event_name":"Golden Wing","floor":10,"gold_loss":0},{"damage_healed":0,"gold_gain":0,"player_choice":"Ignored","damage_taken":0,"max_hp_gain":0,"max_hp_loss":0,"event_name":"WeMeetAgain","floor":11,"gold_loss":0},{"damage_healed":0,"gold_gain":0,"player_choice":"Box","damage_taken":0,"relics_obtained":["REME_PuzzleBoxRelic"],"max_hp_gain":0,"max_hp_loss":0,"event_name":"Big Fish","floor":14,"gold_loss":0,"cards_obtained":["Regret"]},{"damage_healed":0,"gold_gain":0,"player_choice":"Obtain J.A.X.","damage_taken":0,"max_hp_gain":0,"max_hp_loss":0,"event_name":"Drug Dealer","floor":21,"gold_loss":0,"cards_obtained":["J.A.X."]},{"damage_healed":0,"gold_gain":0,"player_choice":"Max HP","damage_taken":0,"max_hp_gain":0,"max_hp_loss":69,"event_name":"Winding Halls","floor":37,"gold_loss":0},{"damage_healed":0,"gold_gain":0,"player_choice":"Ignored","damage_taken":0,"max_hp_gain":0,"max_hp_loss":0,"event_name":"Tomb of Lord Red Mask","floor":38,"gold_loss":0},{"damage_healed":0,"gold_gain":0,"player_choice":"Copied","damage_taken":0,"max_hp_gain":0,"max_hp_loss":0,"event_name":"Duplicator","floor":46,"gold_loss":0,"cards_obtained":["Limit Break"]}],"is_beta":false,"boss_relics":[{"not_picked":["aspiration:SecretTechniqueScroll","Replay:Ancient Bell"],"picked":"REME_ChargedStone"},{"not_picked":["Kintsugi","ReplayTheSpireMod:DimensionalGlitch"],"picked":"Fusion Hammer"}],"items_purged_floors":[],"is_endless":false,"potions_floor_spawned":[1,8,12,13,23,31,33,42,44,47,48,55],"ascension_level":6}}