{"host":"nlbr7nnijupf3yfg","time":1613361751,"event":{"mods":["AchievementEnabler","BaseMod","BetterRewards","Colored Powertips","DeckTracker","Downfall","Hermit","Hubris","Infinite Spire","Minty Spire (QoL Compilation)","Quick Restart","Replay The Spire","StSLib","SuperFastMode"],"gold_per_floor":[117,117,117,392,406,28,28,93,116,116,126,126,145,165,165,165,165],"floor_reached":16,"language":"ENG","playtime":283,"items_purged":[],"score":90,"play_id":"76362337-d3c6-4450-b221-4ae900d49df5","local_time":"20210214230231","is_ascension_mode":false,"campfire_choices":[{"data":"hermit:Roughhouse","floor":7,"key":"SMITH"},{"data":"Slimebound:FinishingTackle","floor":12,"key":"SMITH"},{"floor":15,"key":"REST"}],"circlet_count":0,"master_deck":["hermit:Strike_Hermit","hermit:Strike_Hermit","hermit:Strike_Hermit","hermit:Strike_Hermit","hermit:Defend_Hermit","hermit:Defend_Hermit","hermit:Defend_Hermit","hermit:Defend_Hermit","hermit:Snapshot","hermit:Covet","hermit:Manifest","Regret","hermit:ShadowCloak","hermit:Roughhouse+1","hermit:Vantage","Languid","Slimebound:FinishingTackle+1","hermit:ItchyTrigger","hermit:Headshot"],"relics":["Slimebound:AbsorbEndCombat","NeowsBlessing","hubris:TenFootPole","infinitespire:Cubic Diamond","Membership Card","hubris:AstralHammer","Strawberry","hermit:RyeStalk","hubris:DisguiseKit"],"acts_visited":["Exordium"],"potions_floor_usage":[16],"damage_taken":[{"damage":0,"enemies":"Jaw Worm","floor":1,"turns":1},{"damage":0,"enemies":"2 Louse","floor":5,"turns":1},{"damage":0,"enemies":"3 Sentries","floor":8,"turns":2},{"damage":6,"enemies":"Cultist","floor":11,"turns":3},{"damage":14,"enemies":"Lots of Slimes","floor":13,"turns":5},{"damage":6,"enemies":"Large Slime","floor":14,"turns":4},{"damage":77,"enemies":"Hexaghost","floor":16,"turns":16}],"seed_played":"3088804745674682590","potions_obtained":[{"floor":8,"key":"SpeedPotion"},{"floor":14,"key":"AttackPotion"}],"is_trial":false,"path_per_floor":["M","?","?","?","M","$","R","?","T","?","M","R","M","M","R","B"],"character_chosen":"HERMIT","items_purchased":["Membership Card","hubris:AstralHammer","hermit:Roughhouse"],"campfire_rested":1,"item_purchase_floors":[6,6,6],"current_hp_per_floor":[75,68,68,68,68,68,68,75,75,75,69,69,55,49,73,0,0],"gold":165,"neow_bonus":"THREE_ENEMY_KILL","is_daily":false,"chose_seed":false,"campfire_upgraded":2,"win_rate":0.0,"timestamp":1613361751,"path_taken":["M","?","?","?","?","?","R","?","T","?","M","R","M","M","R","BOSS"],"items_purchased_type":["Relic","Relic","Card"],"build_version":"2020-12-22","purchased_purges":0,"victory":false,"max_hp_per_floor":[75,75,75,75,75,75,75,82,82,82,82,82,82,82,82,82,82],"card_choices":[{"not_picked":["hermit:Vantage","hermit:HoleUp"],"picked":"hermit:Manifest","floor":1},{"not_picked":["hermit:Horror","hermit:Coalescence"],"picked":"hermit:ShadowCloak","floor":5},{"not_picked":["hermit:Deadeye","hermit:CursedWeapon"],"picked":"hermit:Vantage","floor":8},{"not_picked":["hermit:LuckOfTheDraw","hermit:Glare","hermit:Maintenance"],"picked":"Slimebound:FinishingTackle","floor":11},{"not_picked":["hermit:Manifest","hermit:TrackingShot","Slimebound:OneTwoCombo"],"picked":"hermit:ItchyTrigger","floor":13},{"not_picked":["hermit:DeadMansHand","hermit:ItchyTrigger","Slimebound:SamplingLick"],"picked":"hermit:Headshot","floor":14}],"player_experience":63512,"relics_obtained":[{"floor":8,"key":"Strawberry"},{"floor":9,"key":"hermit:RyeStalk"}],"event_choices":[{"damage_healed":0,"gold_gain":0,"player_choice":"Success","damage_taken":7,"relics_obtained":["hubris:TenFootPole"],"max_hp_gain":0,"max_hp_loss":0,"event_name":"Scrap Ooze","floor":2,"gold_loss":0},{"damage_healed":0,"gold_gain":275,"player_choice":"Desecrate","damage_taken":0,"max_hp_gain":0,"max_hp_loss":0,"event_name":"Golden Shrine","floor":4,"gold_loss":0,"cards_obtained":["Regret"]},{"damage_healed":0,"gold_gain":0,"player_choice":"Searched \u00271\u0027 times","damage_taken":0,"max_hp_gain":0,"max_hp_loss":0,"event_name":"Dead Adventurer","floor":8,"gold_loss":0}],"is_beta":false,"boss_relics":[],"items_purged_floors":[],"is_endless":false,"potions_floor_spawned":[8,14],"killed_by":"Hexaghost","ascension_level":0}}