{"host":"uv5ws9rdk87e8i5k","time":1613367169,"event":{"mods":["AchievementEnabler","BaseMod","Colored Map","Minty Spire (QoL Compilation)","Permanent Neow","Quick Restart","StSLib","SuperFastMode","The Necromancer"],"gold_per_floor":[116,135,149,161,4,4,4,37,62,24,42,74,74,84,84,181,181,191,205,205,205],"floor_reached":20,"language":"ENG","playtime":550,"items_purged":[],"score":214,"play_id":"c2ae8780-791e-49f3-94e1-36e40736764e","local_time":"20210214233249","is_ascension_mode":true,"campfire_choices":[{"data":"Creative AI","floor":6.0,"key":"SMITH"},{"floor":13,"key":"REST"},{"data":"White Noise","floor":15,"key":"SMITH"}],"circlet_count":0,"master_deck":["Strike_B","Strike_B+1","Strike_B+1","Strike_B","Defend_B","Defend_B","Defend_B","Defend_B","Zap","Dualcast","Creative AI+1","Cold Snap","Turbo","Darkness","Creative AI+1","Rainbow","Heatsinks","Loop","Undo","White Noise+1","Multi-Cast","Genetic Algorithm","Amplify","Coolheaded"],"relics":["Cracked Core","Juzu Bracelet","Whetstone","Ancient Tea Set","Cursed Key"],"acts_visited":["Exordium","TheCity"],"potions_floor_usage":[12,16],"damage_taken":[{"damage":9.0,"enemies":"2 Louse","floor":1.0,"turns":2.0},{"damage":0.0,"enemies":"Cultist","floor":2.0,"turns":4.0},{"damage":12.0,"enemies":"Jaw Worm","floor":3.0,"turns":3.0},{"damage":10.0,"enemies":"2 Fungi Beasts","floor":4.0,"turns":5.0},{"damage":20.0,"enemies":"Lagavulin","floor":8.0,"turns":5.0},{"damage":13,"enemies":"Large Slime","floor":11,"turns":5},{"damage":14,"enemies":"3 Sentries","floor":12,"turns":7},{"damage":3,"enemies":"Red Slaver","floor":14,"turns":4},{"damage":26,"enemies":"Hexaghost","floor":16,"turns":9},{"damage":28,"enemies":"3 Byrds","floor":18,"turns":3},{"damage":19,"enemies":"Shell Parasite","floor":19,"turns":5},{"damage":33,"enemies":"Snake Plant","floor":20,"turns":4}],"seed_played":"-7588902383528898256","potions_obtained":[{"floor":2.0,"key":"Regen Potion"},{"floor":4.0,"key":"Fire Potion"},{"floor":12,"key":"Dexterity Potion"}],"is_trial":false,"path_per_floor":["M","M","M","M","$","R","?","E","T","$","M","E","R","M","R","B",null,"M","M","M"],"character_chosen":"DEFECT","items_purchased":["Rainbow","Heatsinks","Undo"],"campfire_rested":1,"item_purchase_floors":[5,5,10],"current_hp_per_floor":[66,66,54,44,44,44,44,38,38,38,25,11,33,30,30,4,75,47,28,0,0],"gold":205,"neow_bonus":"ONE_RANDOM_RARE_CARD","is_daily":false,"chose_seed":false,"campfire_upgraded":2,"win_rate":0.0,"timestamp":1613367169,"path_taken":["M","M","M","M","$","R","?","E","T","?","M","E","R","M","R","BOSS","M","M","M"],"items_purchased_type":["Card","Card","Card"],"build_version":"2020-12-22","purchased_purges":0,"victory":false,"max_hp_per_floor":[75,75,75,75,75,75,75,75,75,75,75,75,75,75,75,75,75,75,75,75,75],"card_choices":[{"not_picked":["Turbo","Rebound"],"picked":"Cold Snap","floor":1.0},{"not_picked":["Ball Lightning","Rebound"],"picked":"Turbo","floor":2.0},{"not_picked":["Turbo","Rebound"],"picked":"Darkness","floor":3.0},{"not_picked":["Go for the Eyes","Hello World"],"picked":"Creative AI","floor":4.0},{"not_picked":["Barrage","Leap"],"picked":"Loop","floor":8.0},{"not_picked":["Conserve Battery","Coolheaded"],"picked":"White Noise","floor":11},{"not_picked":["Cold Snap","Lockon"],"picked":"Multi-Cast","floor":12},{"not_picked":["Sunder","Ball Lightning"],"picked":"Genetic Algorithm","floor":14},{"not_picked":["Hyperbeam","Reboot"],"picked":"Amplify","floor":16},{"not_picked":["Stack+1","Melter"],"picked":"Coolheaded","floor":18},{"not_picked":["Chill","Cold Snap","Streamline"],"picked":"SKIP","floor":19}],"player_experience":186572,"relics_obtained":[{"floor":8.0,"key":"Juzu Bracelet"},{"floor":9.0,"key":"Whetstone"},{"floor":12,"key":"Ancient Tea Set"}],"event_choices":[{"damage_healed":0.0,"max_hp_gain":0.0,"max_hp_loss":0.0,"gold_gain":0.0,"event_name":"Upgrade Shrine","player_choice":"Upgraded","floor":7.0,"gold_loss":0.0,"damage_taken":0.0,"cards_upgraded":["Creative AI"]}],"is_beta":false,"boss_relics":[{"not_picked":["Inserter","Pandora\u0027s Box"],"picked":"Cursed Key"}],"items_purged_floors":[],"is_endless":false,"potions_floor_spawned":[2,4,12],"killed_by":"Snake Plant","ascension_level":3}}