{"host":"f3zi5bw4of71qj4o","time":1613388442,"event":{"mods":["BaseMod","DeckTracker","Highlight Path","Minty Spire (QoL Compilation)","Relic Stats","StSLib","SuperFastMode"],"gold_per_floor":[111,111,124,49,14,45,45,45,45,81,81,102,121,159,159,255,255,279,279,298,323,323,323,363,363,363,404,404,404,404,424,424,424,424],"floor_reached":33,"language":"ENG","playtime":1062,"items_purged":["Injury"],"score":842,"play_id":"259e42f2-f394-4d95-acd0-43ff25ab39f7","local_time":"20210215122722","is_ascension_mode":true,"campfire_choices":[{"data":"Beam Cell","floor":7,"key":"SMITH"},{"data":"Undo","floor":11,"key":"SMITH"},{"data":"Zap","floor":15,"key":"SMITH"},{"data":"Biased Cognition","floor":23,"key":"SMITH"},{"floor":28,"key":"REST"},{"data":"Defragment","floor":30,"key":"SMITH"},{"data":"Seek","floor":32,"key":"SMITH"}],"circlet_count":0,"master_deck":["AscendersBane","Strike_B","Strike_B","Strike_B","Strike_B","Defend_B","Defend_B","Defend_B+1","Zap+1","Dualcast+1","Sweeping Beam","Beam Cell+1","FTL","Undo+1","Glacier","Core Surge","Biased Cognition+1","Leap","Compile Driver","Tempest+1","Coolheaded","Capacitor","Defragment+1","Seek+1"],"relics":["Cracked Core","NeowsBlessing","Golden Idol","Mercury Hourglass","StrikeDummy","Torii","Blue Candle","Philosopher\u0027s Stone","MutagenicStrength","Omamori","War Paint","Strawberry","WingedGreaves"],"acts_visited":["Exordium","TheCity"],"potions_floor_usage":[10,18,24,29],"damage_taken":[{"damage":0,"enemies":"2 Louse","floor":1,"turns":1},{"damage":0,"enemies":"Small Slimes","floor":3,"turns":1},{"damage":0,"enemies":"3 Sentries","floor":6,"turns":1},{"damage":0,"enemies":"Gremlin Nob","floor":10,"turns":2},{"damage":0,"enemies":"Cultist","floor":12,"turns":2},{"damage":0,"enemies":"Looter","floor":13,"turns":2},{"damage":10,"enemies":"3 Sentries","floor":14,"turns":4},{"damage":0,"enemies":"The Guardian","floor":16,"turns":12},{"damage":0,"enemies":"3 Byrds","floor":18,"turns":3},{"damage":0,"enemies":"Spheric Guardian","floor":20,"turns":3},{"damage":29,"enemies":"Snake Plant","floor":21,"turns":3},{"damage":21,"enemies":"Slavers","floor":24,"turns":3},{"damage":21,"enemies":"Gremlin Leader","floor":27,"turns":6},{"damage":0,"enemies":"Slavers","floor":29,"turns":1},{"damage":14,"enemies":"Snecko","floor":31,"turns":4},{"damage":15,"enemies":"Champ","floor":33,"turns":3}],"seed_played":"6059578399089578206","potions_obtained":[{"floor":3,"key":"Ancient Potion"},{"floor":6,"key":"FearPotion"},{"floor":8,"key":"Fire Potion"},{"floor":20,"key":"PowerPotion"},{"floor":24,"key":"SmokeBomb"},{"floor":31,"key":"SmokeBomb"}],"is_trial":false,"path_per_floor":["M","?","M","$","?","E","R","?","T","E","R","M","M","E","R","B",null,"M","?","M","M","?","R","E","?","T","E","R","E","R","M","R","B"],"character_chosen":"DEFECT","items_purchased":[],"campfire_rested":1,"item_purchase_floors":[],"current_hp_per_floor":[64,64,64,64,71,71,71,71,71,71,71,71,71,61,61,61,69,69,69,69,40,40,40,19,19,26,5,28,28,28,14,14,0,0],"gold":424,"neow_bonus":"THREE_ENEMY_KILL","is_daily":false,"chose_seed":false,"campfire_upgraded":6,"win_rate":0.0,"timestamp":1613388442,"path_taken":["M","?","M","$","?","E","R","?","T","E","R","M","?","E","R","BOSS","M","?","?","M","?","R","E","?","T","E","R","E","R","M","R","BOSS"],"items_purchased_type":[],"build_version":"2020-12-22","purchased_purges":1,"victory":false,"max_hp_per_floor":[71,71,71,71,71,71,71,71,71,71,71,71,71,71,71,71,71,71,71,71,71,71,71,71,71,78,78,78,78,78,78,78,78,78],"relic_stats":{"Torii":6,"counters":[16,51],"Golden Idol":94,"Blue Candle":[0],"War Paint":["Defend_B","Dualcast"],"obtain_stats":[{"NeowsBlessing":0,"Torii":10,"Golden Idol":2,"Blue Candle":14,"Omamori":24,"War Paint":25,"Mercury Hourglass":6,"MutagenicStrength":22,"Strawberry":26,"Philosopher\u0027s Stone":17,"WingedGreaves":27,"Cracked Core":0,"StrikeDummy":9},{"NeowsBlessing":0,"Torii":4,"Golden Idol":1,"Blue Candle":7,"Omamori":12,"War Paint":12,"Mercury Hourglass":3,"MutagenicStrength":11,"Strawberry":12,"Philosopher\u0027s Stone":8,"WingedGreaves":13,"Cracked Core":0,"StrikeDummy":3},{"NeowsBlessing":0,"Torii":5,"Golden Idol":1,"Blue Candle":13,"Omamori":37,"War Paint":37,"Mercury Hourglass":3,"MutagenicStrength":34,"Strawberry":37,"Philosopher\u0027s Stone":25,"WingedGreaves":43,"Cracked Core":0,"StrikeDummy":3}],"Mercury Hourglass":[184]},"card_choices":[{"not_picked":["Redo","Hologram"],"picked":"Sweeping Beam","floor":1},{"not_picked":["Hologram","Turbo"],"picked":"Beam Cell","floor":3},{"not_picked":["Lockon","Auto Shields"],"picked":"FTL","floor":6},{"not_picked":["Chill","Turbo"],"picked":"Undo","floor":10},{"not_picked":["Auto Shields","Conserve Battery"],"picked":"Glacier","floor":12},{"not_picked":["Streamline","Conserve Battery"],"picked":"Core Surge","floor":13},{"not_picked":["Redo","Darkness","Barrage"],"picked":"SKIP","floor":14},{"not_picked":["Meteor Strike","Rainbow"],"picked":"Biased Cognition","floor":16},{"not_picked":["Sweeping Beam","Conserve Battery"],"picked":"Leap","floor":18},{"not_picked":["Sunder","Steam Power"],"picked":"Tempest+1","floor":20},{"not_picked":["Hologram","Compile Driver"],"picked":"Coolheaded","floor":21},{"not_picked":["Reprogram","Aggregate"],"picked":"Capacitor","floor":24},{"not_picked":["Barrage+1","Fusion+1"],"picked":"Defragment","floor":27},{"not_picked":["Compile Driver","Coolheaded"],"picked":"Seek","floor":31}],"player_experience":2598964,"relics_obtained":[{"floor":6,"key":"Mercury Hourglass"},{"floor":9,"key":"StrikeDummy"},{"floor":10,"key":"Torii"},{"floor":14,"key":"Blue Candle"},{"floor":24,"key":"Omamori"},{"floor":26,"key":"Strawberry"},{"floor":27,"key":"WingedGreaves"}],"event_choices":[{"damage_healed":0,"gold_gain":0,"player_choice":"Take Wound","damage_taken":0,"relics_obtained":["Golden Idol"],"max_hp_gain":0,"max_hp_loss":0,"event_name":"Golden Idol","floor":2,"gold_loss":0,"cards_obtained":["Injury"]},{"damage_healed":17,"gold_gain":0,"player_choice":"Healed","damage_taken":0,"max_hp_gain":0,"max_hp_loss":0,"event_name":"The Cleric","floor":5,"gold_loss":35},{"damage_healed":0,"gold_gain":0,"player_choice":"Got Potions","damage_taken":0,"max_hp_gain":0,"max_hp_loss":0,"event_name":"Lab","floor":8,"gold_loss":0},{"damage_healed":0,"gold_gain":0,"cards_transformed":["Defend_B"],"player_choice":"Transformed","damage_taken":0,"max_hp_gain":0,"max_hp_loss":0,"event_name":"Transmorgrifier","floor":19,"gold_loss":0,"cards_obtained":["Compile Driver"]},{"damage_healed":0,"gold_gain":0,"player_choice":"Inject Mutagens","damage_taken":0,"relics_obtained":["MutagenicStrength"],"max_hp_gain":0,"max_hp_loss":0,"event_name":"Drug Dealer","floor":22,"gold_loss":0},{"damage_healed":0,"gold_gain":0,"player_choice":"Opened","damage_taken":0,"relics_obtained":["War Paint"],"max_hp_gain":0,"max_hp_loss":0,"event_name":"The Mausoleum","floor":25,"gold_loss":0,"cards_obtained":["Writhe"]}],"is_beta":false,"boss_relics":[{"not_picked":["Busted Crown","Ectoplasm"],"picked":"Philosopher\u0027s Stone"}],"items_purged_floors":[4],"is_endless":false,"potions_floor_spawned":[3,6,20,24,29,31],"killed_by":"Champ","ascension_level":20}}