{"host":"a3wpq7kyokchzawk","time":1613422036,"event":{"mods":["BaseMod","Colored Map","Highlight Path","Minty Spire (QoL Compilation)","Permanent Neow","Potion Indicator Mod","Relic Stats","Weighted Paths"],"gold_per_floor":[160,178,7,19,35,69,69,69,96,96,96],"floor_reached":10,"language":"ENG","playtime":1074,"items_purged":["Strike_B"],"score":133,"play_id":"f9e5c44c-711c-4ad4-845c-f70daab80cfb","local_time":"20210215184716","is_ascension_mode":true,"campfire_choices":[{"data":"Genetic Algorithm","floor":7.0,"key":"SMITH"}],"circlet_count":0,"master_deck":["AscendersBane","Strike_B","Strike_B+1","Strike_B","Defend_B","Defend_B","Defend_B","Defend_B","Zap","Dualcast","Ball Lightning","Sweeping Beam","Conserve Battery","Good Instincts","Coolheaded","Sweeping Beam","Genetic Algorithm+1"],"relics":["Tiny House","Juzu Bracelet","MealTicket"],"acts_visited":["Exordium"],"potions_floor_usage":[10],"damage_taken":[{"damage":1.0,"enemies":"Cultist","floor":1.0,"turns":3.0},{"damage":6.0,"enemies":"2 Louse","floor":2.0,"turns":4.0},{"damage":0.0,"enemies":"Small Slimes","floor":4.0,"turns":3.0},{"damage":9.0,"enemies":"2 Fungi Beasts","floor":5.0,"turns":3.0},{"damage":19.0,"enemies":"3 Sentries","floor":6.0,"turns":8.0},{"damage":64,"enemies":"Gremlin Nob","floor":10,"turns":4}],"seed_played":"-3154258768164591596","potions_obtained":[{"floor":0.0,"key":"SkillPotion"},{"floor":1.0,"key":"SkillPotion"},{"floor":2.0,"key":"Block Potion"}],"is_trial":false,"path_per_floor":["M","M","$","M","M","E","R","?","T","E"],"character_chosen":"DEFECT","items_purchased":["Good Instincts"],"campfire_rested":0,"item_purchase_floors":[3],"current_hp_per_floor":[68,62,62,62,53,34,34,34,34,0,0],"gold":96,"neow_bonus":"BOSS_RELIC","is_daily":false,"chose_seed":false,"campfire_upgraded":1,"win_rate":0.0,"timestamp":1613422036,"path_taken":["M","M","$","M","?","E","R","?","T","E"],"items_purchased_type":["Card"],"build_version":"2020-12-22","purchased_purges":1,"victory":false,"max_hp_per_floor":[76,76,76,76,76,76,76,76,76,76,76],"relic_stats":{"counters":[6,25],"MealTicket":0,"Juzu Bracelet":0,"obtain_stats":[{"Tiny House":0,"MealTicket":9,"Juzu Bracelet":6,"Cracked Core":0},{"Tiny House":0,"MealTicket":5,"Juzu Bracelet":5,"Cracked Core":0},{"Tiny House":0,"MealTicket":21,"Juzu Bracelet":21,"Cracked Core":0}]},"card_choices":[{"not_picked":["Darkness","Sweeping Beam"],"picked":"Ball Lightning","floor":0.0},{"not_picked":["White Noise","Blizzard"],"picked":"Sweeping Beam","floor":1.0},{"not_picked":["Redo","Heatsinks"],"picked":"Conserve Battery","floor":2.0},{"not_picked":["Hologram","Fusion"],"picked":"Coolheaded","floor":4.0},{"not_picked":["Gash","Leap"],"picked":"Sweeping Beam","floor":5.0},{"not_picked":["Hello World","Creative AI"],"picked":"Genetic Algorithm","floor":6.0}],"player_experience":2731789,"relics_obtained":[{"floor":6.0,"key":"Juzu Bracelet"},{"floor":9.0,"key":"MealTicket"}],"event_choices":[{"damage_healed":0.0,"max_hp_gain":0.0,"max_hp_loss":0.0,"gold_gain":0.0,"event_name":"Liars Game","player_choice":"Ignored","floor":8.0,"gold_loss":0.0,"damage_taken":0.0}],"is_beta":false,"boss_relics":[],"items_purged_floors":[3],"is_endless":false,"potions_floor_spawned":[1,2],"killed_by":"Gremlin Nob","ascension_level":19}}