{"host":"r081svdj6e9i7zze","time":1613358648,"event":{"mods":["AchievementEnabler","BaseMod","Colored Map","Minty Spire (QoL Compilation)","SuperFastMode"],"gold_per_floor":[112,112,19,194,194,194,214,246,246,3,3,15,15,28,28,124,124,138,54,54,54,81,81,108,127,150,75,25,45,45,45],"floor_reached":30,"language":"KOR","playtime":1488,"items_purged":["Doubt"],"score":344,"play_id":"154aa8fc-2b81-4706-a353-889bd3a76b38","local_time":"20210215121048","is_ascension_mode":false,"campfire_choices":[{"data":"White Noise","floor":6,"key":"SMITH"},{"data":"Zap","floor":11,"key":"SMITH"},{"data":"Discovery","floor":13,"key":"SMITH"},{"floor":15,"key":"REST"},{"floor":23,"key":"REST"}],"circlet_count":0,"master_deck":["Strike_B","Strike_B","Strike_B","Defend_B","Defend_B","Defend_B","Defend_B","Zap+1","Dualcast","Beam Cell","White Noise+1","Redo+1","Reinforced Body","Lockon","Discovery+1","Melter","Stack","Leap","Hologram","All For One","FTL","Dramatic Entrance","Necronomicurse","Conserve Battery+1","Beam Cell","Go for the Eyes","Sweeping Beam"],"relics":["Cracked Core","MawBank","Bottled Lightning","Pantograph","SlaversCollar","Necronomicon","Dream Catcher","FossilizedHelix","Regal Pillow"],"acts_visited":["TheCity"],"potions_floor_usage":[8,16,16],"damage_taken":[{"damage":3,"enemies":"2 Louse","floor":1,"turns":3},{"damage":1,"enemies":"Jaw Worm","floor":7,"turns":3},{"damage":39,"enemies":"Gremlin Nob","floor":8,"turns":4},{"damage":0,"enemies":"Small Slimes","floor":12,"turns":3},{"damage":0,"enemies":"Looter","floor":14,"turns":3},{"damage":32,"enemies":"Hexaghost","floor":16,"turns":9},{"damage":0,"enemies":"Chosen","floor":18,"turns":4},{"damage":24,"enemies":"Book of Stabbing","floor":24,"turns":4},{"damage":14,"enemies":"Spheric Guardian","floor":25,"turns":4},{"damage":11,"enemies":"Cultist and Chosen","floor":29,"turns":5},{"damage":30,"enemies":"Snake Plant","floor":30,"turns":2}],"seed_played":"-2381273255247975140","potions_obtained":[{"floor":1,"key":"Fire Potion"},{"floor":8,"key":"ColorlessPotion"},{"floor":12,"key":"SpeedPotion"},{"floor":14,"key":"Explosive Potion"},{"floor":18,"key":"Fire Potion"},{"floor":29,"key":"FocusPotion"}],"is_trial":false,"path_per_floor":["M","?","$","?","?","R","M","E","T","$","R","M","R","M","R","B",null,"M","$","?","?","T","R","E","M","T","?","?","M","M"],"character_chosen":"DEFECT","items_purchased":["White Noise","Redo","Discovery","Melter","Stack","Dramatic Entrance"],"campfire_rested":2,"item_purchase_floors":[3,3,10,10,10,19],"current_hp_per_floor":[72,69,69,69,69,69,68,29,29,29,29,29,29,29,51,43,75,75,75,59,59,59,75,51,37,37,37,37,26,0,0],"gold":45,"neow_bonus":"RANDOM_COLORLESS","is_daily":false,"chose_seed":false,"campfire_upgraded":3,"win_rate":0.0,"timestamp":1613358648,"path_taken":["M","?","$","?","?","R","M","E","T","$","R","M","R","M","R","BOSS","M","$","?","?","?","R","E","M","T","?","?","?","M"],"items_purchased_type":["Card","Card","Card","Card","Card","Card"],"build_version":"2020-12-22","purchased_purges":1,"victory":false,"max_hp_per_floor":[75,75,75,75,75,75,75,75,75,75,75,75,75,75,75,75,75,75,75,75,75,75,75,75,75,75,75,75,75,75,75],"card_choices":[{"not_picked":["Bandage Up","PanicButton"],"picked":"Madness","floor":0.0},{"not_picked":["Loop","Sweeping Beam"],"picked":"Beam Cell","floor":1},{"not_picked":["Redo","Ball Lightning"],"picked":"Reinforced Body","floor":7},{"not_picked":["Reprogram","Undo"],"picked":"Lockon","floor":8},{"not_picked":["Go for the Eyes","Compile Driver"],"picked":"Leap","floor":12},{"not_picked":["Stack","Fusion"],"picked":"Hologram","floor":14},{"not_picked":["Creative AI","Multi-Cast"],"picked":"All For One","floor":16},{"not_picked":["Aggregate","Coolheaded"],"picked":"FTL","floor":18},{"not_picked":["Barrage","Consume+1"],"picked":"Conserve Battery+1","floor":23},{"not_picked":["Streamline","Rebound"],"picked":"Beam Cell","floor":24},{"not_picked":["Fusion","Beam Cell+1"],"picked":"Go for the Eyes","floor":25},{"not_picked":["Steam+1","Barrage"],"picked":"Sweeping Beam","floor":29}],"player_experience":36850,"relics_obtained":[{"floor":8,"key":"Bottled Lightning"},{"floor":9,"key":"Pantograph"},{"floor":20,"key":"Necronomicon"},{"floor":22,"key":"Dream Catcher"},{"floor":24,"key":"FossilizedHelix"},{"floor":26,"key":"Regal Pillow"}],"event_choices":[{"damage_healed":0,"gold_gain":0,"player_choice":"Success","damage_taken":3,"relics_obtained":["MawBank"],"max_hp_gain":0,"max_hp_loss":0,"event_name":"Scrap Ooze","floor":2,"gold_loss":0},{"damage_healed":0,"gold_gain":175,"player_choice":"AGREE","damage_taken":0,"max_hp_gain":0,"max_hp_loss":0,"event_name":"Liars Game","floor":4,"gold_loss":0,"cards_obtained":["Doubt"]},{"damage_healed":0,"gold_gain":0,"player_choice":"Grow","damage_taken":0,"max_hp_gain":0,"max_hp_loss":0,"event_name":"Living Wall","floor":5,"gold_loss":0,"cards_upgraded":["Redo"]},{"damage_healed":0,"gold_gain":0,"player_choice":"Obtained Book","damage_taken":16,"max_hp_gain":0,"max_hp_loss":0,"event_name":"Cursed Tome","floor":20,"gold_loss":0},{"damage_healed":0,"gold_gain":0,"player_choice":"Ignored","damage_taken":0,"max_hp_gain":0,"max_hp_loss":0,"event_name":"Ghosts","floor":21,"gold_loss":0},{"cards_removed":["Strike_B"],"damage_healed":0,"gold_gain":0,"player_choice":"Gave Gold","damage_taken":0,"max_hp_gain":0,"max_hp_loss":0,"event_name":"Beggar","floor":27,"gold_loss":75},{"damage_healed":0,"gold_gain":0,"player_choice":"Bet on Murderer","damage_taken":0,"max_hp_gain":0,"max_hp_loss":0,"event_name":"The Joust","floor":28,"gold_loss":50}],"is_beta":false,"boss_relics":[{"not_picked":["Fusion Hammer","Astrolabe"],"picked":"SlaversCollar"}],"items_purged_floors":[10],"is_endless":false,"potions_floor_spawned":[1,8,12,14,18,29],"killed_by":"Snake Plant","ascension_level":0}}