{"host":"6vtgmkkqqeew181q","time":1613372022,"event":{"mods":["100% Spire Juice","BaseMod","Bestiary","Downfall","Faster Ascension Climbing","Hermit","Highlight Path","Minty Spire (QoL Compilation)","Reliquary","Spire Arcade","StSLib","The Jungle"],"gold_per_floor":[114,127,56,56,56,91,112,112,112,112,155,155,174,193,193,322,322,335,349,370,395,395,395],"floor_reached":22,"language":"ENG","playtime":1161,"items_purged":[],"score":198,"play_id":"a908c72d-dd13-48a8-953c-30373ec2f527","local_time":"20210214225342","is_ascension_mode":false,"campfire_choices":[{"data":"hermit:RoundhouseKick","floor":8,"key":"SMITH"},{"data":"hermit:Showdown","floor":10,"key":"SMITH"},{"data":"hermit:WideOpen","floor":12,"key":"SMITH"},{"data":"hermit:Combo","floor":15,"key":"SMITH"}],"circlet_count":0,"master_deck":["hermit:Strike_Hermit","hermit:Strike_Hermit","hermit:Strike_Hermit","hermit:Strike_Hermit","hermit:Defend_Hermit","hermit:Defend_Hermit","hermit:Defend_Hermit","hermit:Defend_Hermit","hermit:Snapshot","hermit:Covet","hermit:Combo+1","hermit:WideOpen+1","hermit:RoundhouseKick+1","Injury","hermit:Grudge","hermit:Showdown+1","hermit:FinalCanter","hermit:Deadeye","hermit:RoundhouseKick","hermit:FatalDesire","hermit:Glare+1"],"relics":["hermit:Momento","StoneCalendar","Golden Idol","Bag of Marbles","StrikeDummy","reliquary:SharkskinSheath","Dream Catcher","SlaversCollar"],"acts_visited":["Exordium","TheCity"],"potions_floor_usage":[11,16,16,16,16,16,19],"damage_taken":[{"damage":0,"enemies":"Small Slimes","floor":1,"turns":3},{"damage":1,"enemies":"Jaw Worm","floor":2,"turns":4},{"damage":21,"enemies":"3 Sentries","floor":6,"turns":7},{"damage":0,"enemies":"Cultist","floor":7,"turns":2},{"damage":18,"enemies":"Lagavulin","floor":11,"turns":3},{"damage":0,"enemies":"Gremlin Gang","floor":13,"turns":3},{"damage":7,"enemies":"Blue Slaver","floor":14,"turns":2},{"damage":5,"enemies":"Hexaghost","floor":16,"turns":6},{"damage":5,"enemies":"Chosen","floor":18,"turns":4},{"damage":15,"enemies":"2 Thieves","floor":19,"turns":2},{"damage":17,"enemies":"3 Cultists","floor":20,"turns":5},{"damage":22,"enemies":"Centurion and Healer","floor":21,"turns":5},{"damage":15,"enemies":"Sentry and Sphere","floor":22,"turns":3}],"seed_played":"5675635112157277063","potions_obtained":[{"floor":2,"key":"Strength Potion"},{"floor":6,"key":"EntropicBrew"},{"floor":7,"key":"Dexterity Potion"},{"floor":13,"key":"SteroidPotion"},{"floor":16,"key":"champ:CounterPotion"},{"floor":20,"key":"Dexterity Potion"}],"is_trial":false,"path_per_floor":["M","M","$","?","T","E","M","R","T","R","E","R","M","M","R","B",null,"M","M","M","M","M"],"character_chosen":"HERMIT","items_purchased":["hermit:RoundhouseKick"],"campfire_rested":0,"item_purchase_floors":[3],"current_hp_per_floor":[68,67,67,67,67,46,46,46,46,46,28,28,28,21,21,16,68,63,48,31,9,0,0],"gold":395,"neow_bonus":"ONE_RARE_RELIC","is_daily":false,"chose_seed":false,"campfire_upgraded":4,"win_rate":0.0,"timestamp":1613372022,"path_taken":["M","M","$","?","?","E","?","R","T","R","E","R","M","?","R","BOSS","M","M","M","M","M"],"items_purchased_type":["Card"],"build_version":"2020-12-22","purchased_purges":0,"victory":false,"max_hp_per_floor":[68,68,68,68,68,68,68,68,68,68,68,68,68,68,68,68,68,68,68,68,68,68,68],"card_choices":[{"not_picked":["hermit:HoleUp","hermit:Midnight"],"picked":"hermit:Combo","floor":1},{"not_picked":["hermit:Roulette","hermit:ShadowCloak"],"picked":"hermit:WideOpen","floor":2},{"not_picked":["hermit:BodyArmor","hermit:TrackingShot"],"picked":"hermit:Grudge","floor":6},{"not_picked":["hermit:Vantage","hermit:DeadMansHand"],"picked":"hermit:Showdown","floor":7},{"not_picked":["hermit:Showdown","hermit:FinalCanter","hermit:Midnight"],"picked":"SKIP","floor":11},{"not_picked":["hermit:Showdown","hermit:Midnight"],"picked":"hermit:FinalCanter","floor":11},{"not_picked":["hermit:WideOpen","hermit:Midnight","hermit:HoleUp"],"picked":"SKIP","floor":13},{"not_picked":["hermit:Dive","hermit:Horror"],"picked":"hermit:Deadeye","floor":14},{"not_picked":["hermit:Purgatory","hermit:Dissolve"],"picked":"hermit:RoundhouseKick","floor":16},{"not_picked":["hermit:Coalescence","hermit:SprayPray","hermit:Snipe"],"picked":"SKIP","floor":18},{"not_picked":["hermit:Dive","hermit:Roulette"],"picked":"hermit:FatalDesire","floor":19},{"not_picked":["hermit:Coalescence","hermit:Snipe","hermit:Headshot"],"picked":"SKIP","floor":20},{"not_picked":["hermit:LuckOfTheDraw","hermit:Coalescence+1"],"picked":"hermit:Glare+1","floor":21}],"player_experience":646646,"relics_obtained":[{"floor":5,"key":"Bag of Marbles"},{"floor":6,"key":"StrikeDummy"},{"floor":9,"key":"reliquary:SharkskinSheath"},{"floor":11,"key":"Dream Catcher"}],"event_choices":[{"damage_healed":0,"gold_gain":0,"player_choice":"Take Wound","damage_taken":0,"relics_obtained":["Golden Idol"],"max_hp_gain":0,"max_hp_loss":0,"event_name":"Golden Idol","floor":4,"gold_loss":0,"cards_obtained":["Injury"]}],"is_beta":false,"boss_relics":[{"not_picked":["Pandora\u0027s Box","reliquary:WritOfMandamus"],"picked":"SlaversCollar"}],"items_purged_floors":[],"is_endless":false,"potions_floor_spawned":[2,6,7,13,16,20],"killed_by":"Sentry and Sphere","ascension_level":0}}