{"host":"dlqyscxstsnu98l1","time":1613426830,"event":{"mods":["AchievementEnabler","BaseMod","Colored Map","Colored Powertips","GifTheSpireLib","Highlight Path","Minty Spire (QoL Compilation)","Random Character Button","SacredBarkPlus","StSLib","everything is the same but u backflip on backflip"],"gold_per_floor":[112,122,122,297,10,37,100,129,129,161,173,209,221,246,258,395,407,433,468,480,506,433,466,478,478],"floor_reached":24,"language":"ENG","playtime":1400,"items_purged":[],"score":250,"play_id":"8bc728b7-4178-48cb-9621-9c7aadc08d79","local_time":"20210215160710","is_ascension_mode":true,"campfire_choices":[{"floor":13,"key":"REST"},{"floor":15,"key":"REST"}],"circlet_count":0,"master_deck":["Strike_B","Strike_B","Defend_B","Defend_B","Defend_B","Defend_B","Zap","Dualcast","Force Field","Leap","Doubt","Glacier","Streamline","Seek","Cold Snap","Rainbow","Storm","Auto Shields","Defragment","Hyperbeam","Auto Shields+1","Coolheaded+1","Melter","Loop","Steam+1","Chaos+1"],"relics":["Cracked Core","Akabeko","Oddly Smooth Stone","Darkstone Periapt","Orichalcum","Symbiotic Virus","MawBank","Golden Idol","Velvet Choker","Vajra"],"acts_visited":["Exordium","TheCity"],"potions_floor_usage":[6,6,16,21,24],"damage_taken":[{"damage":0,"enemies":"Small Slimes","floor":1,"turns":2},{"damage":2,"enemies":"Jaw Worm","floor":2,"turns":3},{"damage":16,"enemies":"Gremlin Nob","floor":6,"turns":4},{"damage":36,"enemies":"Lagavulin Event","floor":7,"turns":10},{"damage":19,"enemies":"Lagavulin","floor":8,"turns":9},{"damage":0,"enemies":"2 Louse","floor":10,"turns":2},{"damage":0,"enemies":"Exordium Wildlife","floor":12,"turns":2},{"damage":0,"enemies":"2 Fungi Beasts","floor":14,"turns":4},{"damage":6,"enemies":"Slime Boss","floor":16,"turns":11},{"damage":6,"enemies":"3 Byrds","floor":18,"turns":6},{"damage":0,"enemies":"Spheric Guardian","floor":19,"turns":4},{"damage":20,"enemies":"Shelled Parasite and Fungi","floor":21,"turns":9},{"damage":12,"enemies":"Snake Plant","floor":23,"turns":4},{"damage":33,"enemies":"Gremlin Leader","floor":24,"turns":6}],"seed_played":"-472673945745755822","potions_obtained":[{"floor":1,"key":"SkillPotion"},{"floor":2,"key":"FearPotion"},{"floor":10,"key":"Energy Potion"},{"floor":12,"key":"Fire Potion"},{"floor":18,"key":"AttackPotion"},{"floor":23,"key":"DistilledChaos"}],"is_trial":false,"path_per_floor":["M","M","?","?","$","E","?","E","T","M","?","M","R","M","R","B",null,"M","M","?","M","?","M","E"],"character_chosen":"DEFECT","items_purchased":["Oddly Smooth Stone","Glacier","Streamline"],"campfire_rested":2,"item_purchase_floors":[5,5,5],"current_hp_per_floor":[75,73,73,73,73,57,21,2,2,2,2,2,22,22,42,36,69,63,63,63,43,43,31,0,0],"gold":478,"neow_bonus":"RANDOM_COMMON_RELIC","is_daily":false,"chose_seed":false,"campfire_upgraded":0,"win_rate":0.0,"timestamp":1613426830,"path_taken":["M","M","?","?","$","E","?","E","T","?","?","M","R","M","R","BOSS","M","M","?","M","?","M","E"],"items_purchased_type":["Relic","Card","Card"],"build_version":"2020-12-22","purchased_purges":0,"victory":false,"max_hp_per_floor":[75,75,75,75,75,75,75,75,75,75,69,69,69,69,69,69,69,69,69,69,69,69,69,69,69],"card_choices":[{"not_picked":["Scrape","Static Discharge"],"picked":"Force Field","floor":1},{"not_picked":["Hologram","Ball Lightning"],"picked":"Leap","floor":2},{"not_picked":["Rebound","Beam Cell"],"picked":"Seek","floor":6},{"not_picked":["Compile Driver","Conserve Battery"],"picked":"Cold Snap","floor":7},{"not_picked":["White Noise","Tempest"],"picked":"Rainbow","floor":8},{"not_picked":["Turbo","Heatsinks"],"picked":"Storm","floor":10},{"not_picked":["Gash","Beam Cell"],"picked":"Auto Shields","floor":12},{"not_picked":["Compile Driver","Self Repair"],"picked":"Defragment","floor":14},{"not_picked":["Fission","Meteor Strike"],"picked":"Hyperbeam","floor":16},{"not_picked":["Rebound+1","Coolheaded"],"picked":"Auto Shields+1","floor":18},{"not_picked":["Gash+1","Consume"],"picked":"Coolheaded+1","floor":19},{"not_picked":["Aggregate","Heatsinks+1"],"picked":"Steam+1","floor":21},{"not_picked":["Rebound","Darkness"],"picked":"Chaos+1","floor":23}],"player_experience":212729,"relics_obtained":[{"floor":6,"key":"Darkstone Periapt"},{"floor":7,"key":"Orichalcum"},{"floor":8,"key":"Symbiotic Virus"},{"floor":9,"key":"MawBank"}],"event_choices":[{"damage_healed":0,"gold_gain":0,"player_choice":"Leave","damage_taken":0,"max_hp_gain":0,"max_hp_loss":0,"event_name":"The Cleric","floor":3,"gold_loss":0},{"damage_healed":0,"gold_gain":175,"player_choice":"AGREE","damage_taken":0,"max_hp_gain":0,"max_hp_loss":0,"event_name":"Liars Game","floor":4,"gold_loss":0,"cards_obtained":["Doubt"]},{"damage_healed":0,"gold_gain":0,"player_choice":"Searched \u00272\u0027 times","damage_taken":0,"max_hp_gain":0,"max_hp_loss":0,"event_name":"Dead Adventurer","floor":7,"gold_loss":0},{"damage_healed":0,"gold_gain":0,"player_choice":"Lose Max HP","damage_taken":0,"relics_obtained":["Golden Idol"],"max_hp_gain":0,"max_hp_loss":6,"event_name":"Golden Idol","floor":11,"gold_loss":0},{"damage_healed":0,"gold_gain":0,"cards_transformed":["Strike_B","Strike_B"],"player_choice":"Became Test Subject","damage_taken":0,"max_hp_gain":0,"max_hp_loss":0,"event_name":"Drug Dealer","floor":20,"gold_loss":0,"cards_obtained":["Melter","Loop"]},{"damage_healed":0,"gold_gain":0,"player_choice":"Obtained Relic","damage_taken":0,"relics_obtained":["Vajra"],"max_hp_gain":0,"max_hp_loss":0,"event_name":"Addict","floor":22,"gold_loss":85}],"is_beta":false,"boss_relics":[{"not_picked":["Runic Pyramid","Tiny House"],"picked":"Velvet Choker"}],"items_purged_floors":[],"is_endless":false,"potions_floor_spawned":[1,2,10,12,18,23],"killed_by":"Gremlin Leader","ascension_level":4}}