{"host":"egwexuw5uvnxf11j","time":1613356110,"event":{"mods":["2.2 Compatiblity","Aspiration","BaseMod","Better Note","Better Sensory Stone","Better Third Choice","Displayed Cursed Tome","Downfall","Hermit","Key Reminder","Koishi","Marisa????????","Minty Spire (QoL Compilation)","Quick Restart","Shade Mod","Spicy Shops","StSLib","The Construct","The Cursed","The Runesmith","The Senshi","The Servant 0.9.4","Transform Curses"],"gold_per_floor":[111,186,200,13,28,28,48,74,74,94,104,137,137,137,137,137,137],"floor_reached":16,"language":"ENG","playtime":518,"items_purged":["Injury"],"score":129,"play_id":"b89c4a6d-1d4a-4515-a326-f57580869afe","local_time":"20210214212830","is_ascension_mode":true,"campfire_choices":[{"floor":6,"key":"REST"},{"floor":15,"key":"REST"}],"circlet_count":0,"master_deck":["Strike_B","Strike_B","Strike_B","Strike_B","Defend_B","Defend_B","Defend_B","Defend_B","Zap","Dualcast","Rainbow","Conserve Battery","Compile Driver","Lockon","Auto Shields","Streamline","Genetic Algorithm","Barrage","Rebound","Ball Lightning","Rebound","Injury"],"relics":["Cracked Core","Akabeko","Boot","aspiration:FaultyCoupler","keyreminder:keyreminder","Toxic Egg 2","The Courier"],"acts_visited":["Exordium"],"potions_floor_usage":[12,12,16],"damage_taken":[{"damage":17,"enemies":"2 Louse","floor":1,"turns":3},{"damage":0,"enemies":"Cultist","floor":3,"turns":4},{"damage":0,"enemies":"Jaw Worm","floor":5,"turns":3},{"damage":11,"enemies":"Exordium Wildlife","floor":7,"turns":4},{"damage":21,"enemies":"Gremlin Nob","floor":8,"turns":4},{"damage":0,"enemies":"2 Fungi Beasts","floor":10,"turns":3},{"damage":9,"enemies":"Looter","floor":11,"turns":2},{"damage":6,"enemies":"3 Sentries","floor":12,"turns":4},{"damage":50,"enemies":"The Guardian","floor":16,"turns":8}],"seed_played":"-6058127970838395909","potions_obtained":[{"floor":5,"key":"LiquidBronze"},{"floor":10,"key":"FocusPotion"},{"floor":11,"key":"Fire Potion"}],"is_trial":false,"path_per_floor":["M","?","M","$","M","R","M","E","T","M","M","E","?","T","R","B"],"character_chosen":"DEFECT","items_purchased":["Lockon","Auto Shields"],"campfire_rested":2,"item_purchase_floors":[4,4],"current_hp_per_floor":[58,51,51,51,51,73,62,41,41,41,32,26,26,26,48,0,0],"gold":137,"neow_bonus":"THREE_RARE_CARDS","is_daily":false,"chose_seed":false,"campfire_upgraded":0,"win_rate":0.0,"timestamp":1613356110,"path_taken":["M","?","M","$","?","R","M","E","T","M","M","E","?","?","R","BOSS"],"items_purchased_type":["Card","Card"],"build_version":"2020-12-22","purchased_purges":1,"victory":false,"max_hp_per_floor":[75,75,75,75,75,75,75,75,75,75,75,75,75,75,75,75,75],"card_choices":[{"not_picked":["Reboot","Biased Cognition"],"picked":"Rainbow","floor":0},{"not_picked":["Rebound","Genetic Algorithm"],"picked":"Conserve Battery","floor":1},{"not_picked":["Undo","Beam Cell"],"picked":"Compile Driver","floor":3},{"not_picked":["Beam Cell","Coolheaded"],"picked":"Streamline","floor":5},{"not_picked":["Compile Driver","Turbo"],"picked":"Genetic Algorithm","floor":7},{"not_picked":["Rebound","Recycle"],"picked":"Barrage","floor":8},{"not_picked":["Leap","Recycle"],"picked":"Rebound","floor":10},{"not_picked":["Stack","Conserve Battery"],"picked":"Ball Lightning","floor":11},{"not_picked":["Scrape","Amplify"],"picked":"Rebound","floor":12}],"player_experience":2081698,"relics_obtained":[{"floor":8,"key":"Akabeko"},{"floor":9,"key":"Boot"},{"floor":12,"key":"aspiration:FaultyCoupler"},{"floor":14,"key":"The Courier"}],"event_choices":[{"damage_healed":0,"gold_gain":75,"player_choice":"Touch","damage_taken":7,"max_hp_gain":0,"max_hp_loss":0,"event_name":"FaceTrader","floor":2,"gold_loss":0}],"is_beta":false,"boss_relics":[],"items_purged_floors":[4],"is_endless":false,"potions_floor_spawned":[5,10,11],"killed_by":"The Guardian","ascension_level":3}}