{"host":"kw4o7b3ro2ktmmbe","time":1613364497,"event":{"mods":["100% Spire Juice","BaseMod","Bossed Relics","Energized Spire","Evolution","Minty Spire (QoL Compilation)","StSLib"],"gold_per_floor":[113,123,3,21,96,140,20,36,36,36,49,49,49,72,72,193,193,206,206,206,48,61,92,92,145,227,242,281,295,295,318,318,448,208,233,233,233,249,249,249,290,305,305,344,363,383,383,3,3,3],"floor_reached":51,"language":"ENG","playtime":5880,"items_purged":[],"score":1133,"play_id":"2cc5c6b3-444e-4b0f-919e-a7a77575c1db","local_time":"20210215174817","is_ascension_mode":true,"campfire_choices":[{"floor":7.0,"key":"REST"},{"data":"Moonworks:IndiscriminateFireSupport","floor":10.0,"key":"SMITH"},{"data":"Moonworks:CloudOfSeagulls","floor":12.0,"key":"SMITH"},{"floor":15.0,"key":"REST"},{"data":"Moonworks:Dinner","floor":24.0,"key":"SMITH"},{"floor":30.0,"key":"REST"},{"floor":32.0,"key":"REST"},{"data":"Moonworks:MiracleWalker","floor":40,"key":"SMITH"},{"data":"Moonworks:UnluckyCharm","floor":47,"key":"SMITH"},{"data":"Moonworks:Ambush","floor":49,"key":"SMITH"}],"circlet_count":0,"master_deck":["AscendersBane","Moonworks:Strike","Moonworks:Strike","Moonworks:Strike","Moonworks:Defend","Moonworks:Defend","Moonworks:Defend","Moonworks:Defend","Moonworks:Ambush+1","Moonworks:LongDistanceShot","Moonworks:StiffCrystal","Moonworks:IndiscriminateFireSupport+1","Moonworks:FullSpeedAlicianrone","Moonworks:CloudOfSeagulls+1","Moonworks:MetallicMonocoque+1","Moonworks:Flamethrower","Moonworks:UnluckyCharm+1","Moonworks:RagingMadness+1","Moonworks:Dinner+1","Moonworks:MiracleWalker+1","Moonworks:MetallicMonocoque+1","Moonworks:WeAreWaruda+1","Moonworks:NicePresent+1","Madness+1","Madness+1","Moonworks:SakisCookie+1","Moonworks:SakisCookie+1","Moonworks:TacticalRetreat+1","Moonworks:CloudOfSeagulls+1","Moonworks:MeltingMemories+1","Moonworks:NicePresent+1","Moonworks:RagingMadness+1","Moonworks:CloudOfSeagulls+1","Moonworks:SakisCookie+1","Moonworks:RagingMadness+1"],"relics":["Moonworks:BrokenBomb","Moonworks:Homemark","EVO:Axolotl","Golden Idol","Frozen Egg 2","Ornamental Fan","energizedSpire:DeadBattery","MutagenicStrength","Centennial Puzzle","Blood Vial","Toxic Egg 2","Potion Belt","energizedSpire:OgreHead","Bottled Tornado","Prayer Wheel","Ancient Tea Set","Moonworks:LittleGull","Mango"],"acts_visited":["Exordium","TheCity","TheBeyond"],"potions_floor_usage":[33,33,33,33,33,33,33,33,41,41,42,50],"damage_taken":[{"damage":1.0,"enemies":"Cultist","floor":1.0,"turns":3.0},{"damage":0.0,"enemies":"2 Louse","floor":2.0,"turns":3.0},{"damage":10.0,"enemies":"Jaw Worm","floor":4.0,"turns":5.0},{"damage":16.0,"enemies":"3 Sentries","floor":6.0,"turns":6.0},{"damage":0.0,"enemies":"3 Louse","floor":8.0,"turns":3.0},{"damage":0.0,"enemies":"Large Slime","floor":11.0,"turns":3.0},{"damage":8.0,"enemies":"Exordium Wildlife","floor":14.0,"turns":3.0},{"damage":18.0,"enemies":"Hexaghost","floor":16.0,"turns":9.0},{"damage":6.0,"enemies":"Shell Parasite","floor":18.0,"turns":6.0},{"damage":15.0,"enemies":"2 Thieves","floor":22.0,"turns":2.0},{"damage":30.0,"enemies":"Gremlin Leader","floor":23.0,"turns":5.0},{"damage":0.0,"enemies":"3 Cultists","floor":27.0,"turns":3.0},{"damage":0.0,"enemies":"Slavers","floor":28.0,"turns":1.0},{"damage":20.0,"enemies":"Chosen and Byrds","floor":29.0,"turns":5.0},{"damage":25.0,"enemies":"Snake Plant","floor":31.0,"turns":4.0},{"damage":24,"enemies":"Champ","floor":33,"turns":7},{"damage":2,"enemies":"3 Shapes","floor":35,"turns":4},{"damage":23,"enemies":"3 Darklings","floor":38,"turns":3},{"damage":20,"enemies":"Reptomancer","floor":41,"turns":7},{"damage":16,"enemies":"Maw","floor":42,"turns":7},{"damage":13,"enemies":"Nemesis","floor":44,"turns":5},{"damage":0,"enemies":"4 Shapes","floor":45,"turns":1},{"damage":19,"enemies":"Transient","floor":46,"turns":5},{"damage":76,"enemies":"Awakened One","floor":50,"turns":10}],"seed_played":"-7372175565983515479","potions_obtained":[{"floor":4.0,"key":"Weak Potion"},{"floor":8.0,"key":"PowerPotion"},{"floor":16.0,"key":"FearPotion"},{"floor":18.0,"key":"Strength Potion"},{"floor":29.0,"key":"FearPotion"},{"floor":31.0,"key":"EntropicBrew"},{"floor":38,"key":"Fire Potion"},{"floor":41,"key":"SneckoOil"},{"floor":46,"key":"BlessingOfTheForge"}],"is_trial":false,"path_per_floor":["M","M","?","M","?","E","R","M","T","R","M","R","$","M","R","B",null,"M","?","?","$","M","E","R","T","T","M","E","M","R","M","R","B",null,"M","?","?","M","T","R","E","M","T","E","M","M","R","$","R","B",null],"character_chosen":"THE_STARBREAKER","items_purchased":["Moonworks:RagingMadness+1","Mango","Moonworks:RagingMadness+1"],"campfire_rested":4,"item_purchase_floors":[21,48,48],"current_hp_per_floor":[59,59,43,33,22,6,25,25,25,25,25,25,25,17,36,18,54,48,48,48,48,33,8,8,8,8,14,16,7,26,7,26,14,53,62,62,54,33,33,33,28,30,30,35,37,57,57,71,71,16],"gold":3,"neow_bonus":"TEN_PERCENT_HP_BONUS","is_daily":false,"chose_seed":false,"campfire_upgraded":6,"win_rate":0.0,"timestamp":1613364497,"path_taken":["M","M","?","M","?","E","R","M","T","R","M","R","?","M","R","BOSS","M","?","?","?","?","E","R","?","T","M","E","M","R","M","R","BOSS","M","?","?","M","?","R","E","?","T","E","M","?","R","$","R","BOSS"],"items_purchased_type":["Card","Relic","Card"],"build_version":"2020-12-22","purchased_purges":0,"victory":true,"max_hp_per_floor":[66,66,66,66,66,66,66,66,66,66,66,66,66,66,66,66,66,66,66,66,66,66,66,66,66,66,66,66,66,66,66,66,66,66,66,66,66,66,66,66,66,66,66,66,66,66,66,80,80,80],"card_choices":[{"not_picked":["Moonworks:DeployBits","Moonworks:SweetBattle","Moonworks:ImOnFire"],"picked":"SKIP","floor":1.0},{"not_picked":["Moonworks:DeployBits","Moonworks:ImOnFire"],"picked":"Moonworks:StiffCrystal","floor":2.0},{"not_picked":["Moonworks:DevilHand","Moonworks:Assault"],"picked":"Moonworks:IndiscriminateFireSupport","floor":4.0},{"not_picked":["Moonworks:IndiscriminateFireSupport","Moonworks:EvilMastermind"],"picked":"Moonworks:FullSpeedAlicianrone","floor":6.0},{"not_picked":["Moonworks:SakisCookie","Moonworks:AngelHand","Moonworks:IndiscriminateFireSupport"],"picked":"SKIP","floor":8.0},{"not_picked":["Moonworks:BackdoorTrade","Moonworks:BindingChains"],"picked":"Moonworks:CloudOfSeagulls","floor":11.0},{"not_picked":["Moonworks:SakisCookie","Moonworks:DeployBits","Moonworks:Assault"],"picked":"SKIP","floor":14.0},{"not_picked":["Moonworks:PlushieMaster","Moonworks:EvilMastermind"],"picked":"Moonworks:MetallicMonocoque+1","floor":16.0},{"not_picked":["Moonworks:EvilSpyWorkPreparation","Moonworks:BigMagnum"],"picked":"Moonworks:Flamethrower","floor":18.0},{"not_picked":["Moonworks:SakisCookie","Moonworks:IndiscriminateFireSupport"],"picked":"Moonworks:Dinner","floor":22.0},{"not_picked":["Moonworks:ImOnFire+1","Moonworks:JonathanRush"],"picked":"Moonworks:MiracleWalker","floor":23.0},{"not_picked":["Moonworks:Poppoformation+1","Moonworks:Assault"],"picked":"Moonworks:MetallicMonocoque+1","floor":27.0},{"not_picked":["Moonworks:BigMagnum+1","Moonworks:Bloodlust+1","Moonworks:DevilHand"],"picked":"SKIP","floor":28.0},{"not_picked":["Moonworks:JonathanRush","Moonworks:DeployBits+1","Moonworks:Assault"],"picked":"SKIP","floor":29.0},{"not_picked":["Moonworks:IndiscriminateFireSupport","Moonworks:BigMagnum+1","Moonworks:ImOnFire+1"],"picked":"SKIP","floor":31.0},{"not_picked":["Moonworks:Gamble","Moonworks:AccelHyper+1"],"picked":"Moonworks:WeAreWaruda+1","floor":33},{"not_picked":["Moonworks:LulusLuckyEgg+1","Moonworks:IndiscriminateFireSupport"],"picked":"Moonworks:NicePresent+1","floor":35},{"not_picked":["Moonworks:BigMagnum+1","Moonworks:ImOnFire+1"],"picked":"Moonworks:SakisCookie+1","floor":38},{"not_picked":["Moonworks:JonathanRush","Moonworks:Bloodlust+1"],"picked":"Moonworks:SakisCookie+1","floor":41},{"not_picked":["Moonworks:CloudOfSeagulls","Moonworks:BindingChains+1"],"picked":"Moonworks:TacticalRetreat+1","floor":42},{"not_picked":["Moonworks:ImOnFire+1","Moonworks:LulusLuckyEgg+1"],"picked":"Moonworks:CloudOfSeagulls+1","floor":42},{"not_picked":["Moonworks:BigBangBell+1","Moonworks:IndiscriminateFireSupport"],"picked":"Moonworks:MeltingMemories+1","floor":44},{"not_picked":["Moonworks:TacticalRetreat+1","Moonworks:LulusLuckyEgg+1"],"picked":"Moonworks:NicePresent+1","floor":45},{"not_picked":["Moonworks:NicePresent+1","Moonworks:CloudOfSeagulls"],"picked":"Moonworks:RagingMadness+1","floor":45},{"not_picked":["Moonworks:NicePresent+1","Moonworks:SakisCookie+1"],"picked":"Moonworks:CloudOfSeagulls+1","floor":46},{"not_picked":["Moonworks:LulusLuckyEgg+1","Moonworks:IndiscriminateFireSupport+1"],"picked":"Moonworks:SakisCookie+1","floor":46}],"player_experience":1934988,"relics_obtained":[{"floor":6.0,"key":"Frozen Egg 2"},{"floor":9.0,"key":"Ornamental Fan"},{"floor":23.0,"key":"Centennial Puzzle"},{"floor":25.0,"key":"Blood Vial"},{"floor":26.0,"key":"Toxic Egg 2"},{"floor":28.0,"key":"Potion Belt"},{"floor":39,"key":"Bottled Tornado"},{"floor":41,"key":"Prayer Wheel"},{"floor":43,"key":"Ancient Tea Set"},{"floor":44,"key":"Moonworks:LittleGull"}],"event_choices":[{"damage_healed":0.0,"max_hp_gain":0.0,"max_hp_loss":0.0,"gold_gain":0.0,"event_name":"Golden Idol","player_choice":"Take Damage","floor":3.0,"gold_loss":0.0,"damage_taken":16.0,"relics_obtained":["Golden Idol"]},{"damage_healed":0.0,"max_hp_gain":0.0,"max_hp_loss":0.0,"gold_gain":75.0,"event_name":"World of Goop","player_choice":"Gather Gold","floor":5.0,"gold_loss":0.0,"damage_taken":11.0},{"damage_healed":0.0,"max_hp_gain":0.0,"max_hp_loss":0.0,"gold_gain":0.0,"event_name":"Drug Dealer","player_choice":"Inject Mutagens","floor":19.0,"gold_loss":0.0,"damage_taken":0.0,"relics_obtained":["MutagenicStrength"]},{"damage_healed":0.0,"max_hp_gain":0.0,"max_hp_loss":0.0,"gold_gain":0.0,"event_name":"The Library","player_choice":"Read","floor":20.0,"gold_loss":0.0,"damage_taken":0.0,"cards_obtained":["Moonworks:UnluckyCharm"]},{"cards_removed":["Moonworks:Strike"],"damage_healed":0,"gold_gain":0,"player_choice":"Removed Attack","damage_taken":0,"max_hp_gain":0,"max_hp_loss":0,"event_name":"Falling","floor":36,"gold_loss":0},{"damage_healed":0,"gold_gain":0,"player_choice":"Embrace Madness","damage_taken":8,"max_hp_gain":0,"max_hp_loss":0,"event_name":"Winding Halls","floor":37,"gold_loss":0,"cards_obtained":["Madness","Madness"]}],"is_beta":false,"boss_relics":[{"not_picked":["Velvet Choker","SlaversCollar"],"picked":"energizedSpire:DeadBattery"},{"not_picked":["Philosopher\u0027s Stone","Cursed Key"],"picked":"energizedSpire:OgreHead"}],"items_purged_floors":[],"is_endless":false,"potions_floor_spawned":[4,8,16,18,29,31,38,41,46],"ascension_level":10}}