{"host":"7ij4m6ehapfophuy","time":1613361258,"event":{"mods":["BaseMod","Bestiary","Curses Come First","Filter the Spire","Minty Spire (QoL Compilation)","Relic Stats","StSLib","ojb\u0027s Better Paths Mod"],"gold_per_floor":[117,117,137,3,3,3,21,46,100,100,100,131,141,155,155,232,232,243,261,22,22,22,47,47,63,112,6,36,36,36,52,52,126,126,139,139,10,26,51,82,82,32,57,57,88,123,135,135,135,135,135,135,135,4,33,33,33],"floor_reached":56,"language":"ENG","playtime":5494,"items_purged":["Shame","Defend_B","Defend_B","Defend_B"],"score":2108,"play_id":"f8310f30-66da-4af1-bb85-c04d86c5f81b","local_time":"20210214225418","is_ascension_mode":true,"campfire_choices":[{"data":"Go for the Eyes","floor":6.0,"key":"SMITH"},{"data":"Creative AI","floor":11.0,"key":"SMITH"},{"data":"Hologram","floor":15.0,"key":"SMITH"},{"data":"Turbo","floor":24.0,"key":"SMITH"},{"floor":29.0,"key":"REST"},{"data":"Zap","floor":30.0,"key":"SMITH"},{"data":"Dualcast","floor":32.0,"key":"SMITH"},{"data":"Rainbow","floor":41.0,"key":"SMITH"},{"floor":49.0,"key":"RECALL"},{"data":"Biased Cognition","floor":53.0,"key":"SMITH"}],"circlet_count":0,"master_deck":["AscendersBane","Strike_B+1","Zap+1","Dualcast+1","Streamline+1","Chill+1","Undo+1","Go for the Eyes+1","Sweeping Beam+1","Melter","Creative AI+1","Rip and Tear","Hologram+1","Turbo+1","Self Repair","Biased Cognition+1","FTL","Glacier","Beam Cell","Scrape","Steam Power","Rainbow+1","Compile Driver","Consume+1","Echo Form"],"relics":["Astrolabe","Centennial Puzzle","Whetstone","PreservedInsect","Anchor","Inserter","ClockworkSouvenir","Smiling Mask","Pen Nib","DataDisk","WingedGreaves","Coffee Dripper","Dead Branch","Strawberry","Bag of Preparation","Sundial","Letter Opener"],"acts_visited":["Exordium","TheCity","TheBeyond","TheEnding"],"potions_floor_usage":[56],"damage_taken":[{"damage":0.0,"enemies":"Small Slimes","floor":1.0,"turns":3.0},{"damage":0.0,"enemies":"Jaw Worm","floor":3.0,"turns":4.0},{"damage":0.0,"enemies":"Cultist","floor":7.0,"turns":4.0},{"damage":16.0,"enemies":"Gremlin Nob","floor":8.0,"turns":4.0},{"damage":6.0,"enemies":"3 Sentries","floor":12.0,"turns":3.0},{"damage":0.0,"enemies":"2 Fungi Beasts","floor":13.0,"turns":4.0},{"damage":9.0,"enemies":"Exordium Wildlife","floor":14.0,"turns":3.0},{"damage":26.0,"enemies":"The Guardian","floor":16.0,"turns":13.0},{"damage":19.0,"enemies":"Shell Parasite","floor":18.0,"turns":5.0},{"damage":12.0,"enemies":"3 Byrds","floor":19.0,"turns":5.0},{"damage":18.0,"enemies":"Slavers","floor":23.0,"turns":6.0},{"damage":23.0,"enemies":"Cultist and Chosen","floor":25.0,"turns":7.0},{"damage":0.0,"enemies":"Book of Stabbing","floor":28.0,"turns":5.0},{"damage":17.0,"enemies":"Snecko","floor":31.0,"turns":5.0},{"damage":0.0,"enemies":"Champ","floor":33.0,"turns":12.0},{"damage":0.0,"enemies":"Orb Walker","floor":35.0,"turns":3.0},{"damage":0.0,"enemies":"3 Shapes","floor":38.0,"turns":4.0},{"damage":0.0,"enemies":"Mind Bloom Boss Battle","floor":39.0,"turns":6.0},{"damage":0.0,"enemies":"Reptomancer","floor":40.0,"turns":4.0},{"damage":1.0,"enemies":"Nemesis","floor":45.0,"turns":5.0},{"damage":7.0,"enemies":"Giant Head","floor":46.0,"turns":7.0},{"damage":23.0,"enemies":"Spire Growth","floor":47.0,"turns":4.0},{"damage":56.0,"enemies":"Awakened One","floor":50.0,"turns":14.0},{"damage":2.0,"enemies":"Donu and Deca","floor":51.0,"turns":12.0},{"damage":31.0,"enemies":"Shield and Spear","floor":55.0,"turns":7.0},{"damage":0,"enemies":"The Heart","floor":56,"turns":2}],"seed_played":"5452239141672172969","potions_obtained":[{"floor":7.0,"key":"EssenceOfSteel"},{"floor":8.0,"key":"SpeedPotion"},{"floor":14.0,"key":"SkillPotion"},{"floor":16.0,"key":"ColorlessPotion"},{"floor":18.0,"key":"AttackPotion"},{"floor":25.0,"key":"GamblersBrew"},{"floor":31.0,"key":"ColorlessPotion"},{"floor":40.0,"key":"Weak Potion"},{"floor":47.0,"key":"Ancient Potion"},{"floor":55.0,"key":"SmokeBomb"}],"is_trial":false,"path_per_floor":["M","?","M","$","?","R","M","E","T","?","R","E","M","M","R","B",null,"M","M","$","?","$","E","R","M","T","$","E","R","R","M","R","B",null,"M","?","$","M","?","E","R","$","T","?","E","E","M","?","R","B","B",null,"R","$","E","B"],"character_chosen":"DEFECT","items_purchased":["Sweeping Beam","Strength Potion","FocusPotion","ClockworkSouvenir","Glacier","Fire Potion","LiquidMemories","Regen Potion"],"campfire_rested":1,"item_purchase_floors":[4,4,4,20,20,27,37,54],"current_hp_per_floor":[64,69,69,69,58,58,58,42,42,42,42,36,36,27,27,8,59,47,42,42,42,42,31,31,8,8,8,15,37,37,27,27,34,66,73,76,76,76,76,83,83,83,83,83,83,83,67,67,67,11,16,66,66,66,50,50,50],"gold":33,"neow_bonus":"BOSS_RELIC","is_daily":false,"chose_seed":false,"campfire_upgraded":8,"win_rate":0.0,"timestamp":1613361258,"path_taken":["M","?","M","$","?","R","M","E","T","?","R","E","M","M","R","BOSS","M","?","$","?","$","E","R","M","T","?","E","R","R","M","R","BOSS","M","?","$","?","?","E","R","$","T","?","E","E","M","?","R","BOSS","BOSS","R","$","E","BOSS"],"items_purchased_type":["Card","Potion","Potion","Relic","Card","Potion","Potion","Potion"],"build_version":"2020-12-22","purchased_purges":4,"victory":false,"max_hp_per_floor":[71,76,76,76,76,76,76,76,76,76,76,76,76,76,76,76,76,76,76,76,76,76,76,76,76,76,76,76,76,76,76,76,76,76,76,76,76,76,76,83,83,83,83,83,83,83,83,83,83,83,83,83,83,83,83,83,83],"relic_stats":{"Inserter":[56],"counters":[26,151],"Astrolabe":["Streamline","Chill","Undo"],"Dead Branch":[40],"PreservedInsect":434,"Pen Nib":[23],"Bag of Preparation":[12],"Whetstone":["Strike_B","Sweeping Beam"],"Letter Opener":[5],"Smiling Mask":250,"Centennial Puzzle":[45],"Sundial":[6],"obtain_stats":[{"Inserter":17,"Astrolabe":0,"Dead Branch":39,"PreservedInsect":9,"Pen Nib":23,"Bag of Preparation":45,"Whetstone":8,"Letter Opener":55,"Smiling Mask":21,"ClockworkSouvenir":20,"Centennial Puzzle":5,"Anchor":12,"DataDisk":26,"Sundial":46,"Strawberry":40,"WingedGreaves":28,"Coffee Dripper":34,"Cracked Core":0},{"Inserter":8,"Astrolabe":0,"Dead Branch":18,"PreservedInsect":4,"Pen Nib":11,"Bag of Preparation":20,"Whetstone":4,"Letter Opener":25,"Smiling Mask":10,"ClockworkSouvenir":10,"Centennial Puzzle":2,"Anchor":5,"DataDisk":12,"Sundial":21,"Strawberry":19,"WingedGreaves":13,"Coffee Dripper":15,"Cracked Core":0},{"Inserter":38,"Astrolabe":0,"Dead Branch":96,"PreservedInsect":15,"Pen Nib":54,"Bag of Preparation":105,"Whetstone":15,"Letter Opener":149,"Smiling Mask":48,"ClockworkSouvenir":48,"Centennial Puzzle":7,"Anchor":18,"DataDisk":61,"Sundial":112,"Strawberry":100,"WingedGreaves":66,"Coffee Dripper":83,"Cracked Core":0}]},"card_choices":[{"not_picked":["Stack","Turbo"],"picked":"Go for the Eyes","floor":1.0},{"not_picked":["Loop","Double Energy","Barrage"],"picked":"SKIP","floor":3.0},{"not_picked":["Go for the Eyes","Barrage"],"picked":"Melter","floor":7.0},{"not_picked":["Conserve Battery","Steam"],"picked":"Creative AI","floor":8.0},{"not_picked":["Auto Shields","Gash"],"picked":"Hologram","floor":12.0},{"not_picked":["Barrage","Rebound"],"picked":"Turbo","floor":13.0},{"not_picked":["Go for the Eyes","Redo"],"picked":"Self Repair","floor":14.0},{"not_picked":["Hyperbeam","Buffer"],"picked":"Biased Cognition","floor":16.0},{"not_picked":["Chaos","Steam"],"picked":"FTL","floor":18.0},{"not_picked":["Steam","Rebound","Darkness"],"picked":"SKIP","floor":19.0},{"not_picked":["Double Energy+1","Multi-Cast"],"picked":"Beam Cell","floor":23.0},{"not_picked":["Sweeping Beam","Rip and Tear"],"picked":"Scrape","floor":25.0},{"not_picked":["Storm","Coolheaded+1"],"picked":"Steam Power","floor":28.0},{"not_picked":["Blizzard","Rebound","Redo"],"picked":"SKIP","floor":31.0},{"not_picked":["Machine Learning","All For One"],"picked":"Rainbow","floor":33.0},{"not_picked":["Coolheaded","Leap"],"picked":"Compile Driver","floor":35.0},{"not_picked":["Gash","Melter","Ball Lightning"],"picked":"SKIP","floor":38.0},{"not_picked":["Ball Lightning","Reinforced Body","Genetic Algorithm+1"],"picked":"SKIP","floor":40.0},{"not_picked":["Heatsinks","Double Energy"],"picked":"Consume+1","floor":45.0},{"not_picked":["BootSequence","Gash+1","Coolheaded"],"picked":"SKIP","floor":46.0},{"not_picked":["Rebound","White Noise"],"picked":"Echo Form","floor":47.0},{"not_picked":["Undo","Gash","Leap"],"picked":"SKIP","floor":55.0}],"player_experience":1128336,"relics_obtained":[{"floor":8.0,"key":"Whetstone"},{"floor":9.0,"key":"PreservedInsect"},{"floor":12.0,"key":"Anchor"},{"floor":23.0,"key":"Pen Nib"},{"floor":26.0,"key":"DataDisk"},{"floor":28.0,"key":"WingedGreaves"},{"floor":39.0,"key":"Dead Branch"},{"floor":40.0,"key":"Strawberry"},{"floor":45.0,"key":"Bag of Preparation"},{"floor":46.0,"key":"Sundial"},{"floor":55.0,"key":"Letter Opener"}],"event_choices":[{"damage_healed":0.0,"max_hp_gain":5.0,"max_hp_loss":0.0,"gold_gain":0.0,"event_name":"Big Fish","player_choice":"Donut","floor":2.0,"gold_loss":0.0,"damage_taken":0.0},{"damage_healed":0.0,"max_hp_gain":0.0,"max_hp_loss":0.0,"gold_gain":0.0,"event_name":"Scrap Ooze","player_choice":"Success","floor":5.0,"gold_loss":0.0,"damage_taken":11.0,"relics_obtained":["Centennial Puzzle"]},{"damage_healed":0.0,"max_hp_gain":0.0,"max_hp_loss":0.0,"gold_gain":0.0,"cards_transformed":["Strike_B"],"event_name":"Transmorgrifier","player_choice":"Transformed","floor":10.0,"gold_loss":0.0,"damage_taken":0.0,"cards_obtained":["Rip and Tear"]},{"damage_healed":0.0,"max_hp_gain":0.0,"max_hp_loss":0.0,"gold_gain":0.0,"event_name":"Addict","player_choice":"Stole Relic","floor":21.0,"gold_loss":0.0,"damage_taken":0.0,"relics_obtained":["Smiling Mask"],"cards_obtained":["Shame"]},{"damage_healed":3.0,"max_hp_gain":0.0,"max_hp_loss":0.0,"gold_gain":0.0,"event_name":"Wheel of Change","player_choice":"Full Heal","floor":36.0,"gold_loss":0.0,"damage_taken":0.0},{"damage_healed":0.0,"max_hp_gain":0.0,"max_hp_loss":0.0,"gold_gain":0.0,"event_name":"MindBloom","player_choice":"Fight","floor":39.0,"gold_loss":0.0,"damage_taken":0.0},{"damage_healed":0.0,"max_hp_gain":0.0,"max_hp_loss":0.0,"gold_gain":0.0,"event_name":"SensoryStone","player_choice":"Memory 1","floor":44.0,"gold_loss":0.0,"damage_taken":0.0},{"damage_healed":0.0,"max_hp_gain":0.0,"max_hp_loss":0.0,"gold_gain":0.0,"event_name":"Match and Keep!","player_choice":"0 cards matched","floor":48.0,"gold_loss":0.0,"damage_taken":0.0,"cards_obtained":[]}],"is_beta":false,"boss_relics":[{"not_picked":["Empty Cage","Tiny House"],"picked":"Inserter"},{"not_picked":["SacredBark","Calling Bell"],"picked":"Coffee Dripper"}],"items_purged_floors":[27,37,42,54],"is_endless":false,"potions_floor_spawned":[7,8,14,16,18,25,31,38,40,45,47,55],"killed_by":"The Heart","ascension_level":20}}