{"host":"cd8sh5n6ebstnq0m","time":1613352021,"event":{"mods":["BaseMod","BetterRewards","Colored Map","Dota2Spire","Downfall","Friendly Minions","Gold Saver","GungeonMod","Hubris","Infinite Spire","Jedi Mod","Minty Spire (QoL Compilation)","Replay The Spire","SOS???????","Spicy Shops","StSLib","The Animator","The Blackbeard","The Forsaken","The Runesmith","Uncapped"],"gold_per_floor":[219,230,230,246,246,246,272,272,272,298,314,341,368,386,386,490,490,507,254,266,280,294,319,319,347,347,347,347,191,216,92,92,196,196,214,214,229,229,242,242,259,291,291,291,322,336,336,355,355,456,456,464,74,81,40,41,52,63,77,77,96,96,110,110,110,110,197,197,200,252,252,257,254,254,254,274,274,288,288,294,291,291,291,360,360,354,354,355,355,351,351,370,370,419,419,418,497,497,500,500,567,567,575,583,583,583,591,591,591,591,642,645,657,657,678,1064,1064,1016,1016,1004,1004,990,980,980,968,968,960,960,952,952,947,941,940,940,939,939,939],"floor_reached":136,"language":"ENG","playtime":4941,"items_purged":["infinitespire:Pacifist"],"score":4021,"play_id":"12fc74da-2a88-4486-a4a6-cea10d7672b2","local_time":"20210215022021","is_ascension_mode":true,"campfire_choices":[{"data":"theForsaken:Thunderbolt","floor":6,"key":"SMITH"},{"data":"theForsaken:Thunderbolt","floor":6,"key":"SMITH"},{"data":"theForsaken:MagicWeapon","floor":8,"key":"SMITH"},{"data":"theForsaken:FuryStrikes","floor":8,"key":"SMITH"},{"floor":24,"key":"REST"},{"data":"theForsaken:QuickAttack","floor":27,"key":"SMITH"},{"data":"theForsaken:FountainOfLife","floor":27,"key":"SMITH"},{"data":"theForsaken:Bolster","floor":32,"key":"SMITH"},{"data":"theForsaken:QuickAttack","floor":40,"key":"SMITH"},{"floor":44,"key":"REST"},{"data":"theForsaken:Prudence","floor":44,"key":"SMITH"},{"floor":47,"key":"REST"},{"data":"Mind Blast","floor":47,"key":"SMITH"},{"data":"theForsaken:FuryStrikes","floor":49,"key":"SMITH"},{"data":"theForsaken:Prudence","floor":62,"key":"SMITH"},{"floor":64,"key":"RECALL"},{"data":"theForsaken:Thunderbolt","floor":66,"key":"SMITH"},{"data":"hubris:Fate","floor":74,"key":"SMITH"},{"data":"infinitespire:Collect","floor":79,"key":"SMITH"},{"data":"infinitespire:Collect","floor":83,"key":"SMITH"},{"data":"theForsaken:DarkRift","floor":91,"key":"SMITH"},{"data":"Rip and Tear","floor":93,"key":"SMITH"},{"data":"Cold Snap","floor":95,"key":"SMITH"},{"data":"ReplayTheSpireMod:Book of Names","floor":100,"key":"SMITH"},{"data":"theForsaken:FountainOfLife","floor":108,"key":"SMITH"},{"data":"theForsaken:Smite","floor":110,"key":"SMITH"},{"data":"theForsaken:TheForsaken_Defend","floor":114,"key":"SMITH"},{"data":"theForsaken:TheForsaken_Defend","floor":117,"key":"SMITH"},{"data":"theForsaken:TheForsaken_Defend","floor":130,"key":"SMITH"},{"data":"theForsaken:DefensiveStance","floor":134,"key":"SMITH"}],"circlet_count":0,"master_deck":["theForsaken:TheForsaken_Strike+1","theForsaken:TheForsaken_Strike+1","theForsaken:TheForsaken_Strike+1","theForsaken:TheForsaken_Defend+1","theForsaken:TheForsaken_Defend+1","theForsaken:TheForsaken_Defend+1","theForsaken:TheForsaken_Defend+1","theForsaken:Smite+1","theForsaken:Thunderbolt+1","Mind Blast+1","theForsaken:Thunderbolt+1","theForsaken:Thunderbolt+1","theForsaken:QuickAttack+1","theForsaken:MagicWeapon+1","Rip and Tear+1","Cold Snap+1","theForsaken:FuryStrikes+1","theForsaken:FountainOfLife+1","infinitespire:Collect+1","theForsaken:QuickAttack+1","theForsaken:DarkRift+1","infinitespire:Collect+1","theForsaken:Bolster+1","hubris:DuctTapeCard","theForsaken:Prudence+1","theForsaken:QuickAttack+1","theForsaken:SiphonStrike+1","theForsaken:ShieldBash+1","theForsaken:FuryStrikes+1","theForsaken:Prudence+1","theForsaken:RainingSunlight+1","theForsaken:Enfeeble+1","theForsaken:RainingSunlight+1","theForsaken:QuickAttack+1","hubris:Fate+1","infinitespire:DeathsTouch+1","theForsaken:QuickAttack+1","theForsaken:PreciseStrike+1","theForsaken:ShieldBash+1","theForsaken:FuryStrikes+1","theForsaken:Confusion+1","theForsaken:RainingSunlight+1","theForsaken:DefensiveStance+1","ReplayTheSpireMod:Book of Names+1","theForsaken:AncientWords+1","CurseOfTheBell","theForsaken:FountainOfLife+1","theForsaken:Purification+1","theForsaken:RainingSunlight+1","theForsaken:Thunderbolt+1","theForsaken:RainingSunlight+1","theForsaken:DarkRift+1","theForsaken:DefensiveStance+1","theForsaken:ShieldBash+1","theForsaken:Prudence","theForsaken:ShieldCharge+1"],"relics":["Replay:Bottled Steam","WristBlade","Replay:M_SmolderingBlood","Ring of the Snake","bronze:Mallet","jedi:tokenofserenity","Ooze Armor","sneckomod:SneckoSoul","hubris:ToyBattleship","blackbeard:LoadTheGoldenCannons","Emotion Chip","Ninja Scroll","Strange Spoon","Astrolabe","infinitespire:Joker Card","Slimebound:PotencyRelic","m_SnakeBloodCore","hexamod:JarOfFuel","bronze:MakeshiftBattery","DollysMirror","SSS","Sizzling Blood","infinitespire:Chaos","Replay:Wax Seal","hubris:DuctTape","SlaversCollar","infinitespire:Bottled Soul","infinitespire:Magic Flask","Replay:Bottled Snecko","ReplayTheSpireMod:Ninjato","theForsaken:ArmorOfThorns","ReplayTheSpireMod:CursedCoin","Tiny Chest","Molten Egg 2","DemoMod:NanoMachines","Dota2Spire:MaskOfMadness","HornCleat","PreservedInsect","Boot","Replay:Mystery Machine","Empty Cage","infinitespire:Satchel","Sozu","OrangePellets","hubris:CuriousFeather","Replay:Bottled Flurry","Question Card","jedi:paperlyon","DemoMod:ResourcefulSack","Pantograph","Nunchaku","Dota2Spire:EyeOfSkadi","jedi:firstaidkit","ReplayTheSpireMod:Lightbulb","Calling Bell","Omamori","Garlic","DemoMod:BigBoy","DemoMod:WhiteGuonStone","DemoMod:GlassGuonStoneRelic","Whetstone","hubris:OldNail","jedi:ominousloannote","hubris:BlackHole","Replay:Accelerometer","Dota2Spire:Desolator","DemoMod:PinkGuonStone","Dota2Spire:PhaseBoots","hubris:Zylophone","Tiny House"],"acts_visited":["Exordium","TheCity","TheBeyond","Exordium","TheCity","TheBeyond","Exordium","TheCity","TheBeyond"],"potions_floor_usage":[16,16,18,23,33,41,42,46,50,67],"damage_taken":[{"damage":0,"enemies":"Small Slimes","floor":1,"turns":2},{"damage":0,"enemies":"2 Louse","floor":2,"turns":2},{"damage":0,"enemies":"Cultist","floor":4,"turns":3},{"damage":11,"enemies":"Gremlin Nob","floor":7,"turns":4},{"damage":0,"enemies":"The Mushroom Lair","floor":10,"turns":3},{"damage":2,"enemies":"Blue Slaver","floor":11,"turns":2},{"damage":14,"enemies":"3 Sentries","floor":12,"turns":4},{"damage":0,"enemies":"Lots of Slimes","floor":14,"turns":3},{"damage":13,"enemies":"The Guardian","floor":16,"turns":6},{"damage":0,"enemies":"Chosen","floor":18,"turns":2},{"damage":0,"enemies":"Spheric Guardian","floor":20,"turns":2},{"damage":0,"enemies":"Centurion and Healer","floor":21,"turns":4},{"damage":0,"enemies":"Shelled Parasite and Fungi","floor":22,"turns":4},{"damage":56,"enemies":"Nightmare","floor":23,"turns":8},{"damage":0,"enemies":"Gremlin Leader","floor":25,"turns":8},{"damage":6,"enemies":"Slavers","floor":30,"turns":2},{"damage":27,"enemies":"Collector","floor":33,"turns":4},{"damage":8,"enemies":"3 Shapes","floor":35,"turns":2},{"damage":0,"enemies":"Orb Walker","floor":37,"turns":1},{"damage":37,"enemies":"Sphere and 2 Shapes","floor":39,"turns":2},{"damage":0,"enemies":"Jaw Worm Horde","floor":41,"turns":2},{"damage":63,"enemies":"Nemesis","floor":42,"turns":7},{"damage":43,"enemies":"R_Hoarder","floor":45,"turns":4},{"damage":28,"enemies":"Spire Growth","floor":46,"turns":2},{"damage":0,"enemies":"Maw","floor":48,"turns":3},{"damage":202,"enemies":"infinitespire:MassOfShapes","floor":50,"turns":11},{"damage":0,"enemies":"2 Louse","floor":52,"turns":1},{"damage":0,"enemies":"Jaw Worm","floor":54,"turns":1},{"damage":0,"enemies":"Small Slimes","floor":56,"turns":1},{"damage":0,"enemies":"Lagavulin","floor":57,"turns":1},{"damage":0,"enemies":"Exordium Thugs","floor":58,"turns":1},{"damage":0,"enemies":"3 Sentries","floor":59,"turns":2},{"damage":0,"enemies":"Gremlin Nob","floor":61,"turns":1},{"damage":0,"enemies":"Replay:BlueRogue","floor":63,"turns":1},{"damage":0,"enemies":"Hexaghost","floor":67,"turns":2},{"damage":0,"enemies":"Shell Parasite","floor":69,"turns":1},{"damage":0,"enemies":"2 Thieves","floor":72,"turns":1},{"damage":0,"enemies":"Centurion and Healer","floor":73,"turns":2},{"damage":0,"enemies":"Gremlin Leader","floor":76,"turns":1},{"damage":0,"enemies":"Slavers","floor":78,"turns":1},{"damage":0,"enemies":"Shelled Parasite and Fungi","floor":80,"turns":1},{"damage":0,"enemies":"Snake Plant","floor":81,"turns":1},{"damage":0,"enemies":"Automaton","floor":84,"turns":3},{"damage":0,"enemies":"3 Darklings","floor":86,"turns":1},{"damage":0,"enemies":"Orb Walker","floor":88,"turns":1},{"damage":3,"enemies":"4 Shapes","floor":90,"turns":1},{"damage":0,"enemies":"R_Hoarder","floor":92,"turns":2},{"damage":0,"enemies":"Giant Head","floor":96,"turns":2},{"damage":0,"enemies":"infinitespire:Three Voidlings","floor":97,"turns":1},{"damage":0,"enemies":"Nightmare_Alpha","floor":97,"turns":1},{"damage":0,"enemies":"Reptomancer","floor":99,"turns":1},{"damage":82,"enemies":"Awakened One","floor":101,"turns":3},{"damage":0,"enemies":"Small Slimes","floor":103,"turns":1},{"damage":0,"enemies":"Cultist","floor":104,"turns":1},{"damage":0,"enemies":"2 Louse","floor":107,"turns":1},{"damage":28,"enemies":"Nightmare","floor":112,"turns":3},{"damage":0,"enemies":"Lots of Slimes","floor":113,"turns":1},{"damage":0,"enemies":"Gremlin Nob","floor":115,"turns":1},{"damage":0,"enemies":"Fading Forest","floor":118,"turns":5},{"damage":0,"enemies":"2 Thieves","floor":120,"turns":1},{"damage":0,"enemies":"3 Byrds","floor":122,"turns":1},{"damage":0,"enemies":"Snecko","floor":123,"turns":1},{"damage":0,"enemies":"Gremlin Leader","floor":125,"turns":1},{"damage":0,"enemies":"Slavers","floor":127,"turns":1},{"damage":0,"enemies":"Book of Stabbing","floor":129,"turns":1},{"damage":0,"enemies":"Sentry and Sphere","floor":131,"turns":1},{"damage":0,"enemies":"Centurion and Healer","floor":132,"turns":1},{"damage":0,"enemies":"Snake Plant","floor":133,"turns":1},{"damage":0,"enemies":"infinitespire:LordOfFortification","floor":135,"turns":1}],"seed_played":"3296463212593921467","potions_obtained":[{"floor":2,"key":"sneckomod:MuddlingPotion"},{"floor":10,"key":"Strength Potion"},{"floor":14,"key":"FearPotion"},{"floor":16,"key":"Adrenaline Potion"},{"floor":18,"key":"SteroidPotion"},{"floor":30,"key":"Regen Potion"},{"floor":33,"key":"Toxic Potion"},{"floor":35,"key":"GamblersBrew"},{"floor":42,"key":"SpeedPotion"},{"floor":45,"key":"jedi:StrikingPotion"},{"floor":52,"key":"jedi:StrikingPotion"},{"floor":54,"key":"Toxic Potion"}],"is_trial":false,"path_per_floor":["M","M","?","M","?","R","E","R","T","?","M","E","T","M","R","B",null,"M","$","M","M","M","NM","R","E","T","R","?","$","E","$","R","B",null,"M","AVR","M","?","M","R","M","E","T","R","E","M","R","M","R","B",null,"M","$","M","?","M","E","M","E","T","E","R","E","R","?","R","B",null,"M","T","AVR","M","M","R","?","E","T","E","R","M","M","?","R","B",null,"M","?","M","T","M","R","E","R","T","R","E","?","$","E","R","B",null,"M","M","?","T","M","R","?","R","T","NM","M","R","E","$","R","B",null,"M","?","M","M","AVR","E","T","E","T","E","R","M","M","M","R","B",null],"character_chosen":"THE_FORSAKEN","items_purchased":["Lee\u0027s Waffle","infinitespire:ShieldingShard","DemoMod:GnawedKey","DemoMod:Bottle","Replay:Rubber Ducky","Replay:Arrowhead","Gremlin Food","theForsaken:FuryStrikes","DemoMod:PinkGuonStone","infinitespire:Chaos","hubris:DuctTape","ReplayTheSpireMod:CursedCoin","Tiny Chest","Molten Egg 2","DemoMod:NanoMachines","jedi:ominousloannote"],"campfire_rested":3,"item_purchase_floors":[0,0,0,0,0,0,0,0,19,29,31,53,53,53,53,116],"current_hp_per_floor":[72,72,72,72,72,72,62,62,62,67,68,56,56,61,61,67,72,72,79,79,81,83,28,52,83,83,83,68,72,73,73,73,93,97,96,96,97,97,87,87,100,75,75,96,83,72,93,109,109,44,112,112,112,112,112,112,112,112,115,115,115,115,121,121,121,121,121,121,121,121,121,121,127,127,127,127,127,127,127,127,130,130,130,136,136,136,136,136,136,136,136,136,136,136,136,141,144,144,150,150,155,156,156,156,156,156,156,156,156,156,156,138,150,150,157,157,157,168,168,168,162,174,174,174,177,177,184,184,184,184,184,184,184,184,184,189,189],"gold":939,"neow_bonus":"","is_daily":false,"chose_seed":false,"campfire_upgraded":26,"win_rate":0.0,"timestamp":1613352021,"path_taken":["M","M","?","M","?","R","E","R","T","?","M","E","?","?","R","BOSS","M","?","?","?","M","NM","R","E","T","R","?","?","E","$","R","BOSS","M","AVR","M","?","M","R","M","E","T","R","E","M","R","?","R","BOSS","M","$","?","?","M","E","M","E","T","E","R","E","R","?","R","BOSS","M","?","AVR","M","M","R","?","E","T","E","R","M","M","?","R","BOSS","M","?","M","?","?","R","E","R","T","R","E","?","$","E","R","BOSS","M","M","?","?","?","R","?","R","T","NM","M","R","E","$","R","BOSS","M","?","M","M","AVR","E","?","E","T","E","R","?","M","M","R","BOSS"],"items_purchased_type":["Relic","Relic","Relic","Relic","Relic","Relic","Relic","Card","Relic","Relic","Relic","Relic","Relic","Relic","Relic","Relic"],"build_version":"2020-12-22","purchased_purges":1,"victory":false,"max_hp_per_floor":[72,72,72,72,72,72,72,72,72,72,72,72,72,72,72,72,72,72,79,79,81,83,83,83,85,85,85,90,94,94,94,94,97,97,97,97,97,97,97,97,100,106,106,106,109,109,109,109,109,112,112,112,112,112,112,112,112,112,115,115,115,115,121,121,121,121,121,121,121,121,121,121,127,127,127,127,127,127,127,127,130,130,130,136,136,136,136,136,136,136,136,136,136,136,136,141,144,144,150,150,156,156,156,156,156,156,156,156,156,156,156,159,159,159,159,159,159,168,168,168,168,174,174,174,177,177,184,184,184,184,184,184,184,184,184,189,189],"card_choices":[{"not_picked":["theForsaken:HymnOfPatience","theForsaken:BlessedWeapon"],"picked":"theForsaken:Thunderbolt","floor":1},{"not_picked":["theForsaken:BlessedWeapon","theForsaken:CleansingLight"],"picked":"theForsaken:Thunderbolt","floor":2},{"not_picked":["WeaponsOverheat","theForsaken:PowerUp"],"picked":"theForsaken:QuickAttack","floor":4},{"not_picked":["Beam Cell","Warcry"],"picked":"theForsaken:MagicWeapon","floor":7},{"not_picked":["Anger","Dual Wield"],"picked":"Rip and Tear","floor":11},{"not_picked":["Evolve","Seeing Red"],"picked":"Cold Snap","floor":12},{"not_picked":["Body Slam","theForsaken:MagicWeapon"],"picked":"theForsaken:FuryStrikes","floor":14},{"not_picked":["theForsaken:CorruptedForm","Juggernaut"],"picked":"Mirror Shield","floor":16},{"not_picked":["theForsaken:Backlash","theForsaken:PowerUp","theForsaken:CowardsBrand+1"],"picked":"SKIP","floor":18},{"not_picked":["theForsaken:HorrifyingStrike+1","theForsaken:HymnOfRest"],"picked":"theForsaken:FountainOfLife","floor":20},{"not_picked":["theForsaken:DarkBarrier","theForsaken:SolarFlare","theForsaken:BlessedWeapon"],"picked":"SKIP","floor":21},{"not_picked":["theForsaken:HealingLight+1","theForsaken:Terrorize+1","theForsaken:FatRoll+1"],"picked":"SKIP","floor":22},{"not_picked":["infinitespire:Gouge","ReplayTheSpireMod:Echoes of Time"],"picked":"infinitespire:Collect","floor":23},{"not_picked":["theForsaken:WordOfPower","theForsaken:DarkBarrier"],"picked":"theForsaken:QuickAttack","floor":23},{"not_picked":["theForsaken:ScorchingSunlight","theForsaken:ChargeAttack"],"picked":"theForsaken:CreepingInfection+1","floor":25},{"not_picked":["theForsaken:Tranquility","theForsaken:Temperance"],"picked":"theForsaken:Bolster","floor":30},{"not_picked":["theForsaken:CorruptedForm","theForsaken:Temperance"],"picked":"theForsaken:Prudence","floor":33},{"not_picked":["theForsaken:PanicDive","theForsaken:HorrifyingStrike"],"picked":"theForsaken:QuickAttack","floor":35},{"not_picked":["theForsaken:QuickAttack","theForsaken:WrathOfGod"],"picked":"theForsaken:SiphonStrike+1","floor":37},{"not_picked":["theForsaken:Preservation","theForsaken:PanicDive+1","theForsaken:SiphonStrike+1"],"picked":"SKIP","floor":39},{"not_picked":["theForsaken:InspiringBlow+1","theForsaken:CowardsBrand+1"],"picked":"theForsaken:Parry+1","floor":41},{"not_picked":["theForsaken:HymnOfPatience","theForsaken:DarkBargain","theForsaken:CreepingInfection+1"],"picked":"SKIP","floor":42},{"not_picked":["theForsaken:SpinAttack","theForsaken:ChargeAttack+1","theForsaken:HealingLight+1"],"picked":"SKIP","floor":45},{"not_picked":["theForsaken:CreepingInfection+1","theForsaken:ChargeAttack"],"picked":"theForsaken:ShieldBash+1","floor":46},{"not_picked":["theForsaken:SolarFlare","theForsaken:StoreUp+1"],"picked":"theForsaken:FuryStrikes+1","floor":48},{"not_picked":["theForsaken:DesperatePlea","theForsaken:DarkRift"],"picked":"theForsaken:Prudence","floor":50},{"not_picked":["theForsaken:PowerUp","theForsaken:NobleSacrifice"],"picked":"theForsaken:Preservation","floor":52},{"not_picked":["theForsaken:Eulogy","theForsaken:Backlash","theForsaken:HealingLight"],"picked":"SKIP","floor":54},{"not_picked":["theForsaken:PanicDive","theForsaken:HymnOfPatience"],"picked":"theForsaken:RainingSunlight+1","floor":56},{"not_picked":["theForsaken:PanicDive","theForsaken:ScorchingSunlight+1"],"picked":"theForsaken:Enfeeble+1","floor":57},{"not_picked":["theForsaken:FatRoll","theForsaken:Eulogy","theForsaken:HorrifyingStrike+1"],"picked":"SKIP","floor":58},{"not_picked":["theForsaken:ScorchingSunlight+1","theForsaken:CorruptedWord","theForsaken:DarkRift+1"],"picked":"SKIP","floor":59},{"not_picked":["theForsaken:CorruptedWord","theForsaken:CorruptDeck"],"picked":"theForsaken:RainingSunlight+1","floor":61},{"not_picked":["theForsaken:Thunderbolt+1","theForsaken:FuryStrikes+1"],"picked":"theForsaken:QuickAttack+1","floor":63},{"not_picked":["Replay:Fractal Strike","infinitespire:Fortify"],"picked":"hubris:Fate","floor":68},{"not_picked":["theForsaken:HymnOfPatience","theForsaken:HorrifyingStrike+1","theForsaken:BlindFaith"],"picked":"SKIP","floor":69},{"not_picked":["theForsaken:WordsOfPestilence+1","theForsaken:Backlash"],"picked":"theForsaken:QuickAttack+1","floor":72},{"not_picked":["theForsaken:HealingLight+1","theForsaken:BlessedWeapon+1"],"picked":"theForsaken:PreciseStrike+1","floor":73},{"not_picked":["theForsaken:SolarFlare+1","theForsaken:WordOfPower+1","theForsaken:WardingHymn"],"picked":"SKIP","floor":76},{"not_picked":["theForsaken:HorrifyingStrike+1","theForsaken:BlightOfFamine","theForsaken:ShieldCharge+1"],"picked":"SKIP","floor":78},{"not_picked":["theForsaken:PanicDive","theForsaken:BlessedWeapon","theForsaken:ShieldCharge+1"],"picked":"theForsaken:ShieldBash+1","floor":80},{"not_picked":["theForsaken:PowerUp","theForsaken:Backlash","theForsaken:StoreUp"],"picked":"theForsaken:FuryStrikes+1","floor":81},{"not_picked":["theForsaken:CorruptDeck","theForsaken:SacredOath","theForsaken:Horror"],"picked":"theForsaken:Confusion+1","floor":84},{"not_picked":["theForsaken:CleansingLight+1","theForsaken:FatRoll","theForsaken:StoreUp+1"],"picked":"theForsaken:RainingSunlight+1","floor":86},{"not_picked":["theForsaken:BlessedWeapon+1","theForsaken:Eulogy","theForsaken:HealingLight","theForsaken:PanicDive+1"],"picked":"SKIP","floor":88},{"not_picked":["theForsaken:CorruptDeck","theForsaken:StoreUp","theForsaken:ShieldBash+1"],"picked":"theForsaken:DefensiveStance+1","floor":90},{"not_picked":["theForsaken:Tranquility+1","theForsaken:DarkBargain","theForsaken:NobleSacrifice+1","theForsaken:PanicDive"],"picked":"SKIP","floor":92},{"not_picked":["theForsaken:Eulogy","theForsaken:WordsOfPestilence+1","theForsaken:HymnOfPatience","theForsaken:SpreadingPlague"],"picked":"SKIP","floor":96},{"not_picked":["Replay:Fractal Strike","ReplayTheSpireMod:Black Plague"],"picked":"ReplayTheSpireMod:Book of Names","floor":97},{"not_picked":["theForsaken:LightRoll","theForsaken:ChargeAttack+1","theForsaken:StoreUp"],"picked":"theForsaken:AncientWords+1","floor":97},{"not_picked":["theForsaken:CreepingInfection","theForsaken:BottledPlague+1","theForsaken:Eulogy","theForsaken:MagicWeapon+1"],"picked":"SKIP","floor":99},{"not_picked":["theForsaken:ChargeAttack+1","theForsaken:BlightOfFamine","theForsaken:DefensiveStance","theForsaken:Bolster"],"picked":"SKIP","floor":103},{"not_picked":["theForsaken:Backlash","theForsaken:Terrorize","theForsaken:AncientWords","theForsaken:HorrifyingStrike+1"],"picked":"SKIP","floor":104},{"not_picked":["theForsaken:Parry","theForsaken:Tranquility","theForsaken:Riposte","theForsaken:Backlash"],"picked":"SKIP","floor":107},{"not_picked":["theForsaken:NobleSacrifice","theForsaken:BindingThorns","theForsaken:PowerUp","theForsaken:CreepingInfection"],"picked":"SKIP","floor":112},{"not_picked":["theForsaken:WrathOfGod+1","theForsaken:Eulogy","theForsaken:BottledPlague","theForsaken:WardingHymn"],"picked":"SKIP","floor":113},{"not_picked":["theForsaken:Parry","theForsaken:Preservation","theForsaken:Bolster","theForsaken:PowerUp"],"picked":"SKIP","floor":115},{"not_picked":["theForsaken:FountainOfLife","theForsaken:TearsOfSunlight","theForsaken:DivineGuidance"],"picked":"theForsaken:Purification+1","floor":118},{"not_picked":["theForsaken:ShieldCharge+1","theForsaken:AncientWords","theForsaken:HorrifyingStrike+1"],"picked":"theForsaken:RainingSunlight+1","floor":120},{"not_picked":["theForsaken:Backlash+1","theForsaken:DesperatePlea","theForsaken:BattleHymn+1"],"picked":"theForsaken:Thunderbolt+1","floor":122},{"not_picked":["theForsaken:ChargeAttack+1","theForsaken:HymnOfPatience","theForsaken:ScorchingSunlight+1","theForsaken:SacrificeSoul+1"],"picked":"SKIP","floor":123},{"not_picked":["theForsaken:Parry+1","theForsaken:NobleSacrifice","theForsaken:CreepingInfection"],"picked":"theForsaken:RainingSunlight+1","floor":125},{"not_picked":["theForsaken:HorrifyingStrike+1","theForsaken:StoreUp","theForsaken:AncientWords"],"picked":"theForsaken:DarkRift+1","floor":127},{"not_picked":["theForsaken:Preservation","theForsaken:BlessedWeapon+1","theForsaken:SiphonStrike+1","theForsaken:InspiringBlow+1"],"picked":"SKIP","floor":129},{"not_picked":["theForsaken:WordOfPower+1","theForsaken:LightRoll","theForsaken:DarkBargain","theForsaken:DarkBarrier"],"picked":"SKIP","floor":131},{"not_picked":["theForsaken:BlindFaith","theForsaken:BlessedWeapon","theForsaken:PanicDive"],"picked":"theForsaken:DefensiveStance","floor":132},{"not_picked":["theForsaken:Backlash+1","theForsaken:BindingThorns","theForsaken:PowerUp"],"picked":"theForsaken:ShieldBash+1","floor":133},{"not_picked":["theForsaken:SpreadingPlague","theForsaken:DivineGuidance","theForsaken:FountainOfLife"],"picked":"theForsaken:Prudence","floor":135},{"not_picked":["theForsaken:BountifulSunlight","theForsaken:SolarFlare+1","theForsaken:ChargeAttack+1"],"picked":"theForsaken:ShieldCharge+1","floor":136}],"player_experience":397184,"relics_obtained":[{"floor":7,"key":"hubris:OldNail"},{"floor":9,"key":"Shuriken"},{"floor":10,"key":"Odd Mushroom"},{"floor":12,"key":"Replay:Baseball"},{"floor":23,"key":"TungstenRod"},{"floor":25,"key":"Boot"},{"floor":26,"key":"Dota2Spire:MaskOfMadness"},{"floor":30,"key":"Replay:Wax Seal"},{"floor":42,"key":"infinitespire:Magic Flask"},{"floor":43,"key":"Replay:Bottled Snecko"},{"floor":45,"key":"ReplayTheSpireMod:Ninjato"},{"floor":57,"key":"Dota2Spire:MaskOfMadness"},{"floor":59,"key":"HornCleat"},{"floor":60,"key":"PreservedInsect"},{"floor":61,"key":"Boot"},{"floor":63,"key":"Replay:Mystery Machine"},{"floor":70,"key":"infinitespire:Satchel"},{"floor":76,"key":"hubris:CuriousFeather"},{"floor":77,"key":"Replay:Bottled Flurry"},{"floor":78,"key":"Question Card"},{"floor":89,"key":"DemoMod:ResourcefulSack"},{"floor":92,"key":"Pantograph"},{"floor":94,"key":"Nunchaku"},{"floor":96,"key":"Dota2Spire:EyeOfSkadi"},{"floor":97,"key":"jedi:firstaidkit"},{"floor":99,"key":"ReplayTheSpireMod:Lightbulb"},{"floor":102,"key":"Omamori"},{"floor":102,"key":"Garlic"},{"floor":106,"key":"DemoMod:BigBoy"},{"floor":111,"key":"DemoMod:WhiteGuonStone"},{"floor":112,"key":"Whetstone"},{"floor":115,"key":"hubris:OldNail"},{"floor":125,"key":"Replay:Accelerometer"},{"floor":126,"key":"Dota2Spire:Desolator"},{"floor":127,"key":"DemoMod:PinkGuonStone"},{"floor":128,"key":"Dota2Spire:PhaseBoots"},{"floor":129,"key":"hubris:Zylophone"}],"event_choices":[{"damage_healed":0,"gold_gain":0,"player_choice":"Grow","damage_taken":0,"max_hp_gain":0,"max_hp_loss":0,"event_name":"Living Wall","floor":5,"gold_loss":0,"cards_upgraded":["theForsaken:QuickAttack"]},{"damage_healed":0,"gold_gain":0,"player_choice":"Fought Mushrooms","damage_taken":0,"max_hp_gain":0,"max_hp_loss":0,"event_name":"Mushrooms","floor":10,"gold_loss":0},{"damage_healed":0,"gold_gain":0,"player_choice":"Shed Blood","damage_taken":21,"max_hp_gain":5,"max_hp_loss":0,"event_name":"Forgotten Altar","floor":28,"gold_loss":0},{"damage_healed":0,"gold_gain":0,"cards_transformed":["theForsaken:CorruptDeck"],"player_choice":"Transformed","damage_taken":0,"max_hp_gain":0,"max_hp_loss":0,"event_name":"Transmorgrifier","floor":38,"gold_loss":0,"cards_obtained":["theForsaken:SiphonStrike"]},{"damage_healed":0,"gold_gain":0,"player_choice":"Left Gold","damage_taken":0,"max_hp_gain":0,"max_hp_loss":0,"event_name":"World of Goop","floor":55,"gold_loss":41},{"damage_healed":42,"gold_gain":0,"player_choice":"Heal","damage_taken":0,"max_hp_gain":0,"max_hp_loss":0,"event_name":"The Library","floor":75,"gold_loss":0},{"cards_removed":["theForsaken:Preservation"],"damage_healed":0,"gold_gain":0,"player_choice":"Elegance","damage_taken":0,"max_hp_gain":0,"max_hp_loss":0,"event_name":"Back to Basics","floor":82,"gold_loss":0},{"damage_healed":0,"gold_gain":0,"player_choice":"1 cards matched","damage_taken":0,"max_hp_gain":0,"max_hp_loss":0,"event_name":"Match and Keep!","floor":105,"gold_loss":0,"cards_obtained":["theForsaken:FountainOfLife"]},{"damage_healed":0,"gold_gain":0,"player_choice":"","damage_taken":6,"max_hp_gain":0,"max_hp_loss":0,"event_name":"Knowing Skull","floor":121,"potions_obtained":[],"gold_loss":0,"cards_obtained":[]}],"is_beta":false,"boss_relics":[{"not_picked":["Painkiller Herb","hubris:Stopwatch"],"picked":"Dota2Spire:RefresherOrb"},{"not_picked":["Replay:Drink Me","hubris:HollowSoul"],"picked":"SlaversCollar"},{"not_picked":["SacredBark","jedi:hotpepper"],"picked":"theForsaken:ArmorOfThorns"},{"not_picked":["Honey Jar","hubris:CrackedHourglass"],"picked":"Empty Cage"},{"not_picked":["Runic Dome","hubris:BlackHole"],"picked":"jedi:paperlyon"},{"not_picked":["Abe\u0027s Treasure","hubris:Stopwatch"],"picked":"Calling Bell"},{"not_picked":["Snecko Eye","Philosopher\u0027s Stone"],"picked":"hubris:BlackHole"},{"not_picked":["SacredBark","hubris:Backtick"],"picked":"Tiny House"}],"items_purged_floors":[53],"is_endless":true,"potions_floor_spawned":[2,10,14,16,18,30,33,35,42,45,52,54,61,80,81,84,86,96,97,99,104,107,115,118,123,127,131,132,135],"ascension_level":1}}