{"host":"dlqyscxstsnu98l1","time":1613358702,"event":{"mods":["AchievementEnabler","BaseMod","Colored Map","Colored Powertips","GifTheSpireLib","Highlight Path","Minty Spire (QoL Compilation)","Random Character Button","SacredBarkPlus","StSLib","everything is the same but u backflip on backflip"],"gold_per_floor":[114,114,114,114,129,129,129,129,129,159,159,159,159,174,174,274,274,289,58,58,85,112,124,136,63,100,112,124,23,23,23,23,123,123,138,138,138,138,138,138,138,138,213,228,258,258,258,111,111,111],"floor_reached":51,"language":"ENG","playtime":1440,"items_purged":["Strike_R"],"score":686,"play_id":"380806aa-c7b2-4cce-9a26-4ea5a96e31cf","local_time":"20210214211142","daily_mods":["Heirloom","Flight","Night Terrors"],"is_ascension_mode":false,"campfire_choices":[{"data":"Combust","floor":6,"key":"SMITH"},{"data":"Shrug It Off","floor":7,"key":"SMITH"},{"data":"Bash","floor":8,"key":"SMITH"},{"data":"Wild Strike","floor":11,"key":"SMITH"},{"data":"Defend_R","floor":12,"key":"SMITH"},{"data":"Defend_R","floor":13,"key":"SMITH"},{"data":"Defend_R","floor":15,"key":"SMITH"},{"data":"Inflame","floor":23,"key":"SMITH"},{"data":"Juggernaut","floor":24,"key":"SMITH"},{"data":"Strike_R","floor":27,"key":"SMITH"},{"floor":30,"key":"REST"},{"data":"Inflame","floor":32,"key":"SMITH"},{"data":"Thinking Ahead","floor":40,"key":"SMITH"},{"data":"Discovery","floor":41,"key":"SMITH"},{"data":"Shrug It Off","floor":49,"key":"SMITH"}],"circlet_count":0,"master_deck":["Strike_R+1","Strike_R+1","Defend_R+1","Defend_R+1","Defend_R+1","Bash+1","Combust+1","Shrug It Off+1","Wild Strike+1","Juggernaut+1","Inflame+1","Headbutt+1","Inflame+1","Barricade","Mayhem","Discovery+1","Thinking Ahead+1","Evolve","Sword Boomerang+1","Shrug It Off+1","Good Instincts"],"relics":["Black Blood","Torii","Anchor","Orichalcum","Snecko Eye","Bronze Scales","MawBank","Letter Opener","Lantern","Enchiridion","Self Forming Clay","Smiling Mask"],"acts_visited":["Exordium","TheCity","TheBeyond"],"potions_floor_usage":[14,33,33],"damage_taken":[{"damage":7,"enemies":"2 Louse","floor":1,"turns":4},{"damage":0,"enemies":"Jaw Worm","floor":5,"turns":3},{"damage":27,"enemies":"Lagavulin","floor":10,"turns":6},{"damage":0,"enemies":"Cultist","floor":14,"turns":5},{"damage":35,"enemies":"Hexaghost","floor":16,"turns":11},{"damage":14,"enemies":"2 Thieves","floor":18,"turns":5},{"damage":8,"enemies":"Spheric Guardian","floor":21,"turns":4},{"damage":23,"enemies":"Cultist and Chosen","floor":22,"turns":7},{"damage":17,"enemies":"Champ","floor":33,"turns":8},{"damage":14,"enemies":"Orb Walker","floor":35,"turns":5},{"damage":0,"enemies":"3 Shapes","floor":44,"turns":5},{"damage":17,"enemies":"Nemesis","floor":45,"turns":5},{"damage":19,"enemies":"Time Eater","floor":50,"turns":10}],"seed_played":"5535013652570512859","potions_obtained":[{"floor":1,"key":"SpeedPotion"},{"floor":10,"key":"Regen Potion"},{"floor":16,"key":"HeartOfIron"},{"floor":22,"key":"AttackPotion"}],"is_trial":false,"path_per_floor":["M","?","$","?","M","R","R","R","T","E","R","R","R","M","R","B",null,"M","$","?","M","M","R","R","?","T","R","?","$","R","?","R","B",null,"M","?","?","?","$","R","R","?","T","M","E","?","$","$","R","B",null],"character_chosen":"IRONCLAD","items_purchased":["Bronze Scales","Inflame","Inflame","Shrug It Off","Good Instincts"],"campfire_rested":1,"item_purchase_floors":[19,19,29,48,48],"current_hp_per_floor":[79,63,63,63,69,69,69,69,69,48,48,48,48,66,66,37,80,72,72,72,70,53,53,53,53,53,53,37,37,75,75,75,64,75,73,73,71,61,61,61,61,61,61,71,66,66,66,66,66,59],"gold":111,"neow_bonus":"","is_daily":true,"chose_seed":false,"campfire_upgraded":14,"win_rate":0.0,"timestamp":1613358702,"path_taken":["M","?","?","?","M","R","R","R","T","E","R","R","R","M","R","BOSS","M","$","?","?","?","R","R","?","T","R","?","$","R","?","R","BOSS","M","?","?","?","$","R","R","?","T","?","E","?","$","$","R","BOSS"],"items_purchased_type":["Relic","Card","Card","Card","Card"],"build_version":"2020-12-22","purchased_purges":1,"victory":true,"max_hp_per_floor":[80,80,80,80,80,80,80,80,80,80,80,80,80,80,80,80,80,80,80,80,80,80,80,80,80,80,80,80,80,75,75,75,75,75,75,75,71,71,71,71,71,71,71,71,71,71,71,71,71,71],"card_choices":[{"not_picked":["Dark Embrace","Body Slam"],"picked":"Combust","floor":1},{"not_picked":["Sword Boomerang","Heavy Blade"],"picked":"Shrug It Off","floor":5},{"not_picked":["Anger","Flex"],"picked":"Wild Strike","floor":10},{"not_picked":["Clash","Sentinel","Pommel Strike"],"picked":"SKIP","floor":14},{"not_picked":["Demon Form","Exhume"],"picked":"Juggernaut","floor":16},{"not_picked":["Sword Boomerang","Blood for Blood+1","Warcry"],"picked":"SKIP","floor":18},{"not_picked":["Entrench","Reckless Charge","Body Slam"],"picked":"SKIP","floor":21},{"not_picked":["Dark Embrace","Iron Wave"],"picked":"Headbutt+1","floor":22},{"not_picked":["Immolate","Bludgeon"],"picked":"Barricade","floor":33},{"not_picked":["Metallicize+1","Heavy Blade+1","Havoc+1"],"picked":"SKIP","floor":35},{"not_picked":["Mind Blast","Metamorphosis"],"picked":"Mayhem","floor":38},{"not_picked":["Swift Strike","PanicButton"],"picked":"Discovery","floor":38},{"not_picked":["Chrysalis","PanicButton"],"picked":"Thinking Ahead","floor":38},{"not_picked":["Thunderclap","Pommel Strike+1"],"picked":"Evolve","floor":44},{"not_picked":["Havoc+1","Rage"],"picked":"Sword Boomerang+1","floor":45}],"player_experience":211289,"relics_obtained":[{"floor":9,"key":"Anchor"},{"floor":10,"key":"Orichalcum"},{"floor":20,"key":"MawBank"},{"floor":26,"key":"Lantern"},{"floor":28,"key":"Enchiridion"},{"floor":43,"key":"Self Forming Clay"},{"floor":45,"key":"Smiling Mask"}],"event_choices":[{"damage_healed":0,"gold_gain":0,"player_choice":"Entered Light","damage_taken":16,"max_hp_gain":0,"max_hp_loss":0,"event_name":"Shining Light","floor":2,"gold_loss":0,"cards_upgraded":["Strike_R","Defend_R"]},{"damage_healed":0,"gold_gain":0,"player_choice":"Ignored","damage_taken":0,"max_hp_gain":0,"max_hp_loss":0,"event_name":"Golden Wing","floor":4,"gold_loss":0},{"damage_healed":0,"gold_gain":0,"player_choice":"Relic","damage_taken":0,"max_hp_gain":0,"max_hp_loss":0,"event_name":"Wheel of Change","floor":20,"gold_loss":0},{"damage_healed":0,"gold_gain":0,"player_choice":"Obtained Relic","damage_taken":0,"relics_obtained":["Letter Opener"],"max_hp_gain":0,"max_hp_loss":0,"event_name":"Addict","floor":25,"gold_loss":85},{"damage_healed":0,"gold_gain":0,"player_choice":"Obtained Book","damage_taken":16,"max_hp_gain":0,"max_hp_loss":0,"event_name":"Cursed Tome","floor":28,"gold_loss":0},{"cards_removed":["Strike_R"],"damage_healed":0,"gold_gain":0,"player_choice":"Elegance","damage_taken":0,"max_hp_gain":0,"max_hp_loss":0,"event_name":"Back to Basics","floor":31,"gold_loss":0},{"cards_removed":["Defend_R"],"damage_healed":0,"gold_gain":0,"player_choice":"Removed Skill","damage_taken":0,"max_hp_gain":0,"max_hp_loss":0,"event_name":"Falling","floor":36,"gold_loss":0},{"damage_healed":0,"gold_gain":0,"player_choice":"Max HP","damage_taken":0,"max_hp_gain":0,"max_hp_loss":4,"event_name":"Winding Halls","floor":37,"gold_loss":0},{"damage_healed":0,"gold_gain":0,"player_choice":"Memory 3","damage_taken":10,"max_hp_gain":0,"max_hp_loss":0,"event_name":"SensoryStone","floor":38,"gold_loss":0},{"cards_removed":["Strike_R"],"damage_healed":0,"gold_gain":0,"player_choice":"Purged","damage_taken":0,"max_hp_gain":0,"max_hp_loss":0,"event_name":"Purifier","floor":42,"gold_loss":0},{"damage_healed":0,"gold_gain":0,"player_choice":"0 cards matched","damage_taken":0,"max_hp_gain":0,"max_hp_loss":0,"event_name":"Match and Keep!","floor":46,"gold_loss":0,"cards_obtained":[]}],"is_beta":false,"boss_relics":[{"not_picked":["Empty Cage","Coffee Dripper"],"picked":"Snecko Eye"},{"not_picked":["Runic Cube","Velvet Choker"],"picked":"Black Blood"}],"items_purged_floors":[29],"is_endless":false,"potions_floor_spawned":[1,10,16,22],"ascension_level":0}}