{"host":"z0sm6cbbcyf421l3","time":1613430451,"event":{"mods":["AchievementEnabler","BaseMod","Card Forge","Minty Spire (QoL Compilation)","Shop Mod","StSLib"],"gold_per_floor":[114,114,129,129,129,159,159,174,199,241,268,310,322,334,346,458,470,497,109,109,109,109,139,139,139,214,244,244,4,4,34,34,134,134,149,149,149,149,29,59,80,80,105,105,135,0,15,45,45,45],"floor_reached":51,"language":"ENG","playtime":1798,"items_purged":[],"score":1249,"play_id":"d1be08b4-575a-42ad-8637-ad994775db82","local_time":"20210215180731","daily_mods":["Heirloom","Flight","Night Terrors"],"is_ascension_mode":false,"campfire_choices":[{"floor":13,"key":"REST"},{"data":"Searing Blow+1","floor":15,"key":"SMITH"},{"data":"RitualDagger","floor":24,"key":"SMITH"}],"circlet_count":0,"master_deck":["Pommel Strike+1","Flex+1","Body Slam+1","Infernal Blade+1","Warcry+1","Shrug It Off+1","Impervious+1","Entrench+1","Finesse+1","RitualDagger+1"],"relics":["Black Blood","Hammer of Thor","Seething Fire","Anvil of the Gods","Torii","Anchor","Orichalcum","MawBank","Lantern","Letter Opener","Coffee Dripper","Matryoshka","HandDrill","Enchiridion","Smiling Mask","War Paint","MutagenicStrength","Juzu Bracelet","Self Forming Clay","Omamori","The Courier","Whetstone","Calipers","Unceasing Top","CaptainsWheel","Lee\u0027s Waffle","Champion Belt","StoneCalendar","Dream Catcher","Regal Pillow","Red Mask","White Beast Statue"],"acts_visited":["Exordium","TheCity","TheBeyond"],"potions_floor_usage":[],"damage_taken":[{"damage":1,"enemies":"2 Louse","floor":1,"turns":2},{"damage":1,"enemies":"Jaw Worm","floor":3,"turns":2},{"damage":28,"enemies":"Lagavulin","floor":6,"turns":4},{"damage":0,"enemies":"Cultist","floor":8,"turns":2},{"damage":32,"enemies":"3 Sentries","floor":10,"turns":10},{"damage":0,"enemies":"Gremlin Gang","floor":11,"turns":2},{"damage":0,"enemies":"Lagavulin","floor":12,"turns":1},{"damage":21,"enemies":"Hexaghost","floor":16,"turns":6},{"damage":0,"enemies":"2 Thieves","floor":18,"turns":1},{"damage":7,"enemies":"Book of Stabbing","floor":23,"turns":3},{"damage":0,"enemies":"Slavers","floor":27,"turns":2},{"damage":0,"enemies":"Book of Stabbing","floor":31,"turns":1},{"damage":0,"enemies":"Champ","floor":33,"turns":3},{"damage":0,"enemies":"Orb Walker","floor":35,"turns":1},{"damage":0,"enemies":"Nemesis","floor":40,"turns":1},{"damage":0,"enemies":"2 Orb Walkers","floor":41,"turns":2},{"damage":1,"enemies":"Reptomancer","floor":45,"turns":2},{"damage":0,"enemies":"3 Shapes","floor":47,"turns":2},{"damage":0,"enemies":"Nemesis","floor":48,"turns":2},{"damage":2,"enemies":"Time Eater","floor":50,"turns":3}],"seed_played":"5535013652570512859","potions_obtained":[{"floor":1,"key":"SpeedPotion"},{"floor":3,"key":"SmokeBomb"},{"floor":8,"key":"LiquidBronze"},{"floor":11,"key":"EntropicBrew"},{"floor":23,"key":"DuplicationPotion"},{"floor":47,"key":"Explosive Potion"}],"is_trial":false,"path_per_floor":["M","?","M","$","?","E","T","M","T","E","M","E","R","?","R","B",null,"M","$","?","?","?","E","R","?","T","E","T","$","?","E","R","B",null,"M","?","?","?","$","E","?","$","T","?","E","?","M","E","R","B",null],"character_chosen":"IRONCLAD","items_purchased":["Matryoshka","HandDrill","Calipers","Lee\u0027s Waffle"],"campfire_rested":1,"item_purchase_floors":[19,19,29,39],"current_hp_per_floor":[80,80,80,80,80,58,58,64,64,38,44,50,75,80,80,65,80,80,80,64,64,49,48,48,48,48,54,54,54,54,60,60,66,85,85,81,81,81,88,88,88,88,88,88,88,88,88,88,88,88],"gold":45,"neow_bonus":"","is_daily":true,"chose_seed":false,"campfire_upgraded":2,"win_rate":0.0,"timestamp":1613430451,"path_taken":["M","?","M","?","?","E","?","?","T","E","?","E","R","?","R","BOSS","M","$","?","?","?","E","R","?","T","E","?","$","?","E","R","BOSS","M","?","?","?","$","E","?","?","T","?","E","?","M","E","R","BOSS"],"items_purchased_type":["Relic","Relic","Relic","Relic"],"build_version":"2020-12-22","purchased_purges":0,"victory":true,"max_hp_per_floor":[80,80,80,80,80,80,80,80,80,80,80,80,75,80,80,80,80,80,80,80,80,85,85,85,85,85,85,85,85,85,85,85,85,85,85,81,81,81,88,88,88,88,88,88,88,88,88,88,88,88],"card_choices":[{"not_picked":["Dark Embrace","Combust"],"picked":"Body Slam","floor":1},{"not_picked":["Disarm","Dual Wield","Clothesline"],"picked":"SKIP","floor":3},{"not_picked":["Bloodletting","Anger","Wild Strike"],"picked":"SKIP","floor":6},{"not_picked":["Ghostly Armor","Perfected Strike","Dark Embrace"],"picked":"SKIP","floor":8},{"not_picked":["Impervious","Clothesline","True Grit"],"picked":"SKIP","floor":10},{"not_picked":["Warcry","Armaments","Flame Barrier"],"picked":"SKIP","floor":11},{"not_picked":["Dark Embrace","Dual Wield","Metallicize"],"picked":"SKIP","floor":12},{"not_picked":["Sword Boomerang","Blood for Blood+1","Warcry"],"picked":"SKIP","floor":18},{"not_picked":["Entrench","Reckless Charge","Body Slam"],"picked":"SKIP","floor":23},{"not_picked":["Dark Embrace","Iron Wave","Headbutt+1"],"picked":"SKIP","floor":27},{"not_picked":["Sentinel","Cleave+1","Armaments"],"picked":"SKIP","floor":31},{"not_picked":["Metallicize+1","Heavy Blade+1","Havoc+1"],"picked":"SKIP","floor":35},{"not_picked":["Flame Barrier+1","Warcry+1","Havoc+1"],"picked":"SKIP","floor":40},{"not_picked":["Body Slam+1","Cleave+1","Shrug It Off+1"],"picked":"SKIP","floor":45},{"not_picked":["Wild Strike","Sword Boomerang+1","Seeing Red+1"],"picked":"SKIP","floor":47},{"not_picked":["Hemokinesis","Warcry","Armaments"],"picked":"SKIP","floor":48}],"player_experience":58623,"relics_obtained":[{"floor":6,"key":"Anchor"},{"floor":7,"key":"Orichalcum"},{"floor":9,"key":"MawBank"},{"floor":10,"key":"Lantern"},{"floor":12,"key":"Letter Opener"},{"floor":20,"key":"Enchiridion"},{"floor":23,"key":"War Paint"},{"floor":26,"key":"Juzu Bracelet"},{"floor":26,"key":"Self Forming Clay"},{"floor":27,"key":"Omamori"},{"floor":28,"key":"The Courier"},{"floor":28,"key":"Whetstone"},{"floor":31,"key":"Unceasing Top"},{"floor":40,"key":"Champion Belt"},{"floor":41,"key":"StoneCalendar"},{"floor":43,"key":"Dream Catcher"},{"floor":45,"key":"Regal Pillow"},{"floor":48,"key":"White Beast Statue"}],"event_choices":[{"damage_healed":0,"gold_gain":0,"player_choice":"Ignored","damage_taken":0,"max_hp_gain":0,"max_hp_loss":0,"event_name":"Shining Light","floor":2,"gold_loss":0},{"damage_healed":0,"gold_gain":0,"player_choice":"Ignored","damage_taken":0,"max_hp_gain":0,"max_hp_loss":0,"event_name":"Golden Wing","floor":5,"gold_loss":0},{"damage_healed":0,"gold_gain":0,"player_choice":"Donut","damage_taken":0,"max_hp_gain":5,"max_hp_loss":0,"event_name":"Big Fish","floor":14,"gold_loss":0},{"damage_healed":0,"gold_gain":0,"player_choice":"Obtained Book","damage_taken":16,"max_hp_gain":0,"max_hp_loss":0,"event_name":"Cursed Tome","floor":20,"gold_loss":0},{"damage_healed":0,"gold_gain":0,"player_choice":"Opened","damage_taken":0,"relics_obtained":["Smiling Mask"],"max_hp_gain":0,"max_hp_loss":0,"event_name":"The Mausoleum","floor":21,"gold_loss":0},{"damage_healed":0,"gold_gain":0,"player_choice":"Shed Blood","damage_taken":20,"max_hp_gain":5,"max_hp_loss":0,"event_name":"Forgotten Altar","floor":22,"gold_loss":0},{"damage_healed":0,"gold_gain":0,"player_choice":"Inject Mutagens","damage_taken":0,"relics_obtained":["MutagenicStrength"],"max_hp_gain":0,"max_hp_loss":0,"event_name":"Drug Dealer","floor":25,"gold_loss":0},{"cards_removed":["Searing Blow"],"damage_healed":0,"gold_gain":0,"player_choice":"Purged","damage_taken":0,"max_hp_gain":0,"max_hp_loss":0,"event_name":"Purifier","floor":30,"gold_loss":0},{"damage_healed":0,"gold_gain":0,"player_choice":"Max HP","damage_taken":0,"max_hp_gain":0,"max_hp_loss":4,"event_name":"Winding Halls","floor":36,"gold_loss":0},{"damage_healed":0,"gold_gain":0,"player_choice":"Gave Potion","damage_taken":0,"relics_obtained":["CaptainsWheel"],"max_hp_gain":0,"max_hp_loss":0,"event_name":"WeMeetAgain","floor":37,"gold_loss":0},{"damage_healed":0,"gold_gain":0,"player_choice":"Memory 1","damage_taken":0,"max_hp_gain":0,"max_hp_loss":0,"event_name":"SensoryStone","floor":38,"gold_loss":0},{"damage_healed":0,"gold_gain":0,"player_choice":"Fight","damage_taken":0,"max_hp_gain":0,"max_hp_loss":0,"event_name":"Mysterious Sphere","floor":41,"gold_loss":0},{"cards_removed":["Flash of Steel"],"damage_healed":0,"gold_gain":0,"player_choice":"Removed Attack","damage_taken":0,"max_hp_gain":0,"max_hp_loss":0,"event_name":"Falling","floor":44,"gold_loss":0},{"damage_healed":0,"gold_gain":0,"player_choice":"Paid","damage_taken":0,"relics_obtained":["Red Mask"],"max_hp_gain":0,"max_hp_loss":0,"event_name":"Tomb of Lord Red Mask","floor":46,"gold_loss":135}],"is_beta":false,"boss_relics":[{"not_picked":["Snecko Eye","Empty Cage"],"picked":"Coffee Dripper"},{"not_picked":["Runic Cube","Velvet Choker"],"picked":"Black Blood"}],"items_purged_floors":[],"is_endless":false,"potions_floor_spawned":[1,3,8,11,16,23,27,31,35,47,48],"ascension_level":0}}