{"host":"vlqej45p0v31lhdi","time":1613424411,"event":{"mods":["AchievementEnabler","BaseMod","Bestiary","Colored Powertips","Minty Spire (QoL Compilation)","Relic Stats"],"gold_per_floor":[117,137,148,6,24,24,37,37,37,37,50,67,102,17,17,115,115,132,150,169,0,77,77,111,111,111],"floor_reached":25,"language":"ENG","playtime":1161,"items_purged":[],"score":385,"play_id":"f1031793-5294-40b4-8fb7-d246b394106e","local_time":"20210215152651","is_ascension_mode":true,"campfire_choices":[{"floor":6.0,"key":"REST"},{"data":"Aggregate","floor":8.0,"key":"SMITH"},{"floor":10.0,"key":"REST"},{"floor":15.0,"key":"REST"},{"floor":23,"key":"REST"}],"circlet_count":0,"master_deck":["Strike_B","Strike_B","Strike_B","Strike_B","Defend_B","Defend_B","Defend_B","Defend_B","Zap","Dualcast","Streamline","Echo Form","Consume","Genetic Algorithm","Loop","Aggregate+1","Ball Lightning","Cold Snap","Defragment","Turbo","Capacitor","Electrodynamics","Coolheaded","Amplify","Coolheaded","Reinforced Body"],"relics":["Cracked Core","Unceasing Top","Mummified Hand","Bottled Flame","Nuclear Battery","The Courier"],"acts_visited":["Exordium","TheCity"],"potions_floor_usage":[20,20,25],"damage_taken":[{"damage":10.0,"enemies":"Small Slimes","floor":1.0,"turns":3.0},{"damage":2.0,"enemies":"Jaw Worm","floor":2.0,"turns":3.0},{"damage":6.0,"enemies":"Cultist","floor":3.0,"turns":3.0},{"damage":29.0,"enemies":"Exordium Thugs","floor":5.0,"turns":6.0},{"damage":0.0,"enemies":"Exordium Wildlife","floor":7.0,"turns":4.0},{"damage":18.0,"enemies":"3 Louse","floor":11.0,"turns":3.0},{"damage":9.0,"enemies":"Red Slaver","floor":12.0,"turns":4.0},{"damage":20.0,"enemies":"Lagavulin","floor":13.0,"turns":4.0},{"damage":0.0,"enemies":"Slime Boss","floor":16.0,"turns":7.0},{"damage":19.0,"enemies":"2 Thieves","floor":18.0,"turns":4.0},{"damage":32.0,"enemies":"Shell Parasite","floor":19.0,"turns":5.0},{"damage":13,"enemies":"Sentry and Sphere","floor":20,"turns":5},{"damage":22,"enemies":"Slavers","floor":24,"turns":6},{"damage":7,"enemies":"Centurion and Healer","floor":25,"turns":1}],"seed_played":"-8757558027162504628","potions_obtained":[{"floor":3.0,"key":"EntropicBrew"},{"floor":5.0,"key":"Fruit Juice"},{"floor":12.0,"key":"AttackPotion"},{"floor":13.0,"key":"FocusPotion"},{"floor":16.0,"key":"PotionOfCapacity"},{"floor":19.0,"key":"DuplicationPotion"},{"floor":24,"key":"Explosive Potion"}],"is_trial":false,"path_per_floor":["M","M","M","$","M","R","M","R","T","R","M","M","E","$","R","B",null,"M","M","M","?","T","R","E","M"],"character_chosen":"DEFECT","items_purchased":["Genetic Algorithm","Loop","Capacitor","FocusPotion"],"campfire_rested":4,"item_purchase_floors":[4,4,14,14],"current_hp_per_floor":[40,38,32,32,3,32,32,32,32,56,38,29,9,9,33,33,68,49,17,4,4,4,28,6,0,0],"gold":111,"neow_bonus":"ONE_RARE_RELIC","is_daily":false,"chose_seed":false,"campfire_upgraded":1,"win_rate":0.0,"timestamp":1613424411,"path_taken":["M","M","M","$","M","R","M","R","T","R","M","M","E","$","R","BOSS","M","M","M","?","?","R","E","M"],"items_purchased_type":["Card","Card","Card","Potion"],"build_version":"2020-12-22","purchased_purges":0,"victory":false,"max_hp_per_floor":[75,75,75,75,75,80,80,80,80,80,80,80,80,80,80,80,80,80,80,80,80,80,80,80,80,80],"relic_stats":{"counters":[14,58],"Mummified Hand":[39],"obtain_stats":[{"Bottled Flame":13,"Mummified Hand":9,"The Courier":24,"Cracked Core":0,"Unceasing Top":0,"Nuclear Battery":17},{"Bottled Flame":8,"Mummified Hand":5,"The Courier":13,"Cracked Core":0,"Unceasing Top":0,"Nuclear Battery":9},{"Bottled Flame":30,"Mummified Hand":19,"The Courier":57,"Cracked Core":0,"Unceasing Top":0,"Nuclear Battery":37}],"Unceasing Top":[15]},"card_choices":[{"not_picked":["Barrage","Beam Cell"],"picked":"Streamline","floor":1.0},{"not_picked":["Go for the Eyes","Steam"],"picked":"Echo Form","floor":2.0},{"not_picked":["Beam Cell","Coolheaded"],"picked":"Consume","floor":3.0},{"not_picked":["Compile Driver","Redo"],"picked":"Aggregate","floor":5.0},{"not_picked":["Gash","Multi-Cast"],"picked":"Ball Lightning","floor":7.0},{"not_picked":["Compile Driver","Stack"],"picked":"Cold Snap","floor":11.0},{"not_picked":["Leap","Undo"],"picked":"Defragment","floor":12.0},{"not_picked":["Hologram","Reprogram"],"picked":"Turbo","floor":13.0},{"not_picked":["Multi-Cast","Creative AI"],"picked":"Electrodynamics","floor":16.0},{"not_picked":["Rip and Tear+1","Streamline+1"],"picked":"Coolheaded","floor":18.0},{"not_picked":["Barrage","Chaos+1"],"picked":"Amplify","floor":19.0},{"not_picked":["Recycle+1","Barrage+1"],"picked":"Coolheaded","floor":20},{"not_picked":["Scrape","Coolheaded"],"picked":"Reinforced Body","floor":24}],"player_experience":2908976,"relics_obtained":[{"floor":9.0,"key":"Mummified Hand"},{"floor":13.0,"key":"Bottled Flame"},{"floor":24,"key":"The Courier"}],"event_choices":[{"damage_healed":0,"gold_gain":0,"player_choice":"Paid Fearfully","damage_taken":0,"max_hp_gain":0,"max_hp_loss":0,"event_name":"Masked Bandits","floor":21,"gold_loss":169}],"is_beta":false,"boss_relics":[{"not_picked":["Calling Bell","FrozenCore"],"picked":"Nuclear Battery"}],"items_purged_floors":[],"is_endless":false,"potions_floor_spawned":[3,5,12,13,16,19,24],"killed_by":"Centurion and Healer","ascension_level":8}}