{"host":"tf5skwcwe0vlu2md","time":1613388291,"event":{"mods":["BaseMod","Downfall","Highlight Path","Minty Spire (QoL Compilation)","Quick Restart","StSLib","The Hierophant"],"gold_per_floor":[119,136,153,153,165,197,197,222,222,222,252,252,3,24,24,124,124,142,142,57,57,57,88,15,15,15,15,15,15,30,63,63,167,167,181,231,191,191,88,88,114,128,128,70,70,101,118,145,145,145,145,145,27,55,55],"floor_reached":56,"playtime":3918,"items_purged":["Riddle With Holes"],"score":1514,"play_id":"c312f133-a166-41f3-a431-4b83216be353","local_time":"20210215222451","is_ascension_mode":true,"campfire_choices":[{"floor":10,"key":"REST"},{"data":"Accuracy","floor":15,"key":"SMITH"},{"floor":25,"key":"REST"},{"data":"Choke","floor":27,"key":"SMITH"},{"data":"Blade Dance","floor":29,"key":"SMITH"},{"data":"Storm of Steel","floor":32,"key":"SMITH"},{"floor":40,"key":"RECALL"},{"data":"Backstab","floor":45,"key":"SMITH"},{"data":"Storm of Steel","floor":49,"key":"SMITH"},{"data":"A Thousand Cuts","floor":52,"key":"SMITH"}],"circlet_count":0,"master_deck":["Strike_G","Strike_G","Strike_G+1","Strike_G+1","Defend_G+1","Defend_G","Defend_G","Defend_G","Survivor","Neutralize","Blade Dance+1","Masterful Stab+1","Choke+1","Choke+1","Flying Knee","Accuracy+1","Storm of Steel+1","Calculated Gamble","Accuracy+1","Slice","Masterful Stab","Cloak And Dagger","Flying Knee+1","Unload","A Thousand Cuts+1","Acrobatics+1","Backstab+1","Thinking Ahead","Blade Dance","Backstab+1","Cloak And Dagger","Die Die Die","Terror+1","Storm of Steel+1","Backflip+1"],"relics":["Ring of the Snake","Anchor","Juzu Bracelet","Paper Crane","InkBottle","Mummified Hand","Meat on the Bone","Odd Mushroom","Empty Cage","Art of War","The Courier","Centennial Puzzle","Ornamental Fan","Kunai","Black Star","Dead Branch","Dream Catcher","Mango","Sundial","Bag of Marbles","Whetstone","Pen Nib","Nunchaku","Shuriken","Oddly Smooth Stone"],"acts_visited":["Exordium","TheCity","TheBeyond","TheEnding"],"potions_floor_usage":[6,11,14,23,31,47,48,55],"damage_taken":[{"damage":0,"enemies":"Small Slimes","floor":1,"turns":4},{"damage":0,"enemies":"Jaw Worm","floor":2,"turns":3},{"damage":0,"enemies":"2 Louse","floor":3,"turns":2},{"damage":0,"enemies":"Looter","floor":5,"turns":3},{"damage":23,"enemies":"Gremlin Nob","floor":6,"turns":4},{"damage":21,"enemies":"3 Sentries","floor":8,"turns":8},{"damage":16,"enemies":"Gremlin Nob","floor":11,"turns":3},{"damage":0,"enemies":"The Mushroom Lair","floor":14,"turns":3},{"damage":27,"enemies":"Hexaghost","floor":16,"turns":10},{"damage":21,"enemies":"3 Byrds","floor":18,"turns":6},{"damage":56,"enemies":"Book of Stabbing","floor":23,"turns":6},{"damage":0,"enemies":"Spheric Guardian","floor":30,"turns":2},{"damage":16,"enemies":"Slavers","floor":31,"turns":3},{"damage":38,"enemies":"Champ","floor":33,"turns":10},{"damage":17,"enemies":"Orb Walker","floor":35,"turns":3},{"damage":0,"enemies":"Mind Bloom Boss Battle","floor":36,"turns":4},{"damage":14,"enemies":"Nemesis","floor":41,"turns":7},{"damage":20,"enemies":"3 Shapes","floor":42,"turns":2},{"damage":0,"enemies":"Giant Head","floor":46,"turns":6},{"damage":0,"enemies":"Transient","floor":47,"turns":5},{"damage":0,"enemies":"Nemesis","floor":48,"turns":3},{"damage":37,"enemies":"Donu and Deca","floor":50,"turns":10},{"damage":0,"enemies":"Shield and Spear","floor":54,"turns":3},{"damage":29,"enemies":"The Heart","floor":55,"turns":5}],"seed_played":"1863535077131713031","potions_obtained":[{"floor":1,"key":"Ancient Potion"},{"floor":3,"key":"Energy Potion"},{"floor":8,"key":"LiquidMemories"},{"floor":11,"key":"CunningPotion"},{"floor":16,"key":"Swift Potion"},{"floor":23,"key":"Fire Potion"},{"floor":41,"key":"DistilledChaos"},{"floor":42,"key":"Ancient Potion"},{"floor":46,"key":"Fire Potion"},{"floor":47,"key":"Ancient Potion"},{"floor":54,"key":"Explosive Potion"}],"is_trial":false,"path_per_floor":["M","M","M","?","M","E","?","E","T","R","E","?","$","?","R","B",null,"M","?","?","?","?","E","$","R","T","R","$","R","M","E","R","B",null,"M","?","?","?","$","R","E","M","T","$","R","E","M","E","R","B",null,"R","$","E","B",null],"character_chosen":"THE_SILENT","items_purchased":["Meat on the Bone","Masterful Stab","Cloak And Dagger","Blade Dance","Die Die Die","Nunchaku"],"campfire_rested":2,"item_purchase_floors":[13,24,24,39,44,53],"current_hp_per_floor":[77,77,77,62,62,39,44,23,23,47,31,28,28,40,40,25,82,61,61,61,61,61,17,17,41,41,41,41,41,53,49,49,23,82,65,65,65,65,65,65,65,57,57,57,57,57,57,57,57,32,96,96,96,96,67],"gold":55,"neow_bonus":"TEN_PERCENT_HP_BONUS","is_daily":false,"chose_seed":false,"campfire_upgraded":7,"win_rate":0.0,"timestamp":1613388291,"path_taken":["M","M","M","?","M","E","?","E","T","R","E","?","$","?","R","BOSS","M","?","?","?","?","E","$","R","T","R","?","R","M","E","R","BOSS","M","?","?","?","$","R","E","M","T","$","R","E","M","E","R","BOSS","R","$","E","BOSS"],"items_purchased_type":["Relic","Card","Card","Card","Card","Relic"],"build_version":"2020-12-13","purchased_purges":1,"victory":true,"max_hp_per_floor":[77,77,77,77,77,77,82,82,82,82,82,82,82,82,82,82,82,82,82,82,82,82,82,82,82,82,82,82,82,82,82,82,82,82,82,82,82,82,82,82,96,96,96,96,96,96,96,96,96,96,96,96,96,96,96],"card_choices":[{"not_picked":["Finisher","Backflip"],"picked":"Blade Dance","floor":1},{"not_picked":["Dash","Well Laid Plans"],"picked":"Riddle With Holes","floor":2},{"not_picked":["Blur","Bouncing Flask","Acrobatics"],"picked":"SKIP","floor":3},{"not_picked":["Underhanded Strike","Dagger Throw"],"picked":"Masterful Stab","floor":5},{"not_picked":["Dash","Cloak And Dagger"],"picked":"Choke","floor":6},{"not_picked":["Escape Plan","Outmaneuver"],"picked":"Choke","floor":8},{"not_picked":["Dagger Spray","Backflip"],"picked":"Flying Knee","floor":11},{"not_picked":["Blur","Catalyst"],"picked":"Accuracy","floor":14},{"not_picked":["Die Die Die","Malaise"],"picked":"Storm of Steel","floor":16},{"not_picked":["Crippling Poison","Sucker Punch"],"picked":"Calculated Gamble","floor":18},{"not_picked":["Dagger Throw","Dodge and Roll"],"picked":"Slice","floor":23},{"not_picked":["Sucker Punch+1","Setup"],"picked":"Flying Knee+1","floor":30},{"not_picked":["Deflect","Outmaneuver"],"picked":"Unload","floor":31},{"not_picked":["Glass Knife","Tools of the Trade"],"picked":"A Thousand Cuts","floor":33},{"not_picked":["Flying Knee+1","Well Laid Plans"],"picked":"Acrobatics+1","floor":35},{"not_picked":["Footwork","Cloak And Dagger"],"picked":"Backstab+1","floor":36},{"not_picked":["The Bomb","Good Instincts"],"picked":"Thinking Ahead","floor":38},{"not_picked":["Quick Slash","Footwork"],"picked":"Backstab","floor":41},{"not_picked":["Outmaneuver","Bane+1"],"picked":"Cloak And Dagger","floor":42},{"not_picked":["Dagger Spray+1","Choke","Setup"],"picked":"SKIP","floor":46},{"not_picked":["Outmaneuver+1","Heel Hook+1"],"picked":"Terror+1","floor":47},{"not_picked":["PiercingWail","Acrobatics"],"picked":"Storm of Steel","floor":48},{"not_picked":["Choke","Finisher+1"],"picked":"Backflip+1","floor":54}],"player_experience":243491,"relics_obtained":[{"floor":6,"key":"Anchor"},{"floor":8,"key":"Juzu Bracelet"},{"floor":9,"key":"Paper Crane"},{"floor":11,"key":"InkBottle"},{"floor":14,"key":"Odd Mushroom"},{"floor":23,"key":"Centennial Puzzle"},{"floor":26,"key":"Ornamental Fan"},{"floor":31,"key":"Kunai"},{"floor":36,"key":"Dead Branch"},{"floor":41,"key":"Dream Catcher"},{"floor":41,"key":"Mango"},{"floor":46,"key":"Sundial"},{"floor":46,"key":"Bag of Marbles"},{"floor":48,"key":"Whetstone"},{"floor":48,"key":"Pen Nib"},{"floor":54,"key":"Shuriken"},{"floor":54,"key":"Oddly Smooth Stone"}],"event_choices":[{"damage_healed":0,"gold_gain":0,"player_choice":"Entered Light","damage_taken":15,"max_hp_gain":0,"max_hp_loss":0,"event_name":"Shining Light","floor":4,"gold_loss":0,"cards_upgraded":["Strike_G","Defend_G"]},{"damage_healed":0,"gold_gain":0,"player_choice":"Donut","damage_taken":0,"max_hp_gain":5,"max_hp_loss":0,"event_name":"Big Fish","floor":7,"gold_loss":0},{"damage_healed":0,"gold_gain":0,"player_choice":"Success","damage_taken":3,"relics_obtained":["Mummified Hand"],"max_hp_gain":0,"max_hp_loss":0,"event_name":"Scrap Ooze","floor":12,"gold_loss":0},{"damage_healed":0,"gold_gain":0,"player_choice":"Fought Mushrooms","damage_taken":0,"max_hp_gain":0,"max_hp_loss":0,"event_name":"Mushrooms","floor":14,"gold_loss":0},{"damage_healed":0,"gold_gain":0,"player_choice":"Read","damage_taken":0,"max_hp_gain":0,"max_hp_loss":0,"event_name":"The Library","floor":19,"gold_loss":0,"cards_obtained":["Accuracy"]},{"damage_healed":0,"gold_gain":0,"player_choice":"Obtained Relic","damage_taken":0,"relics_obtained":["Art of War"],"max_hp_gain":0,"max_hp_loss":0,"event_name":"Addict","floor":20,"gold_loss":85},{"damage_healed":0,"gold_gain":0,"player_choice":"Ignored","damage_taken":0,"max_hp_gain":0,"max_hp_loss":0,"event_name":"Ghosts","floor":21,"gold_loss":0},{"damage_healed":0,"gold_gain":0,"player_choice":"Opened","damage_taken":0,"relics_obtained":["The Courier"],"max_hp_gain":0,"max_hp_loss":0,"event_name":"The Mausoleum","floor":22,"gold_loss":0},{"damage_healed":0,"gold_gain":0,"player_choice":"Fight","damage_taken":0,"max_hp_gain":0,"max_hp_loss":0,"event_name":"MindBloom","floor":36,"gold_loss":0},{"damage_healed":0,"gold_gain":0,"player_choice":"Upgraded Two","damage_taken":0,"max_hp_gain":0,"max_hp_loss":0,"event_name":"Designer","floor":37,"gold_loss":40,"cards_upgraded":["Strike_G","Accuracy"]},{"damage_healed":0,"gold_gain":0,"player_choice":"Memory 1","damage_taken":0,"max_hp_gain":0,"max_hp_loss":0,"event_name":"SensoryStone","floor":38,"gold_loss":0}],"is_beta":false,"boss_relics":[{"not_picked":["Sozu","Cursed Key"],"picked":"Empty Cage"},{"not_picked":["Busted Crown","Runic Dome"],"picked":"Black Star"}],"items_purged_floors":[39],"is_endless":false,"potions_floor_spawned":[1,3,8,11,16,23,41,42,46,47,54],"ascension_level":2}}