{"host":"iml8x8es9od4zowg","time":1613398462,"event":{"mods":["2.2 Compatiblity","BaseMod","Minty Spire (QoL Compilation)","StSLib","Td1madao Mod","The Jungle","¡¼?Úª?ø«¡½REMEMod"],"gold_per_floor":[113,113,73,89,89,89,89,89,159,159,203,237,237,251,251,371,434,454,454,454,495,104,104,104,142,216,216,256,299,299,312,312,433,433,446,143,164,39,55,96,96,96,170,170,170,170,208,249,249,249,249,249,36,72,72],"floor_reached":56,"language":"KOR","playtime":3579,"items_purged":["PanicButton","Floating Swing Kick","Provocative","Machining"],"score":1570,"play_id":"6fd9458f-560c-4db6-a648-6a0a2a5f514e","local_time":"20210215231422","daily_mods":["Draft","Allstar","Colorless Cards","Heirloom","Flight","DeadlyEvents","Elite Swarm"],"is_ascension_mode":true,"campfire_choices":[{"data":"Pain","floor":6,"key":"PURGE"},{"data":"Injury","floor":7,"key":"PURGE"},{"data":"Shockwave Tdmadao","floor":8,"key":"SMITH"},{"data":"Defend System","floor":10,"key":"SMITH"},{"data":"Panache","floor":13,"key":"SMITH"},{"floor":15,"key":"RECALL"},{"data":"Lunge","floor":23,"key":"SMITH"},{"data":"Transfer Energy","floor":24,"key":"SMITH"},{"data":"Floating Swing Kick","floor":27,"key":"PURGE"},{"data":"REME_MagicPocketWatch","floor":30,"key":"PURGE"},{"data":"Preloading","floor":32,"key":"PURGE"},{"data":"Parasite","floor":41,"key":"PURGE"},{"data":"Sadistic Nature","floor":42,"key":"SMITH"},{"data":"Sadistic Nature","floor":44,"key":"SMITH"},{"data":"REME_EyeOfCthun","floor":46,"key":"SMITH"},{"data":"Memory Alloy","floor":49,"key":"SMITH"},{"data":"Lunge","floor":52,"key":"SMITH"}],"circlet_count":0,"master_deck":["Shockwave Tdmadao+1","Lunge+1","Twin Teeth","Dark Shackles","Here Defend Chip","Defend System+1","Good Instincts","Sub Weapons+1","Purity+1","Floating Swing Kick","De Ware Chip","Oblique Hack","REME_MawOfCthun+1","Panache+1","Oblique Hack","Sadistic Nature+1","Lunge+1","Sadistic Nature+1","Transfer Energy+1","REME_BodyOfCthun","Moon Tear","Here Defend Chip","Cooling Song","Rupture+1","REME_EyeOfCthun+1","Memory Alloy+1","Here Defend Chip"],"relics":["Apod","REME_ComplimentaryCards","Peace Pipe","Golden Idol","WarpedTongs","Torii","Meat on the Bone","Tiny House","Bottled Flame","Matryoshka","CaptainsWheel","Strawberry","Singing Bowl","Prayer Wheel","Turnip","Philosopher\u0027s Stone","Bag of Marbles","War Paint","Bag of Preparation","Blue Candle","Sundial","InkBottle","CeramicFish","White Beast Statue"],"acts_visited":["Exordium","Exordium","TheBeyond","TheEnding"],"potions_floor_usage":[12,31,40,55,55,55],"damage_taken":[{"damage":0,"enemies":"Small Slimes","floor":1,"turns":4},{"damage":0,"enemies":"2 Louse","floor":4,"turns":3},{"damage":0,"enemies":"Lagavulin","floor":11,"turns":7},{"damage":0,"enemies":"Gremlin Nob","floor":12,"turns":8},{"damage":0,"enemies":"Cultist","floor":14,"turns":4},{"damage":24,"enemies":"Hexaghost","floor":16,"turns":6},{"damage":2,"enemies":"theJungle:MUSHROOMGANG","floor":18,"turns":4},{"damage":0,"enemies":"theJungle:Cassacara","floor":21,"turns":5},{"damage":0,"enemies":"theJungle:MamaSnecko","floor":25,"turns":5},{"damage":17,"enemies":"theJungle:Cassacara","floor":28,"turns":4},{"damage":0,"enemies":"theJungle:2_Phrogs","floor":29,"turns":4},{"damage":1,"enemies":"theJungle:5_Spyders","floor":31,"turns":4},{"damage":0,"enemies":"theJungle:FunGuy","floor":33,"turns":5},{"damage":2,"enemies":"3 Darklings","floor":35,"turns":4},{"damage":0,"enemies":"3 Shapes","floor":37,"turns":2},{"damage":1,"enemies":"Writhing Mass","floor":39,"turns":5},{"damage":1,"enemies":"Reptomancer","floor":40,"turns":4},{"damage":20,"enemies":"Nemesis","floor":47,"turns":3},{"damage":0,"enemies":"Reptomancer","floor":48,"turns":5},{"damage":7,"enemies":"Donu and Deca","floor":50,"turns":5},{"damage":21,"enemies":"Shield and Spear","floor":54,"turns":4},{"damage":31,"enemies":"The Heart","floor":55,"turns":7}],"seed_played":"8352342255729019836","potions_obtained":[{"floor":3,"key":"SteroidPotion"},{"floor":3,"key":"EssenceOfSteel"},{"floor":3,"key":"GamblersBrew"},{"floor":4,"key":"DuplicationPotion"},{"floor":12,"key":"Regen Potion"},{"floor":16,"key":"Regen Potion"},{"floor":29,"key":"AttackPotion"},{"floor":31,"key":"BlessingOfTheForge"}],"is_trial":true,"path_per_floor":["M","?","?","M","?","R","R","R","T","R","E","E","R","M","R","B",null,"M","?","?","E","$","R","R","E","T","R","E","E","R","M","R","B",null,"M","$","M","$","M","E","R","R","T","R","T","R","E","E","R","B",null,"R","$","E","B",null],"character_chosen":"TD1MADAO_CLASS","items_purchased":["Matryoshka","Transfer Energy","Here Defend Chip","Bag of Marbles","Here Defend Chip","AttackPotion"],"campfire_rested":0,"item_purchase_floors":[22,22,36,36,53,53],"current_hp_per_floor":[70,70,70,70,70,70,70,70,70,70,70,70,70,70,70,46,75,73,73,73,73,73,73,73,73,80,80,63,65,65,77,77,77,88,90,90,92,92,93,92,92,92,92,92,92,92,72,74,74,67,95,95,95,76,57],"gold":72,"neow_bonus":"","is_daily":false,"chose_seed":false,"campfire_upgraded":10,"win_rate":0.0,"timestamp":1613398462,"path_taken":["M","?","?","?","?","R","R","R","T","R","?","E","R","?","R","BOSS","M","?","?","?","$","R","R","E","T","R","E","E","R","?","R","BOSS","M","$","M","?","?","E","R","R","T","R","?","R","E","?","R","BOSS","R","$","E","BOSS"],"items_purchased_type":["Relic","Card","Card","Relic","Card","Potion"],"build_version":"2020-12-22","purchased_purges":4,"victory":true,"max_hp_per_floor":[70,70,70,70,70,70,70,70,70,70,70,70,70,70,70,70,75,75,75,75,75,75,75,75,75,82,82,82,84,84,88,88,88,88,92,92,94,94,96,96,93,93,93,93,93,93,93,95,95,95,95,95,95,97,97],"card_choices":[{"not_picked":["Three Hit","Fire Up"],"picked":"Lunge","floor":0},{"not_picked":["Ruin Defend","Sudden Beat"],"picked":"Provocative","floor":0},{"not_picked":["Resistance","Sudden Beat"],"picked":"Floating Swing Kick","floor":0},{"not_picked":["Defend System","Afterwards"],"picked":"Twin Teeth","floor":0},{"not_picked":["Money Cant Rescue","Forethought"],"picked":"Floating Swing Kick","floor":0},{"not_picked":["Mind Blast","Bandage Up"],"picked":"Preloading","floor":0},{"not_picked":["Sudden Beat","Fixing"],"picked":"Dark Shackles","floor":0},{"not_picked":["Reflection Mechanism","White Contract"],"picked":"Here Defend Chip","floor":0},{"not_picked":["Machining","Fire Up"],"picked":"Defend System","floor":0},{"not_picked":["Black Execution","Perfect Defend"],"picked":"Good Instincts","floor":0},{"not_picked":["Resistance","Black Hand"],"picked":"Sub Weapons","floor":0},{"not_picked":["Break Into","Fire Blade"],"picked":"PanicButton","floor":0},{"not_picked":["Black Execution","Resistance"],"picked":"Purity","floor":0},{"not_picked":["Resistance","Fire Blade"],"picked":"Floating Swing Kick","floor":0},{"not_picked":["Floating Swing Kick","Judgment"],"picked":"De Ware Chip","floor":0},{"not_picked":["Blind","Light Attack"],"picked":"REME_MagicPocketWatch","floor":1},{"not_picked":["Provocative","Fire Up"],"picked":"Oblique Hack","floor":4},{"not_picked":["REME_BuildACard","Backup"],"picked":"REME_MawOfCthun","floor":11},{"not_picked":["Bursts","Pod Laser"],"picked":"Panache","floor":12},{"not_picked":["PanicButton","Enlightenment"],"picked":"Oblique Hack","floor":14},{"not_picked":["The Bomb","Apotheosis"],"picked":"Sadistic Nature","floor":16},{"not_picked":["Cursed Blade","Recovery Mechanism"],"picked":"Lunge","floor":17},{"not_picked":["Lunge","Cursed Blade"],"picked":"Machining","floor":18},{"not_picked":["Panache","REME_PuzzleBox"],"picked":"Sadistic Nature","floor":21},{"not_picked":["Optimization","Magnetism","Secret Weapon"],"picked":"SKIP","floor":25},{"not_picked":["Secret Weapon","Pod Laser"],"picked":"REME_BodyOfCthun","floor":28},{"not_picked":["HandOfGreed","REME_PuzzleBox","REME_MawOfCthun"],"picked":"Singing Bowl","floor":29},{"not_picked":["Lunge","Preloading","Black Shadow"],"picked":"Singing Bowl","floor":31},{"not_picked":["Lunge","Fixing","Paralysis+1"],"picked":"Singing Bowl","floor":31},{"not_picked":["Transmutation","REME_BattleFury"],"picked":"Moon Tear","floor":33},{"not_picked":["Panacea","Swift Strike","Fire Up+1"],"picked":"Singing Bowl","floor":35},{"not_picked":["Recovery Mechanism","Swift Strike","Resistance+1"],"picked":"Singing Bowl","floor":35},{"not_picked":["Black Shadow","Black Execution+1"],"picked":"Cooling Song","floor":37},{"not_picked":["Load Balancing+1","Resistance","Preloading"],"picked":"Singing Bowl","floor":37},{"not_picked":["White Contract","Floating Swing Kick+1","Dramatic Entrance+1"],"picked":"Singing Bowl","floor":39},{"not_picked":["PanicButton","Machining+1"],"picked":"Rupture+1","floor":39},{"not_picked":["Chip Synthesis","Panache"],"picked":"REME_EyeOfCthun","floor":40},{"not_picked":["Chip Synthesis","Master of Strategy"],"picked":"Memory Alloy","floor":47},{"not_picked":["REME_BuildACard","Transmutation","Pod Laser"],"picked":"Singing Bowl","floor":48},{"not_picked":["Thinking Ahead","Im Angry","Pod Laser"],"picked":"Singing Bowl","floor":54}],"player_experience":562192,"relics_obtained":[{"floor":11,"key":"Torii"},{"floor":12,"key":"Meat on the Bone"},{"floor":21,"key":"Bottled Flame"},{"floor":25,"key":"CaptainsWheel"},{"floor":26,"key":"Strawberry"},{"floor":26,"key":"Singing Bowl"},{"floor":28,"key":"Prayer Wheel"},{"floor":29,"key":"Turnip"},{"floor":40,"key":"War Paint"},{"floor":43,"key":"Bag of Preparation"},{"floor":43,"key":"Blue Candle"},{"floor":45,"key":"Sundial"},{"floor":47,"key":"InkBottle"},{"floor":48,"key":"CeramicFish"},{"floor":54,"key":"White Beast Statue"}],"event_choices":[{"damage_healed":0,"gold_gain":0,"player_choice":"Take Wound","damage_taken":0,"relics_obtained":["Golden Idol"],"max_hp_gain":0,"max_hp_loss":0,"event_name":"Golden Idol","floor":2,"gold_loss":0,"cards_obtained":["Injury"]},{"damage_healed":0,"gold_gain":0,"player_choice":"Bought 3 Potions","damage_taken":0,"max_hp_gain":0,"max_hp_loss":0,"event_name":"The Woman in Blue","floor":3,"gold_loss":0},{"damage_healed":0,"gold_gain":0,"player_choice":"Rummage","damage_taken":0,"relics_obtained":["WarpedTongs"],"max_hp_gain":0,"max_hp_loss":0,"event_name":"Accursed Blacksmith","floor":5,"gold_loss":0,"cards_obtained":["Pain"]},{"damage_healed":0,"gold_gain":0,"player_choice":"Ignored","damage_taken":0,"max_hp_gain":0,"max_hp_loss":0,"event_name":"NoteForYourself","floor":20,"gold_loss":0}],"is_beta":false,"boss_relics":[{"not_picked":["Runic Dome","Cursed Key"],"picked":"Tiny House"},{"not_picked":["Astrolabe","SlaversCollar"],"picked":"Philosopher\u0027s Stone"}],"items_purged_floors":[22,36,38,53],"is_endless":false,"potions_floor_spawned":[4,12,16,25,29,31,37,39],"ascension_level":1}}