{"host":"wuernuywc9gl215o","time":1613397434,"event":{"mods":["2.2 Compatiblity","AchievementEnabler","BaseMod","Bestiary","Block Reminder","Displayed Cursed Tome","Highlight Path","Key Reminder","Minty Spire (QoL Compilation)","Permanent Neow","Potion Indicator Mod","Quick Restart","Rare Cards Sparkle","Relic Stats","ojb\u0027s Info Mod"],"gold_per_floor":[367,380,398,23,33,65,65,80,103,128,146,159,159,6,6,106,106,118,128,128,144,157,157,185,200,226,226,261,295,295,210,210,210,210],"floor_reached":33,"language":"ENG","playtime":1966,"items_purged":[],"score":542,"play_id":"c480f82b-ddff-40eb-8071-fdc8c035f1ca","local_time":"20210215135714","is_ascension_mode":true,"campfire_choices":[{"data":"Zap","floor":7,"key":"SMITH"},{"data":"Glacier","floor":13,"key":"SMITH"},{"data":"Conserve Battery","floor":15,"key":"SMITH"},{"data":"Buffer","floor":23,"key":"SMITH"},{"floor":27,"key":"REST"},{"floor":32,"key":"REST"}],"circlet_count":0,"master_deck":["Strike_B","Strike_B","Strike_B","Strike_B","Defend_B","Defend_B","Defend_B","Defend_B+1","Zap+1","Dualcast+1","Cold Snap","Compile Driver","Streamline","Electrodynamics","Sweeping Beam+1","Barrage+1","Ball Lightning+1","Glacier+1","Tempest","BootSequence","Coolheaded","Conserve Battery+1","Capacitor","Buffer+1","Go for the Eyes+1","Pain","Ball Lightning+1","Steam+1","Lockon+1","Lockon+1","Seek","RitualDagger+1"],"relics":["Cracked Core","Molten Egg 2","Prayer Wheel","Toy Ornithopter","War Paint","Bag of Preparation","Velvet Choker","WarpedTongs","Happy Flower","PreservedInsect","Red Mask","Shuriken","InkBottle"],"acts_visited":["Exordium","TheCity"],"potions_floor_usage":[6,16,16,21,29,29],"damage_taken":[{"damage":0,"enemies":"Cultist","floor":1,"turns":3},{"damage":0,"enemies":"2 Louse","floor":2,"turns":2},{"damage":0,"enemies":"Small Slimes","floor":3,"turns":3},{"damage":11,"enemies":"Blue Slaver","floor":5,"turns":3},{"damage":8,"enemies":"3 Sentries","floor":6,"turns":4},{"damage":5,"enemies":"2 Fungi Beasts","floor":8,"turns":2},{"damage":31,"enemies":"Lagavulin","floor":10,"turns":5},{"damage":0,"enemies":"Gremlin Gang","floor":11,"turns":4},{"damage":0,"enemies":"Blue Slaver","floor":12,"turns":2},{"damage":0,"enemies":"Hexaghost","floor":16,"turns":6},{"damage":0,"enemies":"Spheric Guardian","floor":18,"turns":3},{"damage":0,"enemies":"3 Byrds","floor":19,"turns":3},{"damage":6,"enemies":"Snecko","floor":21,"turns":5},{"damage":0,"enemies":"Cultist and Chosen","floor":22,"turns":4},{"damage":40,"enemies":"Book of Stabbing","floor":24,"turns":7},{"damage":4,"enemies":"Centurion and Healer","floor":25,"turns":5},{"damage":23,"enemies":"Masked Bandits","floor":28,"turns":4},{"damage":0,"enemies":"Slavers","floor":29,"turns":2},{"damage":47,"enemies":"Collector","floor":33,"turns":6}],"seed_played":"4714864565325643085","potions_obtained":[{"floor":1,"key":"Fire Potion"},{"floor":3,"key":"PowerPotion"},{"floor":6,"key":"Swift Potion"},{"floor":10,"key":"Energy Potion"},{"floor":12,"key":"Weak Potion"},{"floor":19,"key":"SpeedPotion"},{"floor":22,"key":"PowerPotion"},{"floor":28,"key":"FocusPotion"}],"is_trial":false,"path_per_floor":["M","M","M","$","M","E","R","M","T","E","M","M","R","$","R","B",null,"M","M","?","M","M","R","E","M","T","R","?","E","?","?","R","B"],"character_chosen":"DEFECT","items_purchased":["Electrodynamics","Molten Egg 2","Sweeping Beam+1","Bag of Preparation"],"campfire_rested":2,"item_purchase_floors":[4,4,4,14],"current_hp_per_floor":[68,68,68,68,57,49,49,44,44,13,13,13,13,13,13,23,57,57,57,57,56,56,56,16,12,12,32,9,19,13,13,33,0,0],"gold":210,"neow_bonus":"TWO_FIFTY_GOLD","is_daily":false,"chose_seed":false,"campfire_upgraded":4,"win_rate":0.0,"timestamp":1613397434,"path_taken":["M","M","M","$","M","E","R","M","T","E","M","M","R","?","R","BOSS","M","M","?","?","M","R","E","M","T","R","?","E","?","?","R","BOSS"],"items_purchased_type":["Card","Relic","Card","Relic"],"build_version":"2020-12-22","purchased_purges":0,"victory":false,"max_hp_per_floor":[68,68,68,68,68,68,68,68,68,68,68,68,68,68,68,68,68,68,68,68,68,68,68,68,68,68,68,68,68,68,68,68,68,68],"relic_stats":{"Happy Flower":[5],"counters":[19,73],"Shuriken":[2],"Prayer Wheel":8,"PreservedInsect":41,"Bag of Preparation":[20],"War Paint":["Defend_B","Dualcast"],"obtain_stats":[{"Happy Flower":24,"Velvet Choker":17,"PreservedInsect":26,"Bag of Preparation":14,"War Paint":10,"WarpedTongs":20,"Shuriken":29,"Molten Egg 2":4,"Prayer Wheel":6,"Red Mask":28,"Cracked Core":0,"Toy Ornithopter":9,"InkBottle":31},{"Happy Flower":15,"Velvet Choker":10,"PreservedInsect":16,"Bag of Preparation":9,"War Paint":7,"WarpedTongs":12,"Shuriken":18,"Molten Egg 2":3,"Prayer Wheel":5,"Red Mask":17,"Cracked Core":0,"Toy Ornithopter":6,"InkBottle":18},{"Happy Flower":56,"Velvet Choker":34,"PreservedInsect":61,"Bag of Preparation":28,"War Paint":22,"WarpedTongs":40,"Shuriken":67,"Molten Egg 2":8,"Prayer Wheel":15,"Red Mask":65,"Cracked Core":0,"Toy Ornithopter":17,"InkBottle":67}],"Toy Ornithopter":25,"InkBottle":[2],"WarpedTongs":[33]},"card_choices":[{"not_picked":["Hello World","Leap"],"picked":"Cold Snap","floor":1},{"not_picked":["Turbo","Hologram"],"picked":"Compile Driver","floor":2},{"not_picked":["Reprogram","White Noise"],"picked":"Streamline","floor":3},{"not_picked":["Hologram","Turbo"],"picked":"Barrage+1","floor":5},{"not_picked":["Scrape+1","Machine Learning"],"picked":"Ball Lightning+1","floor":6},{"not_picked":["Beam Cell+1","Gash+1"],"picked":"Glacier","floor":8},{"not_picked":["Consume","Blizzard+1"],"picked":"Tempest","floor":8},{"not_picked":["Go for the Eyes+1","Rebound+1"],"picked":"BootSequence","floor":10},{"not_picked":["Sweeping Beam+1","Stack"],"picked":"Coolheaded","floor":11},{"not_picked":["Undo","Gash+1"],"picked":"Conserve Battery","floor":11},{"not_picked":["Leap","Consume"],"picked":"Capacitor","floor":12},{"not_picked":["Hologram","Barrage+1","Steam"],"picked":"SKIP","floor":12},{"not_picked":["Meteor Strike+1","Rainbow"],"picked":"Buffer","floor":16},{"not_picked":["Steam Power","Coolheaded","White Noise"],"picked":"SKIP","floor":18},{"not_picked":["Compile Driver+1","Steam Power","Turbo"],"picked":"SKIP","floor":18},{"not_picked":["Compile Driver+1","Electrodynamics"],"picked":"Go for the Eyes+1","floor":19},{"not_picked":["Conserve Battery","Sweeping Beam+1","Leap"],"picked":"SKIP","floor":19},{"not_picked":["Leap","Go for the Eyes+1"],"picked":"Ball Lightning+1","floor":21},{"not_picked":["Rebound+1","Turbo"],"picked":"Steam+1","floor":21},{"not_picked":["Hello World","Streamline+1","Conserve Battery"],"picked":"SKIP","floor":22},{"not_picked":["Reboot","Storm","Redo"],"picked":"SKIP","floor":22},{"not_picked":["Hello World","Steam Power","Sweeping Beam+1"],"picked":"SKIP","floor":24},{"not_picked":["Steam","Barrage+1"],"picked":"Lockon+1","floor":25},{"not_picked":["Compile Driver+1","Conserve Battery"],"picked":"Lockon+1","floor":25},{"not_picked":["Turbo","Fusion+1"],"picked":"Seek","floor":28},{"not_picked":["Lockon+1","Genetic Algorithm","Heatsinks"],"picked":"SKIP","floor":29}],"player_experience":975637,"relics_obtained":[{"floor":6,"key":"Prayer Wheel"},{"floor":9,"key":"Toy Ornithopter"},{"floor":10,"key":"War Paint"},{"floor":24,"key":"Happy Flower"},{"floor":26,"key":"PreservedInsect"},{"floor":28,"key":"Red Mask"},{"floor":29,"key":"Shuriken"}],"event_choices":[{"damage_healed":0,"gold_gain":0,"player_choice":"Rummage","damage_taken":0,"relics_obtained":["WarpedTongs"],"max_hp_gain":0,"max_hp_loss":0,"event_name":"Accursed Blacksmith","floor":20,"gold_loss":0,"cards_obtained":["Pain"]},{"damage_healed":0,"gold_gain":0,"player_choice":"Fought Bandits","damage_taken":0,"max_hp_gain":0,"max_hp_loss":0,"event_name":"Masked Bandits","floor":28,"gold_loss":0},{"damage_healed":0,"gold_gain":0,"player_choice":"Joined the Cult","damage_taken":6,"max_hp_gain":0,"max_hp_loss":0,"event_name":"Nest","floor":30,"gold_loss":0,"cards_obtained":["RitualDagger"]},{"damage_healed":0,"gold_gain":0,"player_choice":"Obtained Relic","damage_taken":0,"relics_obtained":["InkBottle"],"max_hp_gain":0,"max_hp_loss":0,"event_name":"Addict","floor":31,"gold_loss":85}],"is_beta":false,"boss_relics":[{"not_picked":["Empty Cage","Tiny House"],"picked":"Velvet Choker"}],"items_purged_floors":[],"is_endless":false,"potions_floor_spawned":[1,3,6,10,12,19,22,28],"killed_by":"Collector","ascension_level":9}}