{"host":"op7lvjy5lsqtpdgx","time":1613358511,"event":{"mods":["BaseMod","Minty Spire (QoL Compilation)","StSLib"],"gold_per_floor":[114,127,147,161,336,369,369,469,492,504,504,504,504,518,518,518,518],"floor_reached":16,"language":"ENG","playtime":648,"items_purged":[],"score":117,"play_id":"81397555-715f-404e-8bf7-dec7b55239a6","local_time":"20210215160831","is_ascension_mode":true,"campfire_choices":[{"floor":7,"key":"REST"},{"data":"Streamline","floor":13,"key":"SMITH"},{"floor":15,"key":"REST"}],"circlet_count":0,"master_deck":["Strike_B","Strike_B","Strike_B","Strike_B","Defend_B","Defend_B","Defend_B","Defend_B","Zap","Dualcast","Doom and Gloom","Heatsinks","Storm","Doubt","Streamline+1","Conserve Battery","Parasite","Redo"],"relics":["Cracked Core","Boot","PreservedInsect"],"acts_visited":["Exordium"],"potions_floor_usage":[6,6,14,16],"damage_taken":[{"damage":3,"enemies":"Jaw Worm","floor":1,"turns":4},{"damage":1,"enemies":"Cultist","floor":2,"turns":3},{"damage":14,"enemies":"Small Slimes","floor":3,"turns":3},{"damage":22,"enemies":"Looter","floor":4,"turns":3},{"damage":35,"enemies":"Lagavulin","floor":6,"turns":6},{"damage":14,"enemies":"Exordium Wildlife","floor":10,"turns":5},{"damage":25,"enemies":"Exordium Thugs","floor":14,"turns":4},{"damage":34,"enemies":"The Guardian","floor":16,"turns":6}],"seed_played":"-903755134707355272","potions_obtained":[{"floor":1,"key":"PowerPotion"},{"floor":2,"key":"Energy Potion"},{"floor":4,"key":"Fire Potion"},{"floor":6,"key":"Swift Potion"}],"is_trial":false,"path_per_floor":["M","M","M","M","?","E","R","?","T","M","?","?","R","M","R","B"],"character_chosen":"DEFECT","items_purchased":[],"campfire_rested":2,"item_purchase_floors":[],"current_hp_per_floor":[79,78,64,42,42,7,31,31,31,17,14,34,34,9,33,0,0],"gold":518,"neow_bonus":"TEN_PERCENT_HP_BONUS","is_daily":false,"chose_seed":false,"campfire_upgraded":1,"win_rate":0.0,"timestamp":1613358511,"path_taken":["M","M","M","M","?","E","R","?","T","?","?","?","R","M","R","BOSS"],"items_purchased_type":[],"build_version":"2020-12-22","purchased_purges":0,"victory":false,"max_hp_per_floor":[82,82,82,82,82,82,82,82,82,82,82,82,82,82,82,82,82],"card_choices":[{"not_picked":["Scrape","Streamline"],"picked":"Doom and Gloom","floor":1},{"not_picked":["Gash","Reinforced Body"],"picked":"Heatsinks","floor":2},{"not_picked":["Undo","Beam Cell","Steam"],"picked":"SKIP","floor":3},{"not_picked":["Sweeping Beam","Beam Cell"],"picked":"Storm","floor":4},{"not_picked":["Barrage","Recycle"],"picked":"Streamline","floor":6},{"not_picked":["Skim","Melter"],"picked":"Conserve Battery","floor":10},{"not_picked":["Chill","Doom and Gloom"],"picked":"Redo","floor":14}],"player_experience":182671,"relics_obtained":[{"floor":6,"key":"Boot"}],"event_choices":[{"damage_healed":0,"gold_gain":175,"player_choice":"AGREE","damage_taken":0,"max_hp_gain":0,"max_hp_loss":0,"event_name":"Liars Game","floor":5,"gold_loss":0,"cards_obtained":["Doubt"]},{"damage_healed":0,"gold_gain":100,"player_choice":"Pray","damage_taken":0,"max_hp_gain":0,"max_hp_loss":0,"event_name":"Golden Shrine","floor":8,"gold_loss":0},{"damage_healed":0,"gold_gain":0,"player_choice":"Success","damage_taken":3,"relics_obtained":["PreservedInsect"],"max_hp_gain":0,"max_hp_loss":0,"event_name":"Scrap Ooze","floor":11,"gold_loss":0},{"damage_healed":20,"gold_gain":0,"player_choice":"Healed and dodged fight","damage_taken":0,"max_hp_gain":0,"max_hp_loss":0,"event_name":"Mushrooms","floor":12,"gold_loss":0,"cards_obtained":["Parasite"]}],"is_beta":false,"boss_relics":[],"items_purged_floors":[],"is_endless":false,"potions_floor_spawned":[1,2,4,6],"killed_by":"The Guardian","ascension_level":3}}