{"host":"kpcx2wrn7eq3nf7c","time":1613398832,"event":{"mods":["Act Like it!","BaseMod","CapriCore","Card Forge","Friendly Minions","Gensokyo","Hermit","Koishi","Marisa（霧雨　魔理沙）","Minty Spire (QoL Compilation)","StSLib","The Animator","The Immortal","The Servant 0.9.4","Waifu the Spire","Youmu（魂魄妖梦）"],"gold_per_floor":[109,127,127,139,153,153,187,205,232,244,256,284,156,186,198,210,210],"floor_reached":16,"language":"ZHS","playtime":804,"items_purged":[],"score":118,"play_id":"2b067511-0d98-4a28-ab43-a3d53bf9c565","local_time":"20210215222032","is_ascension_mode":true,"campfire_choices":[{"data":"ReturningBlade","floor":6,"key":"SMITH"},{"floor":11,"key":"REST"},{"floor":15,"key":"REST"}],"circlet_count":0,"master_deck":["Strike_S","Strike_S+1","Strike_S","Strike_S+1","Defend_S","Defend_S","Defend_S","Defend_S","Exchange","Desolation","ReturningBlade+1","Manipulate","ForgedInTime","BottledTime","FanOfKnives"],"relics":["Uniform","Hammer of Thor","Seething Fire","Anvil of the Gods","Whetstone","Gensokyo:Mercy","Orichalcum","MawBank","StoneCalendar"],"acts_visited":["Gensokyo:Gensokyo"],"potions_floor_usage":[16],"damage_taken":[{"damage":4,"enemies":"Gensokyo:2_Kodama","floor":1,"turns":4},{"damage":5,"enemies":"Gensokyo:Gryphon","floor":2,"turns":3},{"damage":3,"enemies":"Gensokyo:Python","floor":4,"turns":4},{"damage":18,"enemies":"Gensokyo:3_Kodama","floor":5,"turns":6},{"damage":11,"enemies":"Gensokyo:Mamizou","floor":7,"turns":9},{"damage":12,"enemies":"Gensokyo:Gryphon_and_Rabbit","floor":8,"turns":6},{"damage":6,"enemies":"Gensokyo:Python_and_Kodama","floor":12,"turns":7},{"damage":18,"enemies":"Gensokyo:3_Kodama","floor":14,"turns":4},{"damage":29,"enemies":"Gensokyo:Kokoro","floor":16,"turns":13}],"seed_played":"-6105274292705499758","potions_obtained":[{"floor":1,"key":"SteroidPotion"},{"floor":5,"key":"Fire Potion"},{"floor":7,"key":"ColorlessPotion"},{"floor":8,"key":"Dexterity Potion"}],"is_trial":false,"path_per_floor":["M","M","?","M","M","R","E","M","T","$","R","M","?","M","R","B"],"character_chosen":"THE_SERVANT","items_purchased":[],"campfire_rested":2,"item_purchase_floors":[],"current_hp_per_floor":[61,56,56,53,35,35,24,12,12,12,31,25,25,7,26,0,0],"gold":210,"neow_bonus":"RANDOM_COMMON_RELIC","is_daily":false,"chose_seed":false,"campfire_upgraded":1,"win_rate":0.0,"timestamp":1613398832,"path_taken":["M","M","?","M","M","R","E","M","T","?","R","M","?","?","R","BOSS"],"items_purchased_type":[],"build_version":"2020-12-22","purchased_purges":0,"victory":false,"max_hp_per_floor":[65,65,65,65,65,65,65,65,65,65,65,65,65,65,65,65,65],"card_choices":[{"not_picked":["Shuttle","Spin"],"picked":"Desolation","floor":1},{"not_picked":["DoubleEdge","Reset"],"picked":"ReturningBlade","floor":2},{"not_picked":["Misdirection","Rewind"],"picked":"Manipulate","floor":4},{"not_picked":["Replace","Unruled","TimeWarp"],"picked":"SKIP","floor":5},{"not_picked":["Defy","Unruled"],"picked":"ForgedInTime","floor":7},{"not_picked":["Replace","Misdirection"],"picked":"BottledTime","floor":8},{"not_picked":["Rearm","Starlight"],"picked":"FanOfKnives","floor":12},{"not_picked":["Read","Potential","Spin"],"picked":"SKIP","floor":14}],"player_experience":1237578,"relics_obtained":[{"floor":7,"key":"Orichalcum"},{"floor":9,"key":"MawBank"}],"event_choices":[],"is_beta":false,"boss_relics":[],"items_purged_floors":[],"is_endless":false,"potions_floor_spawned":[1,5,7,8],"killed_by":"Gensokyo:Kokoro","ascension_level":3}}