{"host":"idjwbq71yrpkph1r","time":1613413282,"event":{"mods":["AchievementEnabler","Alarm Clock","BaseMod","Block Reminder","Colored Map","Colored Powertips","Curses Come First","Displayed Cursed Tome","Hermit","Minty Spire (QoL Compilation)","Monster B Gone","Rare Cards Sparkle","Relic Stats","StSLib","everything is the same but u backflip on backflip"],"gold_per_floor":[119,119,119,130,55,55,89,89,116,128,144,161,184,199,199,199,199],"floor_reached":16,"language":"ENG","playtime":441,"items_purged":["Defend_B"],"score":102,"play_id":"253a4234-8a3b-4cf7-b5f3-1a4c1661db7f","local_time":"20210215192122","is_ascension_mode":false,"campfire_choices":[{"data":"Zap","floor":6.0,"key":"SMITH"},{"floor":8.0,"key":"REST"},{"data":"Go for the Eyes","floor":15.0,"key":"SMITH"}],"circlet_count":0,"master_deck":["Strike_B","Strike_B","Defend_B","Defend_B","Defend_B","Zap+1","Dualcast","FTL","Go for the Eyes+1","Chill"],"relics":["Cracked Core"],"acts_visited":["Exordium"],"potions_floor_usage":[],"damage_taken":[{"damage":6.0,"enemies":"Small Slimes","floor":1.0,"turns":3.0},{"damage":1.0,"enemies":"Jaw Worm","floor":4.0,"turns":3.0},{"damage":31.0,"enemies":"Lagavulin","floor":7.0,"turns":5.0},{"damage":0.0,"enemies":"Cultist","floor":10.0,"turns":2.0},{"damage":4.0,"enemies":"2 Fungi Beasts","floor":11.0,"turns":3.0},{"damage":0.0,"enemies":"3 Louse","floor":12.0,"turns":4.0},{"damage":1.0,"enemies":"Red Slaver","floor":14.0,"turns":3.0},{"damage":56,"enemies":"Hexaghost","floor":16,"turns":10}],"seed_played":"-430929107243262583","potions_obtained":[{"floor":1.0,"key":"Swift Potion"},{"floor":4.0,"key":"Explosive Potion"},{"floor":10.0,"key":"Regen Potion"},{"floor":12.0,"key":"SmokeBomb"}],"is_trial":false,"path_per_floor":["M","?","?","M","$","R","E","R","T","M","M","M","T","M","R","B"],"character_chosen":"DEFECT","items_purchased":[],"campfire_rested":1,"item_purchase_floors":[],"current_hp_per_floor":[69,74,67,66,66,66,35,59,59,59,55,55,55,54,54,0,0],"gold":199,"neow_bonus":"REMOVE_CARD","is_daily":false,"chose_seed":false,"campfire_upgraded":2,"win_rate":0.0,"timestamp":1613413282,"path_taken":["M","?","?","M","$","R","E","R","T","M","?","M","?","M","R","BOSS"],"items_purchased_type":[],"build_version":"2020-12-22","purchased_purges":1,"victory":false,"max_hp_per_floor":[75,80,80,80,80,80,80,80,80,80,80,80,80,80,80,80,80],"relic_stats":{"counters":[8,33],"obtain_stats":[{"Cracked Core":0},{"Cracked Core":0},{"Cracked Core":0}]},"card_choices":[{"not_picked":["Blizzard","Streamline"],"picked":"FTL","floor":1.0},{"not_picked":["Chaos","Sweeping Beam","Rebound"],"picked":"SKIP","floor":4.0},{"not_picked":["Reprogram","Skim"],"picked":"Go for the Eyes","floor":7.0},{"not_picked":["Scrape","Rebound","Compile Driver"],"picked":"SKIP","floor":10.0},{"not_picked":["Hologram","Static Discharge"],"picked":"Chill","floor":11.0},{"not_picked":["Coolheaded","Redo","Turbo"],"picked":"SKIP","floor":12.0},{"not_picked":["Redo","Skim","Sweeping Beam"],"picked":"SKIP","floor":14.0}],"player_experience":359116,"relics_obtained":[],"event_choices":[{"damage_healed":0.0,"max_hp_gain":5.0,"max_hp_loss":0.0,"gold_gain":0.0,"event_name":"Big Fish","player_choice":"Donut","floor":2.0,"gold_loss":0.0,"damage_taken":0.0},{"cards_removed":["Strike_B"],"damage_healed":0.0,"max_hp_gain":0.0,"max_hp_loss":0.0,"gold_gain":0.0,"event_name":"Golden Wing","player_choice":"Card Removal","floor":3.0,"gold_loss":0.0,"damage_taken":7.0}],"is_beta":false,"boss_relics":[],"items_purged_floors":[5],"is_endless":false,"potions_floor_spawned":[1,4,10,12],"killed_by":"Hexaghost","ascension_level":0}}