{"host":"qrt7o4dq2qslzw13","time":1613411201,"event":{"mods":["AchievementEnabler","BaseMod","Colored Map","Colored Powertips","Minty Spire (QoL Compilation)","Quick Restart","StSLib","SuperFastMode"],"gold_per_floor":[362,512,512,6,24,38,38,38,89,89,89,89,89,89,89,89,89],"floor_reached":16,"language":"ENG","playtime":188,"items_purged":[],"score":172,"play_id":"60c588db-31d7-45f2-9d29-8320063e27f3","local_time":"20210215124641","is_ascension_mode":true,"campfire_choices":[{"floor":7,"key":"REST"},{"data":"Bash","floor":10,"key":"SMITH"},{"data":"Wild Strike","floor":11,"key":"SMITH"},{"data":"Flame Barrier","floor":12,"key":"SMITH"},{"floor":15,"key":"REST"}],"circlet_count":0,"master_deck":["AscendersBane","Strike_R","Strike_R","Strike_R","Strike_R","Strike_R","Defend_R","Defend_R","Defend_R","Defend_R","Bash+1","Flame Barrier+1","Sentinel","Wild Strike+1","Regret"],"relics":["Burning Blood","WingedGreaves","Medical Kit","Art of War","Kunai"],"acts_visited":["Exordium"],"potions_floor_usage":[],"damage_taken":[{"damage":14,"enemies":"Small Slimes","floor":1,"turns":4},{"damage":3,"enemies":"2 Louse","floor":5,"turns":4},{"damage":12,"enemies":"Jaw Worm","floor":6,"turns":4},{"damage":80,"enemies":"The Guardian","floor":16,"turns":15}],"seed_played":"-209263682650574734","potions_obtained":[],"is_trial":false,"path_per_floor":["M","?","?","$","M","M","R","$","T","R","R","R","$","?","R","B"],"character_chosen":"IRONCLAD","items_purchased":["WingedGreaves","Medical Kit"],"campfire_rested":2,"item_purchase_floors":[4,4],"current_hp_per_floor":[42,42,35,35,38,32,54,54,54,54,54,54,54,54,75,0,0],"gold":89,"neow_bonus":"TWO_FIFTY_GOLD","is_daily":false,"chose_seed":false,"campfire_upgraded":3,"win_rate":0.0,"timestamp":1613411201,"path_taken":["M","?","?","$","M","M","R","?","T","R","R","R","$","?","R","BOSS"],"items_purchased_type":["Relic","Relic"],"build_version":"2020-12-22","purchased_purges":0,"victory":false,"max_hp_per_floor":[75,75,75,75,75,75,75,75,75,75,75,75,75,75,75,75,75],"card_choices":[{"not_picked":["Heavy Blade","Sword Boomerang"],"picked":"Flame Barrier","floor":1},{"not_picked":["Perfected Strike","Headbutt"],"picked":"Sentinel","floor":5},{"not_picked":["Entrench","Armaments"],"picked":"Wild Strike","floor":6}],"player_experience":639594,"relics_obtained":[{"floor":9,"key":"Art of War"}],"event_choices":[{"damage_healed":0,"gold_gain":150,"player_choice":"AGREE","damage_taken":0,"max_hp_gain":0,"max_hp_loss":0,"event_name":"Liars Game","floor":2,"gold_loss":0,"cards_obtained":["Doubt"]},{"cards_removed":["Doubt"],"damage_healed":0,"gold_gain":0,"player_choice":"Card Removal","damage_taken":7,"max_hp_gain":0,"max_hp_loss":0,"event_name":"Golden Wing","floor":3,"gold_loss":0},{"damage_healed":0,"gold_gain":0,"player_choice":"Box","damage_taken":0,"relics_obtained":["Kunai"],"max_hp_gain":0,"max_hp_loss":0,"event_name":"Big Fish","floor":14,"gold_loss":0,"cards_obtained":["Regret"]}],"is_beta":false,"boss_relics":[],"items_purged_floors":[],"is_endless":false,"potions_floor_spawned":[],"killed_by":"The Guardian","ascension_level":20}}