{"host":"qrt7o4dq2qslzw13","time":1613410672,"event":{"mods":["AchievementEnabler","BaseMod","Colored Map","Colored Powertips","Minty Spire (QoL Compilation)","Quick Restart","StSLib","SuperFastMode"],"gold_per_floor":[117,136,23,38,58,58,87,106,106,106,124,138,138,89,89,89,89],"floor_reached":16,"language":"ENG","playtime":315,"items_purged":[],"score":208,"play_id":"e33c9ede-5875-4e2e-97fd-92bdcd268beb","local_time":"20210215123752","is_ascension_mode":true,"campfire_choices":[{"floor":6.0,"key":"REST"},{"floor":10,"key":"REST"},{"floor":13,"key":"REST"},{"floor":15,"key":"REST"}],"circlet_count":0,"master_deck":["AscendersBane","Strike_R","Strike_R","Strike_R","Strike_R","Strike_R","Defend_R","Defend_R","Defend_R","Defend_R","Bash","Doubt","Offering","Reckless Charge","Shrug It Off","Reckless Charge","Shrug It Off","Body Slam","Offering","Second Wind","Cleave","Anger","Second Wind"],"relics":["Burning Blood","Bag of Marbles","Ornamental Fan"],"acts_visited":["Exordium"],"potions_floor_usage":[8,16,16],"damage_taken":[{"damage":25.0,"enemies":"Small Slimes","floor":1.0,"turns":4.0},{"damage":1.0,"enemies":"2 Louse","floor":2.0,"turns":4.0},{"damage":6.0,"enemies":"Jaw Worm","floor":4.0,"turns":2.0},{"damage":23.0,"enemies":"Lots of Slimes","floor":5.0,"turns":5.0},{"damage":43.0,"enemies":"Lagavulin","floor":7.0,"turns":8.0},{"damage":12,"enemies":"Exordium Thugs","floor":8,"turns":4},{"damage":17,"enemies":"Red Slaver","floor":11,"turns":2},{"damage":25,"enemies":"Exordium Wildlife","floor":12,"turns":4},{"damage":54,"enemies":"Hexaghost","floor":16,"turns":9}],"seed_played":"-5452931572660280905","potions_obtained":[{"floor":4.0,"key":"Energy Potion"},{"floor":7.0,"key":"Explosive Potion"},{"floor":11,"key":"Ancient Potion"},{"floor":12,"key":"AttackPotion"}],"is_trial":false,"path_per_floor":["M","M","$","M","M","R","E","M","T","R","M","M","R","?","R","B"],"character_chosen":"IRONCLAD","items_purchased":["Reckless Charge","Shrug It Off"],"campfire_rested":4,"item_purchase_floors":[3,3],"current_hp_per_floor":[49,54,54,54,37,59,22,16,16,38,27,8,30,30,52,0,0],"gold":89,"neow_bonus":"THREE_RARE_CARDS","is_daily":false,"chose_seed":false,"campfire_upgraded":0,"win_rate":0.0,"timestamp":1613410672,"path_taken":["M","M","$","M","M","R","E","M","T","R","M","M","R","?","R","BOSS"],"items_purchased_type":["Card","Card"],"build_version":"2020-12-22","purchased_purges":0,"victory":false,"max_hp_per_floor":[75,75,75,75,75,75,75,75,75,75,75,75,75,75,75,75,75],"card_choices":[{"not_picked":["Feed","Juggernaut"],"picked":"Offering","floor":0.0},{"not_picked":["Havoc","Dual Wield"],"picked":"Reckless Charge","floor":1.0},{"not_picked":["Warcry","Twin Strike"],"picked":"Shrug It Off","floor":2.0},{"not_picked":["Wild Strike","Pommel Strike"],"picked":"Body Slam","floor":4.0},{"not_picked":["Twin Strike","True Grit"],"picked":"Offering","floor":5.0},{"not_picked":["Burning Pact","Seeing Red"],"picked":"Second Wind","floor":7.0},{"not_picked":["Disarm","Combust"],"picked":"Cleave","floor":8},{"not_picked":["Perfected Strike","True Grit"],"picked":"Anger","floor":11},{"not_picked":["Blood for Blood","True Grit"],"picked":"Second Wind","floor":12}],"player_experience":639594,"relics_obtained":[{"floor":7.0,"key":"Bag of Marbles"},{"floor":9,"key":"Ornamental Fan"}],"event_choices":[{"damage_healed":0,"gold_gain":0,"player_choice":"Left Gold","damage_taken":0,"max_hp_gain":0,"max_hp_loss":0,"event_name":"World of Goop","floor":14,"gold_loss":49}],"is_beta":false,"boss_relics":[],"items_purged_floors":[],"is_endless":false,"potions_floor_spawned":[4,7,11,12],"killed_by":"Hexaghost","ascension_level":20}}