{"host":"p4g1m23y8pjizsy1","time":1613358098,"event":{"mods":["BaseMod","Minty Spire (QoL Compilation)","StSLib"],"gold_per_floor":[115,115,134,144,159,159,173,205,205,276,307,12,26,39,39,138,438,450,450,450,4,4,4,4,4],"floor_reached":24,"language":"ENG","playtime":1153,"items_purged":[],"score":268,"play_id":"dd974a4c-0ec3-4af1-8cdc-17ba1dd1b2f5","local_time":"20210214200138","is_ascension_mode":true,"campfire_choices":[{"floor":6,"key":"REST"},{"floor":15,"key":"REST"},{"floor":23,"key":"REST"}],"circlet_count":0,"master_deck":["Strike_P","Strike_P","Strike_P","Strike_P","Defend_P","Defend_P","Eruption","Vigilance","PathToVictory","ReachHeaven","JustLucky","PathToVictory","FlurryOfBlows","Ragnarok","SandsOfTime","MentalFortress","Indignation","Establishment","CurseOfTheBell","Wallop+1","SashWhip+1","Swift Strike+1","FollowUp+1"],"relics":["PureWater","Bronze Scales","Centennial Puzzle","Toy Ornithopter","Pen Nib","Mango","Calling Bell","Bag of Preparation","Molten Egg 2","Old Coin","Membership Card","GoldenEye","Juzu Bracelet"],"acts_visited":["Exordium","TheCity"],"potions_floor_usage":[7,11,16],"damage_taken":[{"damage":12,"enemies":"2 Louse","floor":1,"turns":1},{"damage":0,"enemies":"Cultist","floor":3,"turns":2},{"damage":1,"enemies":"Jaw Worm","floor":4,"turns":3},{"damage":5,"enemies":"Looter","floor":5,"turns":2},{"damage":6,"enemies":"Large Slime","floor":7,"turns":2},{"damage":8,"enemies":"Gremlin Nob","floor":8,"turns":3},{"damage":8,"enemies":"Lagavulin","floor":11,"turns":3},{"damage":19,"enemies":"Gremlin Gang","floor":13,"turns":3},{"damage":4,"enemies":"2 Fungi Beasts","floor":14,"turns":2},{"damage":65,"enemies":"The Guardian","floor":16,"turns":4},{"damage":40,"enemies":"2 Thieves","floor":18,"turns":2},{"damage":68,"enemies":"Slavers","floor":24,"turns":2}],"seed_played":"-634965228889881056","potions_obtained":[{"floor":5,"key":"Energy Potion"},{"floor":8,"key":"Ambrosia"},{"floor":14,"key":"Energy Potion"}],"is_trial":false,"path_per_floor":["M","?","M","M","M","R","M","E","T","?","E","$","M","M","R","B",null,"M","$","?","$","?","R","E"],"character_chosen":"WATCHER","items_purchased":["Mango","Membership Card","GoldenEye","Juzu Bracelet","SashWhip+1","Swift Strike+1"],"campfire_rested":3,"item_purchase_floors":[12,21,21,21,21,21],"current_hp_per_floor":[60,60,60,59,54,72,66,58,58,58,55,69,50,46,71,11,86,46,46,29,29,29,56,0,0],"gold":4,"neow_bonus":"RANDOM_COMMON_RELIC","is_daily":false,"chose_seed":false,"campfire_upgraded":0,"win_rate":0.0,"timestamp":1613358098,"path_taken":["M","?","M","M","?","R","M","E","T","?","E","$","M","M","R","BOSS","M","$","?","$","?","R","E"],"items_purchased_type":["Relic","Relic","Relic","Relic","Card","Card"],"build_version":"2020-12-22","purchased_purges":0,"victory":false,"max_hp_per_floor":[72,72,72,72,72,72,72,72,72,72,72,86,86,86,86,86,86,86,86,91,91,91,91,91,91],"card_choices":[{"not_picked":["CrushJoints","ThirdEye"],"picked":"PathToVictory","floor":1},{"not_picked":["Vengeance","BowlingBash"],"picked":"ReachHeaven","floor":3},{"not_picked":["FlyingSleeves","Fasting2"],"picked":"JustLucky","floor":4},{"not_picked":["CutThroughFate","InnerPeace"],"picked":"PathToVictory","floor":5},{"not_picked":["WheelKick","Halt"],"picked":"FlurryOfBlows","floor":7},{"not_picked":["Scrawl","InnerPeace"],"picked":"Ragnarok","floor":8},{"not_picked":["Fasting2","TalkToTheHand"],"picked":"SandsOfTime","floor":11},{"not_picked":["CutThroughFate","BowlingBash"],"picked":"MentalFortress","floor":13},{"not_picked":["EmptyBody","Sanctity"],"picked":"Indignation","floor":14},{"not_picked":["Devotion","MasterReality"],"picked":"Establishment","floor":16},{"not_picked":["CutThroughFate+1","Evaluate"],"picked":"Wallop+1","floor":18}],"player_experience":191128,"relics_obtained":[{"floor":8,"key":"Centennial Puzzle"},{"floor":9,"key":"Toy Ornithopter"},{"floor":11,"key":"Pen Nib"},{"floor":17,"key":"Bag of Preparation"},{"floor":17,"key":"Molten Egg 2"},{"floor":17,"key":"Old Coin"}],"event_choices":[{"cards_removed":["Defend_P"],"damage_healed":0,"gold_gain":0,"player_choice":"Offered Basic","damage_taken":0,"max_hp_gain":0,"max_hp_loss":0,"event_name":"Bonfire Elementals","floor":2,"gold_loss":0},{"damage_healed":0,"gold_gain":71,"player_choice":"Gained Gold","damage_taken":0,"max_hp_gain":0,"max_hp_loss":0,"event_name":"Golden Wing","floor":10,"gold_loss":0},{"damage_healed":0,"gold_gain":0,"player_choice":"Shed Blood","damage_taken":22,"max_hp_gain":5,"max_hp_loss":0,"event_name":"Forgotten Altar","floor":20,"gold_loss":0},{"damage_healed":0,"gold_gain":0,"cards_transformed":["Defend_P"],"player_choice":"Transformed","damage_taken":0,"max_hp_gain":0,"max_hp_loss":0,"event_name":"Transmorgrifier","floor":22,"gold_loss":0,"cards_obtained":["FollowUp"]}],"is_beta":false,"boss_relics":[{"not_picked":["Runic Dome","Philosopher\u0027s Stone"],"picked":"Calling Bell"}],"items_purged_floors":[],"is_endless":false,"potions_floor_spawned":[5,8,14],"killed_by":"Slavers","ascension_level":1}}