{"host":"tjicewryrzew529r","time":1613391362,"event":{"mods":["AchievementEnabler","BaseMod","Block Reminder","Colored Map","Highlight Path","Minty Spire (QoL Compilation)","StSLib"],"gold_per_floor":[119,119,47,47,47,86,86,127,127,146,146,171,183,225,237,351,363,393,426,115,137,137,137,137,137],"floor_reached":24,"language":"ENG","playtime":807,"items_purged":["Strike_G"],"score":432,"play_id":"b1e2c6df-4ca9-447a-8ef3-9fca03e9664d","local_time":"20210215201602","is_ascension_mode":true,"campfire_choices":[{"data":"Noxious Fumes","floor":7,"key":"SMITH"},{"data":"Dagger Spray","floor":11,"key":"SMITH"},{"floor":15,"key":"REST"},{"data":"Riddle With Holes","floor":23,"key":"SMITH"}],"circlet_count":0,"master_deck":["AscendersBane","Strike_G","Strike_G","Strike_G","Defend_G","Defend_G","Defend_G","Defend_G","Survivor","Neutralize","Blade Dance","Noxious Fumes+1","Dagger Spray+1","Dodge and Roll","Riddle With Holes+1","Noxious Fumes","Unload","Backflip"],"relics":["Ring of the Serpent","NeowsBlessing","CeramicFish","Matryoshka","Lantern","Potion Belt","MawBank","Golden Idol","Oddly Smooth Stone"],"acts_visited":["Exordium","TheCity"],"potions_floor_usage":[12,16,20,24],"damage_taken":[{"damage":0,"enemies":"Cultist","floor":1,"turns":1},{"damage":0,"enemies":"3 Sentries","floor":6,"turns":1},{"damage":0,"enemies":"Lagavulin","floor":8,"turns":1},{"damage":0,"enemies":"Jaw Worm","floor":10,"turns":5},{"damage":8,"enemies":"3 Sentries","floor":12,"turns":6},{"damage":0,"enemies":"2 Louse","floor":14,"turns":2},{"damage":24,"enemies":"Slime Boss","floor":16,"turns":10},{"damage":9,"enemies":"Chosen","floor":18,"turns":6},{"damage":0,"enemies":"3 Byrds","floor":19,"turns":4},{"damage":3,"enemies":"Centurion and Healer","floor":21,"turns":6},{"damage":55,"enemies":"Book of Stabbing","floor":24,"turns":7}],"seed_played":"-7419666649897115644","potions_obtained":[{"floor":6,"key":"CunningPotion"},{"floor":12,"key":"SmokeBomb"},{"floor":14,"key":"LiquidBronze"},{"floor":16,"key":"EntropicBrew"},{"floor":18,"key":"DistilledChaos"},{"floor":21,"key":"Swift Potion"}],"is_trial":false,"path_per_floor":["M","T","$","?","$","E","R","E","T","M","R","E","?","M","R","B",null,"M","M","$","M","?","R","E"],"character_chosen":"THE_SILENT","items_purchased":["Noxious Fumes","Oddly Smooth Stone","Fruit Juice"],"campfire_rested":1,"item_purchase_floors":[3,20,20],"current_hp_per_floor":[63,63,63,63,63,63,63,63,63,63,63,55,38,38,59,35,61,52,52,57,54,54,54,0,0],"gold":137,"neow_bonus":"THREE_ENEMY_KILL","is_daily":false,"chose_seed":false,"campfire_upgraded":3,"win_rate":0.0,"timestamp":1613391362,"path_taken":["M","?","?","?","$","E","R","E","T","?","R","E","?","M","R","BOSS","M","M","$","M","?","R","E"],"items_purchased_type":["Card","Relic","Potion"],"build_version":"2020-12-22","purchased_purges":1,"victory":false,"max_hp_per_floor":[70,70,70,70,70,70,70,70,70,70,70,70,70,70,70,70,70,70,70,75,75,75,75,75,75],"card_choices":[{"not_picked":["Deflect","Bane"],"picked":"Blade Dance","floor":1},{"not_picked":["Underhanded Strike","Terror"],"picked":"Dagger Spray","floor":6},{"not_picked":["PiercingWail","Underhanded Strike"],"picked":"Dodge and Roll","floor":8},{"not_picked":["All Out Attack","Heel Hook"],"picked":"Riddle With Holes","floor":10},{"not_picked":["Prepared","Catalyst","Dagger Throw"],"picked":"SKIP","floor":12},{"not_picked":["Accuracy","Infinite Blades"],"picked":"Noxious Fumes","floor":14},{"not_picked":["Phantasmal Killer","Grand Finale"],"picked":"Unload","floor":16},{"not_picked":["Riddle With Holes","Blade Dance","Acrobatics"],"picked":"SKIP","floor":18},{"not_picked":["Dagger Throw","Slice","Deadly Poison"],"picked":"SKIP","floor":19},{"not_picked":["Outmaneuver","Riddle With Holes"],"picked":"Backflip","floor":21}],"player_experience":369338,"relics_obtained":[{"floor":6,"key":"CeramicFish"},{"floor":8,"key":"Matryoshka"},{"floor":9,"key":"Lantern"},{"floor":9,"key":"Potion Belt"},{"floor":12,"key":"MawBank"}],"event_choices":[{"cards_removed":["Strike_G"],"damage_healed":0,"gold_gain":0,"player_choice":"Offered Basic","damage_taken":0,"max_hp_gain":0,"max_hp_loss":0,"event_name":"Bonfire Elementals","floor":4,"gold_loss":0},{"damage_healed":0,"gold_gain":0,"player_choice":"Take Damage","damage_taken":17,"relics_obtained":["Golden Idol"],"max_hp_gain":0,"max_hp_loss":0,"event_name":"Golden Idol","floor":13,"gold_loss":0},{"cards_removed":["Defend_G"],"damage_healed":0,"gold_gain":0,"player_choice":"Purged","damage_taken":0,"max_hp_gain":0,"max_hp_loss":0,"event_name":"Purifier","floor":22,"gold_loss":0}],"is_beta":false,"boss_relics":[{"not_picked":["SacredBark","Cursed Key"],"picked":"Ring of the Serpent"}],"items_purged_floors":[20],"is_endless":false,"potions_floor_spawned":[6,12,14,16,18,21],"killed_by":"Book of Stabbing","ascension_level":13}}