{"host":"1xo5g347e5o4auts","time":1613378408,"event":{"mods":["BaseMod","Minty Spire (QoL Compilation)","Permanent Neow","StSLib"],"gold_per_floor":[117,128,141,141,157,187,199,244,325,337,359,403,209,224,224,298,298,298,213,213,133,133,133,133,133,133,133,19,19,19,19,19,19,19,19,19,19,19,19,19,19,19,19,19,19,19,19,19,19],"floor_reached":48,"language":"ENG","playtime":1554,"items_purged":["Strike_B"],"score":1164,"play_id":"ab832a17-a5be-4bf2-b586-0137a96f0f50","local_time":"20210215104008","is_ascension_mode":true,"campfire_choices":[{"data":"Defragment","floor":7.0,"key":"SMITH"},{"data":"Electrodynamics","floor":10.0,"key":"SMITH"},{"data":"Loop","floor":15.0,"key":"SMITH"},{"floor":29.0,"key":"REST"},{"data":"Pain","floor":32.0,"key":"PURGE"},{"floor":42.0,"key":"REST"}],"circlet_count":0,"master_deck":["AscendersBane","Strike_B","Strike_B","Strike_B","Defend_B","Defend_B","Defend_B","Defend_B","Zap","Dualcast","Cold Snap","Electrodynamics+1","Defragment+1","Loop+1","Doom and Gloom","Compile Driver","FTL","Loop+1","Panacea","Coolheaded","Echo Form+1","Loop+1","Heatsinks+1","Static Discharge+1","Biased Cognition+1","Glacier+1","Hologram+1","Coolheaded+1","Creative AI+1","Master of Strategy+1","Thinking Ahead+1","Conserve Battery+1","Core Surge+1"],"relics":["Cracked Core","Orichalcum","MawBank","Peace Pipe","Frozen Egg 2","Pen Nib","Ectoplasm","Nunchaku","Blood Vial","Toxic Egg 2","Potion Belt","WarpedTongs","Philosopher\u0027s Stone","Kunai","Ice Cream","Molten Egg 2","Mango","Smiling Mask"],"acts_visited":["Exordium","TheCity","TheBeyond"],"potions_floor_usage":[46,47],"damage_taken":[{"damage":2.0,"enemies":"Jaw Worm","floor":1.0,"turns":4.0},{"damage":0.0,"enemies":"Cultist","floor":2.0,"turns":3.0},{"damage":6.0,"enemies":"2 Louse","floor":3.0,"turns":2.0},{"damage":4.0,"enemies":"Large Slime","floor":5.0,"turns":5.0},{"damage":1.0,"enemies":"3 Sentries","floor":6.0,"turns":3.0},{"damage":14.0,"enemies":"Lagavulin","floor":8.0,"turns":5.0},{"damage":4.0,"enemies":"Lots of Slimes","floor":11.0,"turns":2.0},{"damage":5.0,"enemies":"Gremlin Nob","floor":12.0,"turns":3.0},{"damage":6.0,"enemies":"Exordium Thugs","floor":14.0,"turns":2.0},{"damage":20.0,"enemies":"Hexaghost","floor":16.0,"turns":9.0},{"damage":11.0,"enemies":"Spheric Guardian","floor":18.0,"turns":4.0},{"damage":16.0,"enemies":"2 Thieves","floor":21.0,"turns":3.0},{"damage":36.0,"enemies":"Cultist and Chosen","floor":22.0,"turns":4.0},{"damage":12.0,"enemies":"Gremlin Leader","floor":23.0,"turns":5.0},{"damage":37.0,"enemies":"Slavers","floor":25.0,"turns":3.0},{"damage":7.0,"enemies":"Centurion and Healer","floor":30.0,"turns":9.0},{"damage":5.0,"enemies":"Collector","floor":33.0,"turns":7.0},{"damage":6.0,"enemies":"Orb Walker","floor":35.0,"turns":2.0},{"damage":1.0,"enemies":"3 Darklings","floor":37.0,"turns":2.0},{"damage":40.0,"enemies":"Jaw Worm Horde","floor":38.0,"turns":4.0},{"damage":1.0,"enemies":"Maw","floor":39.0,"turns":5.0},{"damage":39.0,"enemies":"Giant Head","floor":41.0,"turns":7.0},{"damage":11,"enemies":"Reptomancer","floor":44,"turns":7},{"damage":2,"enemies":"Sphere and 2 Shapes","floor":45,"turns":4},{"damage":14,"enemies":"Nemesis","floor":46,"turns":7},{"damage":20,"enemies":"3 Darklings","floor":47,"turns":3},{"damage":28,"enemies":"Reptomancer","floor":48,"turns":2}],"seed_played":"-5810764197327313039","potions_obtained":[{"floor":1.0,"key":"Regen Potion"},{"floor":3.0,"key":"Energy Potion"},{"floor":16.0,"key":"FairyPotion"},{"floor":22.0,"key":"LiquidBronze"},{"floor":23.0,"key":"PowerPotion"},{"floor":25.0,"key":"Explosive Potion"},{"floor":30.0,"key":"Strength Potion"},{"floor":35.0,"key":"Strength Potion"},{"floor":39.0,"key":"FairyPotion"},{"floor":44,"key":"SneckoOil"},{"floor":45,"key":"Block Potion"}],"is_trial":false,"path_per_floor":["M","M","M","?","M","E","R","E","T","R","M","E","$","M","R","B",null,"M","?","?","M","M","E","T","E","T","?","$","R","M","?","R","B",null,"M","T","M","M","M","?","E","R","T","E","M","E","M","E"],"character_chosen":"DEFECT","items_purchased":["Loop+1","Panacea","Glacier+1","Hologram+1"],"campfire_rested":2,"item_purchase_floors":[13,13,28,28],"current_hp_per_floor":[62,62,56,56,52,51,51,51,51,51,47,42,42,36,36,16,57,46,46,71,55,19,7,7,5,5,5,5,26,21,21,21,18,58,54,54,55,17,18,8,17,38,38,43,43,31,13,0,0],"gold":19,"neow_bonus":"RANDOM_COMMON_RELIC","is_daily":false,"chose_seed":false,"campfire_upgraded":3,"win_rate":0.0,"timestamp":1613378408,"path_taken":["M","M","M","?","?","E","R","E","T","R","M","E","$","M","R","BOSS","M","?","?","M","?","E","?","E","T","?","$","R","M","?","R","BOSS","M","?","?","M","M","?","E","R","T","E","M","E","M","E"],"items_purchased_type":["Card","Card","Card","Card"],"build_version":"2020-12-22","purchased_purges":1,"victory":false,"max_hp_per_floor":[71,71,71,71,71,71,71,71,71,71,71,71,71,71,71,71,71,71,71,71,71,71,71,71,71,71,71,71,71,71,71,71,71,71,71,71,71,71,71,71,71,71,71,85,85,85,85,85,85],"card_choices":[{"not_picked":["Tempest","Gash"],"picked":"Cold Snap","floor":1.0},{"not_picked":["White Noise","Stack","Hologram"],"picked":"SKIP","floor":2.0},{"not_picked":["Tempest","Hologram"],"picked":"Rip and Tear","floor":3.0},{"not_picked":["Beam Cell","Static Discharge"],"picked":"Defragment","floor":5.0},{"not_picked":["Steam","Storm"],"picked":"Loop","floor":6.0},{"not_picked":["Rebound","Darkness"],"picked":"Doom and Gloom","floor":8.0},{"not_picked":["Force Field","Recycle"],"picked":"Compile Driver","floor":11.0},{"not_picked":["Fusion","Chill"],"picked":"FTL","floor":12.0},{"not_picked":["Undo","Steam Power"],"picked":"Coolheaded","floor":14.0},{"not_picked":["Creative AI+1","Fission"],"picked":"Echo Form+1","floor":16.0},{"not_picked":["Ball Lightning","Hologram"],"picked":"Loop+1","floor":18.0},{"not_picked":["Reprogram","Conserve Battery"],"picked":"Heatsinks+1","floor":21.0},{"not_picked":["Compile Driver","Steam","Cold Snap"],"picked":"SKIP","floor":22.0},{"not_picked":["Double Energy","Turbo","Hello World+1"],"picked":"SKIP","floor":23.0},{"not_picked":["Hologram+1","Stack+1"],"picked":"Static Discharge+1","floor":25.0},{"not_picked":["Double Energy+1","Compile Driver"],"picked":"Coolheaded+1","floor":30.0},{"not_picked":["All For One","Echo Form+1"],"picked":"Creative AI+1","floor":33.0},{"not_picked":["Compile Driver+1","Hologram+1","Double Energy+1"],"picked":"SKIP","floor":35.0},{"not_picked":["Sweeping Beam","Hologram+1","Cold Snap"],"picked":"SKIP","floor":37.0},{"not_picked":["Darkness+1","Consume+1","Hologram+1"],"picked":"SKIP","floor":38.0},{"not_picked":["Barrage","Sweeping Beam","Turbo+1"],"picked":"SKIP","floor":39.0},{"not_picked":["Finesse+1","Mind Blast"],"picked":"Master of Strategy+1","floor":40.0},{"not_picked":["Good Instincts+1","Bandage Up+1"],"picked":"Thinking Ahead+1","floor":40.0},{"not_picked":["Stack+1","Go for the Eyes+1"],"picked":"Conserve Battery+1","floor":41.0},{"not_picked":["Sweeping Beam+1","Static Discharge+1"],"picked":"Core Surge+1","floor":44},{"not_picked":["Lockon+1","Go for the Eyes+1","Rip and Tear+1"],"picked":"SKIP","floor":45},{"not_picked":["Cold Snap+1","Static Discharge+1","Conserve Battery+1"],"picked":"SKIP","floor":46},{"not_picked":["Barrage+1","Hologram+1","Rebound+1"],"picked":"SKIP","floor":47}],"player_experience":1489235,"relics_obtained":[{"floor":6.0,"key":"MawBank"},{"floor":8.0,"key":"Peace Pipe"},{"floor":9.0,"key":"Frozen Egg 2"},{"floor":12.0,"key":"Pen Nib"},{"floor":23.0,"key":"Blood Vial"},{"floor":25.0,"key":"Toxic Egg 2"},{"floor":26.0,"key":"Potion Belt"},{"floor":36.0,"key":"Kunai"},{"floor":41.0,"key":"Ice Cream"},{"floor":43.0,"key":"Molten Egg 2"},{"floor":44,"key":"Mango"},{"floor":46,"key":"Smiling Mask"}],"event_choices":[{"damage_healed":0.0,"max_hp_gain":0.0,"max_hp_loss":0.0,"gold_gain":0.0,"event_name":"Match and Keep!","player_choice":"1 cards matched","floor":4.0,"gold_loss":0.0,"damage_taken":0.0,"cards_obtained":["Electrodynamics"]},{"damage_healed":0.0,"max_hp_gain":0.0,"max_hp_loss":0.0,"gold_gain":0.0,"event_name":"Addict","player_choice":"Obtained Relic","floor":19.0,"gold_loss":85.0,"damage_taken":0.0,"relics_obtained":["Nunchaku"]},{"cards_removed":["Rip and Tear"],"damage_healed":25.0,"max_hp_gain":0.0,"max_hp_loss":0.0,"gold_gain":0.0,"event_name":"Bonfire Elementals","player_choice":"Offered Uncommon","floor":20.0,"gold_loss":0.0,"damage_taken":0.0},{"damage_healed":0.0,"max_hp_gain":0.0,"max_hp_loss":0.0,"gold_gain":0.0,"event_name":"The Library","player_choice":"Read","floor":27.0,"gold_loss":0.0,"damage_taken":0.0,"cards_obtained":["Biased Cognition"]},{"damage_healed":0.0,"max_hp_gain":0.0,"max_hp_loss":0.0,"gold_gain":0.0,"event_name":"Accursed Blacksmith","player_choice":"Rummage","floor":31.0,"gold_loss":0.0,"damage_taken":0.0,"relics_obtained":["WarpedTongs"],"cards_obtained":["Pain"]},{"damage_healed":0.0,"max_hp_gain":0.0,"max_hp_loss":0.0,"gold_gain":0.0,"event_name":"SensoryStone","player_choice":"Memory 3","floor":40.0,"gold_loss":0.0,"damage_taken":10.0}],"is_beta":false,"boss_relics":[{"not_picked":["Tiny House","SacredBark"],"picked":"Ectoplasm"},{"not_picked":["Empty Cage","FrozenCore"],"picked":"Philosopher\u0027s Stone"}],"items_purged_floors":[13],"is_endless":false,"potions_floor_spawned":[1,3,16,22,23,25,30,35,39,44,45],"killed_by":"Reptomancer","ascension_level":20}}