{"host":"684z1xpuwaoqmmh1","time":1613402887,"event":{"mods":["A Magickal Journey","BaseMod","Downfall","Hermit","Jorbs\u0027s Wanderer Trilogy","Marisa????????","Minty Spire (QoL Compilation)","Robot Space Explorer","Shade Mod","StSLib","The Bug Knight","The Dragon Tamer","The Elementalist","The Hayseed","The Hierophant","The Marked","The Mystic","The Runesmith","The Saiyan","The Senshi","The Spell Scribe","The Vixen","TheBandit","TheFirefly"],"gold_per_floor":[112,131,206,220,220,220,245,245,245,264,283,315,335,365,365,442,442,442,442,442,442,442,442,442,442,442,442,442,442,442,442,442,442,442,442,442,442,442,442,442,442,442,442,442,199,199,199,199,199,199,199,199,199,55,55,55],"floor_reached":55,"language":"ENG","playtime":3228,"items_purged":["theSenshi:SailorKick","theSenshi:SailorKick"],"score":2653,"play_id":"b9cd4a56-4775-476d-9340-a5d2ca118671","local_time":"20210215172807","is_ascension_mode":true,"campfire_choices":[{"data":"theSenshi:MoonCrystalPowerMakeUp","floor":6,"key":"SMITH"},{"data":"1","floor":8,"key":"LIFT"},{"data":"2","floor":15,"key":"LIFT"},{"data":"3","floor":23,"key":"LIFT"},{"data":"theSenshi:MoonCrisisMakeUp","floor":32,"key":"SMITH"},{"floor":42,"key":"RECALL"},{"data":"theSenshi:MoonEternalMakeUp","floor":49,"key":"SMITH"},{"data":"theSenshi:RoseThrow","floor":53,"key":"SMITH"}],"circlet_count":0,"master_deck":["AscendersBane","theSenshi:SailorKick","theSenshi:SailorKick","theSenshi:SailorBlock+1","theSenshi:SailorBlock","theSenshi:SailorBlock","theSenshi:SailorBlock","theSenshi:RoseThrow+1","theSenshi:MoonPrismPowerMakeUp","theSenshi:MoonPunch","theSenshi:MoonCrystalPowerMakeUp+1","theSenshi:MoonHealingEscalation","theSenshi:SailorSaturnAssists","theSenshi:SailorMarsAssists","theSenshi:MoonTiaraMagic","theSenshi:TuxedoMaskAssists+1","theSenshi:SailorMercuryAssists","theSenshi:LunasBite+1","theSenshi:WarriorOfTheMoon","theSenshi:SailorJupiterAssists+1","theSenshi:SailorPlanetAttack+1","theSenshi:MercurysCunning+1","theSenshi:SailorSaturnAssists+1","theSenshi:SailorChibiMoonAssists+1","theSenshi:MoonPrincessHalation+1","theSenshi:JupitersPower+1","theSenshi:VenusGlamour+1","theSenshi:MoonCrisisMakeUp+1","theSenshi:SailorSaturnAssists+1","theSenshi:SailorUranusAssists+1","theSenshi:MoonEternalMakeUp+1","theSenshi:MoonPrincessHalation+1"],"relics":["theSenshi:TransformationBroochRelic","Vajra","FossilizedHelix","Girya","Molten Egg 2","Question Card","Ectoplasm","Singing Bowl","MealTicket","Toy Ornithopter","Ancient Tea Set","Eternal Feather","Tiny House","Guardian:GemstoneGun","Letter Opener","Orichalcum","HollowMod:PaleOreRelic","Oddly Smooth Stone","Gremlin Horn","The Courier"],"acts_visited":["Exordium","TheCity","TheBeyond","TheEnding"],"potions_floor_usage":[14,18,24,29,31,37,41,44,46,51],"damage_taken":[{"damage":0,"enemies":"Small Slimes","floor":1,"turns":3},{"damage":9,"enemies":"Jaw Worm","floor":2,"turns":2},{"damage":0,"enemies":"Cultist","floor":4,"turns":3},{"damage":39,"enemies":"Gremlin Nob","floor":7,"turns":6},{"damage":0,"enemies":"Blue Slaver","floor":10,"turns":5},{"damage":3,"enemies":"3 Louse","floor":11,"turns":4},{"damage":0,"enemies":"HollowMod:MossKnight","floor":12,"turns":7},{"damage":0,"enemies":"Lots of Slimes","floor":13,"turns":3},{"damage":0,"enemies":"Lagavulin","floor":14,"turns":7},{"damage":12,"enemies":"Hexaghost","floor":16,"turns":9},{"damage":11,"enemies":"Spheric Guardian","floor":18,"turns":4},{"damage":0,"enemies":"Shell Parasite","floor":19,"turns":3},{"damage":9,"enemies":"Centurion and Healer","floor":20,"turns":4},{"damage":0,"enemies":"Slavers","floor":24,"turns":5},{"damage":0,"enemies":"Cultist and Chosen","floor":25,"turns":4},{"damage":0,"enemies":"HollowMod:Nosk","floor":27,"turns":5},{"damage":14,"enemies":"Sentry and Sphere","floor":28,"turns":4},{"damage":0,"enemies":"Gremlin Leader","floor":29,"turns":5},{"damage":0,"enemies":"Snecko","floor":30,"turns":2},{"damage":0,"enemies":"HollowMod:Nosk","floor":31,"turns":4},{"damage":0,"enemies":"Collector","floor":33,"turns":6},{"damage":10,"enemies":"3 Shapes","floor":35,"turns":4},{"damage":0,"enemies":"Orb Walker","floor":36,"turns":3},{"damage":9,"enemies":"Jaw Worm Horde","floor":37,"turns":4},{"damage":6,"enemies":"Mind Bloom Boss Battle","floor":38,"turns":4},{"damage":0,"enemies":"3 Darklings","floor":39,"turns":5},{"damage":22,"enemies":"HollowMod:StalkingDevout","floor":40,"turns":5},{"damage":15,"enemies":"Sphere and 2 Shapes","floor":41,"turns":7},{"damage":0,"enemies":"Reptomancer","floor":44,"turns":4},{"damage":14,"enemies":"HollowMod:StalkingDevout","floor":46,"turns":5},{"damage":0,"enemies":"Nemesis","floor":48,"turns":3},{"damage":68,"enemies":"Time Eater","floor":50,"turns":13},{"damage":72,"enemies":"Awakened One","floor":51,"turns":12},{"damage":114,"enemies":"Shield and Spear","floor":55,"turns":5}],"seed_played":"-3202792324500923176","potions_obtained":[{"floor":2,"key":"DuplicationPotion"},{"floor":10,"key":"LiquidBronze"},{"floor":16,"key":"PowerPotion"},{"floor":18,"key":"Strength Potion"},{"floor":25,"key":"FearPotion"},{"floor":28,"key":"Slimebound:ThreeZeroPotion"},{"floor":30,"key":"PowerPotion"},{"floor":34,"key":"SneckoOil"},{"floor":39,"key":"hexamod:SoulburnPotion"},{"floor":41,"key":"EssenceOfSteel"},{"floor":44,"key":"DistilledChaos"},{"floor":48,"key":"FearPotion"}],"is_trial":false,"path_per_floor":["M","M","?","M","T","R","E","R","T","M","M","E","M","E","R","B",null,"M","M","M","?","?","R","E","M","T","E","M","E","M","E","R","B",null,"M","M","M","?","M","E","M","R","T","E","$","E","?","E","R","B","B",null,"R","$","E"],"character_chosen":"THE_SENSHI","items_purchased":["Oddly Smooth Stone","theSenshi:MoonPrincessHalation+1","SpeedPotion"],"campfire_rested":0,"item_purchase_floors":[45,54,54],"current_hp_per_floor":[68,59,48,48,48,48,19,19,19,34,41,56,61,71,71,73,75,64,69,70,70,64,64,75,75,75,77,65,79,79,79,79,79,86,78,90,83,91,92,77,84,96,96,98,98,96,98,104,104,50,23,84,102,104,0,0],"gold":55,"neow_bonus":"RANDOM_COMMON_RELIC","is_daily":false,"chose_seed":false,"campfire_upgraded":4,"win_rate":0.0,"timestamp":1613402887,"path_taken":["M","M","?","M","?","R","E","R","T","M","?","E","M","E","R","BOSS","M","M","M","?","?","R","E","M","T","E","M","E","?","E","R","BOSS","M","M","M","?","M","E","M","R","T","E","$","E","?","E","R","BOSS","BOSS","R","$","E"],"items_purchased_type":["Relic","Card","Potion"],"build_version":"2020-12-22","purchased_purges":2,"victory":false,"max_hp_per_floor":[75,75,75,75,75,75,75,75,75,75,75,75,75,75,75,75,75,75,75,75,75,75,75,75,75,75,77,79,79,79,79,79,79,86,88,90,92,92,92,94,96,96,96,98,98,100,102,104,104,104,104,104,104,104,104,104],"card_choices":[{"not_picked":["theSenshi:MoonTiaraMagic","theSenshi:MoonPrincessHalation"],"picked":"theSenshi:MoonPunch","floor":1},{"not_picked":["theSenshi:SailorMercuryAssists","theSenshi:SchoolBag"],"picked":"theSenshi:MoonCrystalPowerMakeUp","floor":2},{"not_picked":["theSenshi:MoonSpiralHeartAttack","theSenshi:MoonCrisisMakeUp"],"picked":"theSenshi:MoonHealingEscalation","floor":4},{"not_picked":["theSenshi:UranusStrength","theSenshi:LunasBite"],"picked":"theSenshi:SailorSaturnAssists","floor":7},{"not_picked":["theSenshi:TuxedoSmokingBomber","theSenshi:LateForSchool"],"picked":"theSenshi:SailorMarsAssists","floor":10},{"not_picked":["theSenshi:SailorMarsAssists","theSenshi:MoonPunch"],"picked":"theSenshi:MoonTiaraMagic","floor":11},{"not_picked":["theSenshi:EncouragingSpeech","theSenshi:Sidestep"],"picked":"theSenshi:TuxedoMaskAssists+1","floor":12},{"not_picked":["theSenshi:HesSoDreamy","theSenshi:NeptunesGrace+1"],"picked":"theSenshi:SailorMercuryAssists","floor":13},{"not_picked":["theSenshi:TallSilhouette","theSenshi:OdangoHead"],"picked":"theSenshi:LunasBite+1","floor":14},{"not_picked":["theSenshi:SailorCosmosAssists","theSenshi:FatedKiss","theSenshi:LunaSensingAllies"],"picked":"theSenshi:WarriorOfTheMoon","floor":16},{"not_picked":["theSenshi:SailorChibiMoonAssists+1","theSenshi:SailorPlanetPower+1","theSenshi:SchoolBag"],"picked":"theSenshi:SailorJupiterAssists+1","floor":18},{"not_picked":["theSenshi:SteeledNerves","theSenshi:Sidestep","theSenshi:SailorVenusAssists+1"],"picked":"theSenshi:SailorPlanetAttack+1","floor":19},{"not_picked":["theSenshi:MoonTiaraMagic+1","theSenshi:EncouragingSpeech","theSenshi:SailorMercuryAssists+1"],"picked":"theSenshi:MercurysCunning+1","floor":20},{"not_picked":["theSenshi:MoonHealingEscalation","theSenshi:TuxedoMaskAssists+1","theSenshi:CrisisMakeUp"],"picked":"theSenshi:SailorChibiMoonAssists+1","floor":24},{"not_picked":["theSenshi:PlutosSolemnity","theSenshi:MercurysCunning+1","theSenshi:LunaWiseMentor"],"picked":"theSenshi:MoonPrincessHalation+1","floor":25},{"not_picked":["theSenshi:SupersonicWaves+1","theSenshi:MoonCrystalPowerMakeUp","theSenshi:MoonSpiralHeartAttack+1","theSenshi:LunasBite+1"],"picked":"Singing Bowl","floor":27},{"not_picked":["theSenshi:SailorPlanetAttack+1","theSenshi:SailorMercuryAssists","theSenshi:MoonPower+1","theSenshi:MoonsReflection"],"picked":"Singing Bowl","floor":28},{"not_picked":["theSenshi:NeptunesGrace+1","theSenshi:KlutzyLuck","theSenshi:SailorJupiterAssists+1"],"picked":"theSenshi:JupitersPower+1","floor":29},{"not_picked":["theSenshi:SailorMercuryAssists","theSenshi:SailorChibiMoonAssists+1","theSenshi:HesSoDreamy"],"picked":"theSenshi:VenusGlamour+1","floor":30},{"not_picked":["theSenshi:Overload+1","theSenshi:RainbowMoonHeartAche+1","theSenshi:MoonlightKnight"],"picked":"theSenshi:MoonCrisisMakeUp","floor":31},{"not_picked":["theSenshi:ChibiMoonsLove","theSenshi:SilverCrystal","theSenshi:SilverMoonCrystalPowerKiss+1"],"picked":"theSenshi:SailorSaturnAssists+1","floor":33},{"not_picked":["theSenshi:MoonPower+1","theSenshi:LunaWiseMentor","theSenshi:VenusGlamour+1","theSenshi:Sidestep"],"picked":"Singing Bowl","floor":34},{"not_picked":["theSenshi:LateForSchool+1","theSenshi:SailorJupiterAssists+1","theSenshi:MoonTiaraMagic+1","theSenshi:EncouragingSpeech+1"],"picked":"Singing Bowl","floor":35},{"not_picked":["theSenshi:VenusGlamour+1","theSenshi:SailorMercuryAssists","theSenshi:SchoolBag","theSenshi:TallSilhouette+1"],"picked":"Singing Bowl","floor":36},{"not_picked":["theSenshi:Sidestep","theSenshi:SteeledNerves","theSenshi:SaturnsMystery+1","theSenshi:MoonsReflection"],"picked":"Singing Bowl","floor":37},{"not_picked":["theSenshi:Sidestep","theSenshi:MoonKick+1","theSenshi:TallSilhouette"],"picked":"theSenshi:SailorUranusAssists+1","floor":38},{"not_picked":["theSenshi:MoonKick+1","theSenshi:OdangoHead","theSenshi:LunaWiseMentor"],"picked":"theSenshi:MoonEternalMakeUp","floor":39},{"not_picked":["theSenshi:SailorVenusAssists+1","theSenshi:TuxedoSmokingBomber+1","theSenshi:SailorPlutoAssists+1","theSenshi:YouCanTalk"],"picked":"Singing Bowl","floor":40},{"not_picked":["theSenshi:MoonCrystalPowerMakeUp","theSenshi:LunasBite+1","theSenshi:SteeledNerves","theSenshi:SupersonicWaves+1"],"picked":"Singing Bowl","floor":41},{"not_picked":["theSenshi:MoonPunch+1","theSenshi:MoonKick+1","theSenshi:MoonPower+1","theSenshi:LunasBite+1"],"picked":"Singing Bowl","floor":44},{"not_picked":["theSenshi:TuxedoSmokingBomber+1","theSenshi:MoonPrincessHalation+1","theSenshi:SilverCrystal","theSenshi:SailorJupiterAssists+1"],"picked":"Singing Bowl","floor":46},{"not_picked":["Violence","Madness","Mayhem","Secret Weapon"],"picked":"Singing Bowl","floor":47},{"not_picked":["theSenshi:MoonPower+1","theSenshi:LunasBite+1","theSenshi:CrisisMakeUp","theSenshi:RainbowMoonHeartAche+1"],"picked":"Singing Bowl","floor":48}],"player_experience":3297225,"relics_obtained":[{"floor":5,"key":"FossilizedHelix"},{"floor":7,"key":"Girya"},{"floor":12,"key":"Molten Egg 2"},{"floor":14,"key":"Question Card"},{"floor":24,"key":"Singing Bowl"},{"floor":26,"key":"MealTicket"},{"floor":27,"key":"Toy Ornithopter"},{"floor":29,"key":"Ancient Tea Set"},{"floor":31,"key":"Eternal Feather"},{"floor":38,"key":"Guardian:GemstoneGun"},{"floor":40,"key":"Letter Opener"},{"floor":43,"key":"Orichalcum"},{"floor":44,"key":"HollowMod:PaleOreRelic"},{"floor":46,"key":"Gremlin Horn"},{"floor":48,"key":"The Courier"}],"event_choices":[{"damage_healed":0,"gold_gain":75,"player_choice":"Gather Gold","damage_taken":11,"max_hp_gain":0,"max_hp_loss":0,"event_name":"World of Goop","floor":3,"gold_loss":0},{"damage_healed":0,"gold_gain":0,"player_choice":"Read","damage_taken":0,"max_hp_gain":0,"max_hp_loss":0,"event_name":"The Library","floor":21,"gold_loss":0,"cards_obtained":["theSenshi:SailorSaturnAssists"]},{"damage_healed":0,"gold_gain":0,"player_choice":"","damage_taken":6,"max_hp_gain":0,"max_hp_loss":0,"event_name":"Knowing Skull","floor":22,"potions_obtained":[],"gold_loss":0,"cards_obtained":[]},{"damage_healed":0,"gold_gain":0,"player_choice":"Fight","damage_taken":0,"max_hp_gain":0,"max_hp_loss":0,"event_name":"MindBloom","floor":38,"gold_loss":0},{"damage_healed":0,"gold_gain":0,"player_choice":"Memory 1","damage_taken":0,"max_hp_gain":0,"max_hp_loss":0,"event_name":"SensoryStone","floor":47,"gold_loss":0}],"is_beta":false,"boss_relics":[{"not_picked":["bronze:MakeshiftBattery","Snecko Eye"],"picked":"Ectoplasm"},{"not_picked":["Runesmith:UraniumAnvil","SacredBark"],"picked":"Tiny House"}],"items_purged_floors":[45,54],"is_endless":false,"potions_floor_spawned":[2,10,13,16,18,20,25,28,30,39,40,41,44,48],"killed_by":"Shield and Spear","ascension_level":20}}