{"host":"rupmf8lnk599ormj","time":1613350277,"event":{"mods":["2.2 Compatiblity","AchievementEnabler","BaseMod","Better Match","Better Third Choice","BetterRewards","Colored Map","Colored Powertips","Conspire","Downfall","Evolution","Gold Saver","Googly Eyes","Hero for Fun","Hubris","Minty Spire (QoL Compilation)","Quick Restart","Rare Cards Sparkle","Replay The Spire","Shade Mod","Spicy Shops","StSLib","The Cursed"],"gold_per_floor":[1213,1258,517,562,562,562,652,697,697,787,832,877,877,922,922,1222,1222,1267,43,0,45,45,90,90,180,230,230,275,275,320,365,365,665,665,710,130,220,80,125,215,260,350,425,425,425,425,515,560,560,560],"floor_reached":51,"language":"ENG","playtime":3233,"items_purged":["conspire:Blindness"],"score":1394,"play_id":"d3f50eb2-3f42-4148-a2f4-a1c35133b643","local_time":"20210214195117","daily_mods":["Cursed Run","Colorless Cards","Midas"],"is_ascension_mode":false,"campfire_choices":[{"floor":6,"key":"REST"},{"floor":15,"key":"REST"},{"floor":44,"key":"REST"}],"circlet_count":0,"master_deck":["Guardian:PrimingBeam","Guardian:PrimingBeam","Guardian:PrimingBeam","Guardian:PrimingBeam","Guardian:PiercingHide","Guardian:PiercingHide","Guardian:PiercingHide+1","Guardian:PiercingHide","Guardian:CurlUp","Guardian:TwinSlam","Guardian:ChargeUp","Purity","Guardian:SpikerProtocol+1","Guardian:RollAttack","Guardian:Reroute","Finesse","Guardian:VentSteam","Decay","Guardian:ShieldSpikes","Guardian:ChargeCore","conspire:Banana","Replay:BasicMightCard","Guardian:GatlingBeam","Guardian:ShieldCharger","Guardian:Orbwalk+1","Guardian:TemporalStrike","Guardian:DonusPower+1","Replay:Sssssssssshield+1","Decay","Guardian:Planning+1","Metamorphosis","TheCursedMod:Dregs","Pain","Good Instincts+1","Clumsy","Guardian:TemporalStrike+1","Guardian:WalkerClaw+1","hubris:Disease","Guardian:Gem_White","Guardian:TimeCapacitor","Guardian:Gem_White","Guardian:Gem_Yellow","ReplayTheSpireMod:Restless Dread"],"relics":["Cursed Key","Darkstone Periapt","Du-Vu Doll","EVO:Axolotl","Replay:Rubber Ducky","hexamod:BolsterEngine","Art of War","HandDrill","The Courier","hubris:CrystalStatue","Guardian:PocketSentry","sneckomod:SneckoTalon","Replay:Baseball","Matryoshka","Chameleon Ring","hubris:FunFungus","Bag of Marbles","Ice Cream","Replay:Kaleidoscope","Vajra","Juzu Bracelet","Astrolabe","Toxic Egg 2","Medical Kit","Akabeko","Toolbox","Guardian:PickAxe","hubris:Spice","InkBottle","ReplayTheSpireMod:Shallot","Replay:Towering Pillar of Hats","Smiling Mask","hexamod:CandleOfCauterizing","hubris:Towel"],"acts_visited":["Exordium","TheCity","TheBeyond"],"potions_floor_usage":[50,50],"damage_taken":[{"damage":0,"enemies":"2 Louse","floor":1,"turns":2},{"damage":4,"enemies":"Jaw Worm","floor":2,"turns":2},{"damage":0,"enemies":"Cultist","floor":4,"turns":3},{"damage":0,"enemies":"Lagavulin","floor":7,"turns":4},{"damage":0,"enemies":"Blue Slaver","floor":8,"turns":2},{"damage":0,"enemies":"3 Sentries","floor":10,"turns":3},{"damage":0,"enemies":"Red Slaver","floor":11,"turns":2},{"damage":0,"enemies":"Looter","floor":12,"turns":2},{"damage":0,"enemies":"Large Slime","floor":14,"turns":3},{"damage":0,"enemies":"Slime Boss","floor":16,"turns":9},{"damage":2,"enemies":"Chosen","floor":18,"turns":2},{"damage":0,"enemies":"3 Byrds","floor":21,"turns":3},{"damage":1,"enemies":"Centurion and Healer","floor":23,"turns":3},{"damage":0,"enemies":"Gremlin Leader","floor":25,"turns":4},{"damage":0,"enemies":"Snake Plant","floor":28,"turns":2},{"damage":0,"enemies":"conspire:HollyBat","floor":30,"turns":6},{"damage":8,"enemies":"Cultist and Chosen","floor":31,"turns":4},{"damage":0,"enemies":"conspire:MysteriousRune","floor":33,"turns":6},{"damage":0,"enemies":"3 Darklings","floor":35,"turns":6},{"damage":1,"enemies":"2 Orb Walkers","floor":37,"turns":4},{"damage":0,"enemies":"Orb Walker","floor":39,"turns":1},{"damage":15,"enemies":"Nemesis","floor":40,"turns":3},{"damage":23,"enemies":"Writhing Mass","floor":41,"turns":3},{"damage":4,"enemies":"R_Hoarder","floor":42,"turns":7},{"damage":14,"enemies":"Reptomancer","floor":47,"turns":4},{"damage":1,"enemies":"4 Shapes","floor":48,"turns":3},{"damage":6,"enemies":"Donu and Deca","floor":50,"turns":5}],"seed_played":"-463004689936713651","potions_obtained":[{"floor":1,"key":"Guardian:BlockOnCardUsePotion"},{"floor":10,"key":"Death Potion"},{"floor":12,"key":"Weak Potion"},{"floor":14,"key":"champ:CounterPotion"},{"floor":24,"key":"BlessingOfTheForge"},{"floor":33,"key":"SteroidPotion"}],"is_trial":false,"path_per_floor":["M","M","$","M","?","R","E","M","T","E","M","M","?","M","R","B",null,"M","$","?","M","?","M","R","E","T","?","M","?","M","M","R","B",null,"M","$","?","$","M","E","M","E","T","R","?","R","E","M","R","B",null],"character_chosen":"GUARDIAN","items_purchased":["Replay:Rubber Ducky","hexamod:BolsterEngine","Art of War","HandDrill","Guardian:SpikerProtocol","Guardian:RollAttack","Replay:Baseball","Matryoshka","Chameleon Ring","hubris:FunFungus","Bag of Marbles","Ice Cream","Guardian:Orbwalk+1","Guardian:Gem_Red","Toxic Egg 2","Medical Kit","Akabeko","Toolbox","Guardian:PickAxe","InkBottle"],"campfire_rested":3,"item_purchase_floors":[3,3,3,3,3,3,19,19,19,19,19,19,19,19,36,36,36,36,36,38],"current_hp_per_floor":[81,77,77,77,77,81,81,81,87,87,87,87,87,88,88,95,95,93,93,93,95,95,96,96,97,103,109,110,110,111,112,112,119,137,138,138,147,153,153,139,117,146,152,160,160,160,157,156,156,164],"gold":560,"neow_bonus":"","is_daily":true,"chose_seed":false,"campfire_upgraded":0,"win_rate":0.0,"timestamp":1613350277,"path_taken":["M","M","$","M","?","R","E","M","T","E","M","M","?","M","R","BOSS","M","$","?","M","?","M","R","E","T","?","M","?","M","M","R","BOSS","M","$","?","$","M","E","M","E","T","R","?","R","E","M","R","BOSS"],"items_purchased_type":["Relic","Relic","Relic","Relic","Card","Card","Relic","Relic","Relic","Relic","Relic","Relic","Card","Card","Relic","Relic","Relic","Relic","Relic","Relic"],"build_version":"2020-12-22","purchased_purges":1,"victory":true,"max_hp_per_floor":[81,81,81,81,81,81,81,81,87,87,87,87,87,88,88,95,95,95,95,95,95,95,96,96,97,103,109,110,110,111,112,112,119,137,138,138,147,153,153,153,153,154,160,160,160,160,168,168,168,175],"card_choices":[{"not_picked":["Guardian:TemporalStrike","Guardian:PiercingHide"],"picked":"Guardian:ChargeUp","floor":1},{"not_picked":["Impatience","Guardian:RefractedBeam"],"picked":"Purity","floor":2},{"not_picked":["Guardian:Gem_Cyan","Forethought"],"picked":"Guardian:Reroute","floor":4},{"not_picked":["Guardian:TemporalShield","Guardian:PrimingBeam"],"picked":"Finesse","floor":7},{"not_picked":["Guardian:Gem_Cyan","Guardian:Reroute"],"picked":"Guardian:VentSteam","floor":8},{"not_picked":["Guardian:Gem_Synthetic","Finesse"],"picked":"Guardian:ShieldSpikes","floor":10},{"not_picked":["Guardian:PolyBeam","Guardian:PrimingBeam"],"picked":"Guardian:ChargeCore","floor":11},{"not_picked":["Guardian:BodySlam","Guardian:Preprogram"],"picked":"conspire:Banana","floor":12},{"not_picked":["Guardian:TemporalShield","Guardian:VentSteam"],"picked":"Replay:BasicMightCard","floor":14},{"not_picked":["Guardian:StasisField","Thinking Ahead"],"picked":"Guardian:GatlingBeam","floor":16},{"not_picked":["Guardian:PrimingBeam","Guardian:PiercingHide"],"picked":"Guardian:ShieldCharger","floor":18},{"not_picked":["Finesse","Guardian:ShieldSpikes"],"picked":"Guardian:TemporalStrike","floor":21},{"not_picked":["Guardian:VentSteam","HandOfGreed"],"picked":"Guardian:DonusPower+1","floor":23},{"not_picked":["Guardian:Gem_Cyan","Forethought"],"picked":"Replay:Sssssssssshield+1","floor":25},{"not_picked":["Guardian:Gem_Green","Guardian:PrimingBeam","Guardian:Recover+1"],"picked":"SKIP","floor":28},{"not_picked":["Guardian:TemporalShield","Guardian:Incinerate","Guardian:RollAttack"],"picked":"SKIP","floor":30},{"not_picked":["ReplayTheSpireMod:Uncanny Aura","Guardian:CrystalBeam"],"picked":"Guardian:Planning+1","floor":31},{"not_picked":["ReplayTheSpireMod:Necrogeddon","Guardian:ExploitGems"],"picked":"Metamorphosis","floor":33},{"not_picked":["Guardian:Gem_Green","Guardian:TemporalStrike+1"],"picked":"Good Instincts+1","floor":35},{"not_picked":["Guardian:Gem_Cyan","Guardian:Gem_Lightblue","Deep Breath+1"],"picked":"SKIP","floor":39},{"not_picked":["Guardian:Gem_Red","Guardian:RollAttack+1"],"picked":"Guardian:TemporalStrike+1","floor":40},{"not_picked":["Guardian:FuturePlans+1","Guardian:ShieldCharger+1","Guardian:Incinerate+1"],"picked":"SKIP","floor":41},{"not_picked":["Guardian:EvasiveProtocol+1","Madness+1"],"picked":"Guardian:WalkerClaw+1","floor":42},{"not_picked":["Guardian:Gem_Green","Guardian:Reroute"],"picked":"Guardian:Gem_Purple","floor":47},{"not_picked":["Guardian:Clone+1","Specialist+1"],"picked":"Guardian:TimeCapacitor","floor":48}],"player_experience":254105,"relics_obtained":[{"floor":7,"key":"The Courier"},{"floor":9,"key":"hubris:CrystalStatue"},{"floor":10,"key":"Guardian:PocketSentry"},{"floor":25,"key":"Replay:Kaleidoscope"},{"floor":26,"key":"Vajra"},{"floor":26,"key":"Juzu Bracelet"},{"floor":37,"key":"hubris:Spice"},{"floor":40,"key":"ReplayTheSpireMod:Shallot"},{"floor":42,"key":"Replay:Towering Pillar of Hats"},{"floor":43,"key":"Smiling Mask"},{"floor":43,"key":"hexamod:CandleOfCauterizing"},{"floor":47,"key":"hubris:Spice"}],"event_choices":[{"damage_healed":0,"gold_gain":0,"player_choice":"Ignored","damage_taken":0,"max_hp_gain":0,"max_hp_loss":0,"event_name":"Golden Idol","floor":5,"gold_loss":0},{"damage_healed":0,"gold_gain":0,"player_choice":"Paid Fearfully","damage_taken":0,"max_hp_gain":0,"max_hp_loss":0,"event_name":"Masked Bandits","floor":20,"gold_loss":43},{"damage_healed":0,"gold_gain":0,"player_choice":"Upgraded","damage_taken":0,"max_hp_gain":0,"max_hp_loss":0,"event_name":"Upgrade Shrine","floor":22,"gold_loss":0,"cards_upgraded":["Guardian:SpikerProtocol"]},{"damage_healed":0,"gold_gain":0,"player_choice":"Smashed Altar","damage_taken":0,"max_hp_gain":0,"max_hp_loss":0,"event_name":"Forgotten Altar","floor":27,"gold_loss":0,"cards_obtained":["Decay"]},{"damage_healed":0,"gold_gain":0,"player_choice":"Ignored","damage_taken":0,"max_hp_gain":0,"max_hp_loss":0,"event_name":"Fountain of Cleansing","floor":29,"gold_loss":0},{"damage_healed":0,"gold_gain":0,"player_choice":"Fight","damage_taken":0,"max_hp_gain":0,"max_hp_loss":0,"event_name":"Mysterious Sphere","floor":37,"gold_loss":0}],"is_beta":false,"boss_relics":[{"not_picked":["Black Star","Replay:Bronze Core"],"picked":"sneckomod:SneckoTalon"},{"not_picked":["conspire:SlowCooker","hubris:ScarierMask"],"picked":"Astrolabe"}],"items_purged_floors":[38],"is_endless":false,"potions_floor_spawned":[1,10,12,14,16,25,28,30,33,40,42,48],"ascension_level":0}}