{"host":"5qewjvycy34u7aeo","time":1613416512,"event":{"mods":["BaseMod","Downfall","GifTheSpireLib","Hubris","Infinite Spire","Minty Spire (QoL Compilation)","Permanent Neow","Replay The Spire","StSLib","Wandering Minibosses"],"gold_per_floor":[11,11,26,45,61,88,163,194,245,245,255,289,289,289,289,420,420,394,414,414,414],"floor_reached":20,"language":"ENG","playtime":1477,"items_purged":[],"score":213,"play_id":"9f8342c5-9d3c-49d0-952c-f0dfa562f3d8","local_time":"20210215131512","is_ascension_mode":true,"campfire_choices":[{"floor":10.0,"key":"REST"}],"circlet_count":0,"master_deck":["Strike_B","Strike_B","Strike_B","Defend_B","Defend_B","Defend_B","Defend_B","Zap","Dualcast","Glacier","Blizzard","Hello World","ReplayTheSpireMod:Calculation Training","Conserve Battery+1","Cold Snap","Echo Form","Coolheaded","ReplayTheSpireMod:Calculation Training"],"relics":["Cracked Core","hubris:64BitClover","infinitespire:WardingShard","Pen Nib","Geode","Golden Idol","hubris:Backtick","Calipers","Prayer Wheel","hubris:Teleporter"],"acts_visited":["Exordium","TheCity"],"potions_floor_usage":[20],"damage_taken":[{"damage":2.0,"enemies":"Jaw Worm","floor":1.0,"turns":3.0},{"damage":1.0,"enemies":"Cultist","floor":3.0,"turns":3.0},{"damage":0.0,"enemies":"Small Slimes","floor":4.0,"turns":3.0},{"damage":6.0,"enemies":"Looter","floor":5.0,"turns":4.0},{"damage":11.0,"enemies":"3 Sentries","floor":6.0,"turns":7.0},{"damage":41.0,"enemies":"Gremlin Nob","floor":8.0,"turns":7.0},{"damage":1.0,"enemies":"3 Louse","floor":11.0,"turns":4.0},{"damage":2.0,"enemies":"3 Sentries","floor":12.0,"turns":7.0},{"damage":6.0,"enemies":"The Guardian","floor":16.0,"turns":16.0},{"damage":22,"enemies":"2 Thieves","floor":18,"turns":7},{"damage":0,"enemies":"Chosen","floor":19,"turns":8},{"damage":62,"enemies":"3 Cultists","floor":20,"turns":5}],"seed_played":"4711078991468172948","potions_obtained":[{"floor":1.0,"key":"Explosive Potion"},{"floor":2.0,"key":"EssenceOfSteel"},{"floor":2.0,"key":"Block Potion"},{"floor":6.0,"key":"FocusPotion"},{"floor":16.0,"key":"AttackPotion"}],"is_trial":false,"path_per_floor":["M","?","M","M","M","E","?","E","T","R","M","E","?","?","R","B",null,"M","M","M"],"character_chosen":"DEFECT","items_purchased":[],"campfire_rested":1,"item_purchase_floors":[],"current_hp_per_floor":[73,73,72,72,66,55,44,3,3,25,24,22,22,15,15,9,69,47,47,0,0],"gold":414,"neow_bonus":"ONE_RARE_RELIC","is_daily":false,"chose_seed":false,"campfire_upgraded":0,"win_rate":0.0,"timestamp":1613416512,"path_taken":["M","?","M","?","M","E","?","E","T","R","M","E","?","?","R","BOSS","M","M","M"],"items_purchased_type":[],"build_version":"2020-12-22","purchased_purges":0,"victory":false,"max_hp_per_floor":[75,75,75,75,75,75,75,75,75,75,75,75,69,69,69,69,69,69,69,69,69],"card_choices":[{"not_picked":["Chill","Streamline"],"picked":"Glacier","floor":1.0},{"not_picked":["Stack","Heatsinks","Steam Power"],"picked":"SKIP","floor":3.0},{"not_picked":["Coolheaded","Stack"],"picked":"Blizzard","floor":4.0},{"not_picked":["Compile Driver","Seek"],"picked":"Hello World","floor":5.0},{"not_picked":["Steam","Panic Button","ReplayTheSpireMod:System Scan"],"picked":"SKIP","floor":6.0},{"not_picked":["Streamline","Hologram"],"picked":"ReplayTheSpireMod:Calculation Training","floor":8.0},{"not_picked":["Panic Button","ReplayTheSpireMod:Fabricate Wheel"],"picked":"Conserve Battery","floor":11.0},{"not_picked":["Lockon","Barrage"],"picked":"Cold Snap","floor":12.0},{"not_picked":["Reboot","ReplayTheSpireMod:Fabricate Wheel"],"picked":"Echo Form","floor":16.0},{"not_picked":["Conserve Battery","Storm"],"picked":"Coolheaded","floor":18},{"not_picked":["Panic Button+1","BasicCrystalCard"],"picked":"ReplayTheSpireMod:Calculation Training","floor":18},{"not_picked":["Beam Cell","Melter","Force Field"],"picked":"SKIP","floor":19},{"not_picked":["Aggregate","Recycle","Stack+1"],"picked":"SKIP","floor":19}],"player_experience":434606,"relics_obtained":[{"floor":6.0,"key":"infinitespire:WardingShard"},{"floor":8.0,"key":"Dead Branch"},{"floor":9.0,"key":"Pen Nib"},{"floor":12.0,"key":"Geode"},{"floor":18,"key":"hubris:Teleporter"}],"event_choices":[{"damage_healed":0.0,"max_hp_gain":0.0,"max_hp_loss":0.0,"gold_gain":0.0,"event_name":"Lab","player_choice":"Got Potions","floor":2.0,"gold_loss":0.0,"damage_taken":0.0},{"damage_healed":0.0,"max_hp_gain":0.0,"max_hp_loss":0.0,"gold_gain":75.0,"event_name":"World of Goop","player_choice":"Gather Gold","floor":7.0,"gold_loss":0.0,"damage_taken":11.0},{"damage_healed":0.0,"max_hp_gain":0.0,"max_hp_loss":6.0,"gold_gain":0.0,"event_name":"Golden Idol","player_choice":"Lose Max HP","floor":13.0,"gold_loss":0.0,"damage_taken":0.0,"relics_obtained":["Golden Idol"]},{"cards_removed":["Strike_B"],"damage_healed":0.0,"max_hp_gain":0.0,"max_hp_loss":0.0,"gold_gain":0.0,"event_name":"Golden Wing","player_choice":"Card Removal","floor":14.0,"gold_loss":0.0,"damage_taken":7.0}],"is_beta":false,"boss_relics":[{"not_picked":["Ectoplasm","ChewingGum"],"picked":"hubris:Backtick"}],"items_purged_floors":[],"is_endless":false,"potions_floor_spawned":[1,6,11,12,16,18],"killed_by":"3 Cultists","ascension_level":2}}