{"host":"ktoxvvst1mwxww91","time":1613405460,"event":{"mods":["BaseMod","Downfall","Hermit","Minty Spire (QoL Compilation)","StSLib","The Hierophant","The Necromancer"],"gold_per_floor":[114,127,127,178,201,201,234,234,234,234,184,184,224,243,243,243,243],"floor_reached":16,"language":"ENG","playtime":361,"items_purged":[],"score":162,"play_id":"df94143d-89a7-4055-8d96-93cbde30f846","local_time":"20210215171100","is_ascension_mode":true,"campfire_choices":[{"data":"True Grit","floor":6,"key":"SMITH"},{"data":"True Grit","floor":8,"key":"SMITH"},{"data":"Bash","floor":10,"key":"SMITH"},{"data":"Spot Weakness","floor":12,"key":"SMITH"},{"data":"Wild Strike","floor":15,"key":"SMITH"}],"circlet_count":0,"master_deck":["AscendersBane","Strike_R","Strike_R","Strike_R","Strike_R","Defend_R","Defend_R","Defend_R","Defend_R","Bash+1","Wild Strike+1","Spot Weakness+1","True Grit+1","True Grit+1","Battle Trance","Headbutt"],"relics":["Burning Blood","NeowsBlessing","Golden Idol","Anchor","Frozen Egg 2","Meat on the Bone","Self Forming Clay"],"acts_visited":["Exordium"],"potions_floor_usage":[7,16],"damage_taken":[{"damage":0,"enemies":"Jaw Worm","floor":1,"turns":1},{"damage":0,"enemies":"Cultist","floor":2,"turns":1},{"damage":0,"enemies":"Small Slimes","floor":5,"turns":1},{"damage":38,"enemies":"Gremlin Nob","floor":7,"turns":5},{"damage":25,"enemies":"Lagavulin","floor":13,"turns":8},{"damage":2,"enemies":"2 Fungi Beasts","floor":14,"turns":3},{"damage":52,"enemies":"Slime Boss","floor":16,"turns":11}],"seed_played":"429460123706794348","potions_obtained":[{"floor":1,"key":"Strength Potion"},{"floor":14,"key":"FearPotion"}],"is_trial":false,"path_per_floor":["M","M","?","T","M","R","E","R","T","R","?","R","E","M","R","B"],"character_chosen":"IRONCLAD","items_purchased":[],"campfire_rested":0,"item_purchase_floors":[],"current_hp_per_floor":[78,80,74,74,74,74,42,42,42,42,42,42,35,51,51,0,0],"gold":243,"neow_bonus":"THREE_ENEMY_KILL","is_daily":false,"chose_seed":false,"campfire_upgraded":5,"win_rate":0.0,"timestamp":1613405460,"path_taken":["M","M","?","?","?","R","E","R","T","R","?","R","E","M","R","BOSS"],"items_purchased_type":[],"build_version":"2020-12-22","purchased_purges":0,"victory":false,"max_hp_per_floor":[80,80,74,74,74,74,74,74,74,74,74,74,74,74,74,74,74],"card_choices":[{"not_picked":["Dark Embrace","Warcry"],"picked":"Wild Strike","floor":1},{"not_picked":["Inflame","Shrug It Off"],"picked":"Spot Weakness","floor":2},{"not_picked":["Havoc","Rupture"],"picked":"True Grit","floor":5},{"not_picked":["Dropkick","Armaments"],"picked":"True Grit","floor":7},{"not_picked":["Power Through","Infernal Blade"],"picked":"Battle Trance","floor":13},{"not_picked":["Flex","Havoc"],"picked":"Headbutt","floor":14}],"player_experience":1173588,"relics_obtained":[{"floor":4,"key":"Anchor"},{"floor":7,"key":"Frozen Egg 2"},{"floor":9,"key":"Meat on the Bone"},{"floor":13,"key":"Self Forming Clay"}],"event_choices":[{"damage_healed":0,"gold_gain":0,"player_choice":"Lose Max HP","damage_taken":0,"relics_obtained":["Golden Idol"],"max_hp_gain":0,"max_hp_loss":6,"event_name":"Golden Idol","floor":3,"gold_loss":0},{"cards_removed":["Strike_R"],"damage_healed":0,"gold_gain":0,"player_choice":"Card Removal","damage_taken":0,"max_hp_gain":0,"max_hp_loss":0,"event_name":"The Cleric","floor":11,"gold_loss":50}],"is_beta":false,"boss_relics":[],"items_purged_floors":[],"is_endless":false,"potions_floor_spawned":[1,14],"killed_by":"Slime Boss","ascension_level":10}}