{"host":"j5j96s76v36ug78u","time":1613393859,"event":{"mods":["BaseMod","Better Third Choice","Downfall","Highlight Path","Minty Spire (QoL Compilation)","Reliquary","StSLib","The Animator"],"gold_per_floor":[99,116,116,30,30,43,43,85,85,111,137,37,63,87,104,213,213,113,139,224,247,247,247,247,268,268,268],"floor_reached":26,"language":"ENG","playtime":1643,"items_purged":[],"score":260,"play_id":"5a652d16-0c63-4672-a5e6-7498b9ff625d","local_time":"20210215095739","is_ascension_mode":true,"campfire_choices":[{"data":"animator:MumenRider","floor":1,"key":"SMITH"},{"floor":9,"key":"RECALL"},{"floor":12,"key":"REST"},{"data":"animator:MumenRider","floor":18,"key":"SMITH"}],"circlet_count":0,"master_deck":["animator:Strike_OnePunchMan+1","animator:Defend_OnePunchMan","animator:Genos","animator:MumenRider+1","animator:Darkness+1","animator:Strike_AccelWorld","animator:Strike_Overlord","animator:Defend_GoblinSlayer","animator:Defend_HitsugiNoChaika","animator:Defend_TenSura+1","animator:SilverFang","animator:Melzalgald","animator:Tatsumaki","animator:GuildGirl","animator:MumenRider","animator:MumenRider+1","animator:SwordMaiden","animator:Viivi+1","animator:TsurugaMeisai","animator:SwordMaiden","animator:EmiyaShirou"],"relics":["animator:LivingPicture","animator:TheMissingPiece","animator:PurgingStone","Vajra","Tiny Chest","Paper Crane","downfall:HeartBlessingGreen","reliquary:WeakTea","Empty Cage","downfall:HeartBlessingRed"],"acts_visited":["Exordium","TheCity"],"potions_floor_usage":[8,8,10,13,16,16,25],"damage_taken":[{"damage":6,"enemies":"Jaw Worm","floor":2,"turns":3},{"damage":0,"enemies":"2 Louse","floor":6,"turns":2},{"damage":9,"enemies":"Gremlin Nob","floor":8,"turns":3},{"damage":33,"enemies":"Lagavulin","floor":10,"turns":8},{"damage":0,"enemies":"Cultist","floor":11,"turns":3},{"damage":6,"enemies":"3 Sentries","floor":13,"turns":5},{"damage":9,"enemies":"3 Louse","floor":14,"turns":2},{"damage":5,"enemies":"Blue Slaver","floor":15,"turns":2},{"damage":24,"enemies":"SI_SHIV_ARCHETYPE","floor":16,"turns":7},{"damage":7,"enemies":"Shell Parasite","floor":19,"turns":11},{"damage":0,"enemies":"3 Byrds","floor":21,"turns":5},{"damage":22,"enemies":"Snecko","floor":25,"turns":5},{"damage":21,"enemies":"Slavers","floor":26,"turns":1}],"seed_played":"7756016136846504442","potions_obtained":[{"floor":2,"key":"hexamod:SoulburnPotion"},{"floor":5,"key":"downfall:CursedFountainPotion"},{"floor":6,"key":"Explosive Potion"},{"floor":8,"key":"AttackPotion"},{"floor":13,"key":"Fire Potion"},{"floor":15,"key":"FearPotion"},{"floor":19,"key":"Slimebound:ThreeZeroPotion"},{"floor":25,"key":"GamblersBrew"}],"is_trial":false,"path_per_floor":["R","M","?","?","?","M","T","E","R","E","M","R","E","M","M","B",null,"R","M","?","M","?","?","T","M","E"],"character_chosen":"THE_ANIMATOR","items_purchased":[],"campfire_rested":1,"item_purchase_floors":[],"current_hp_per_floor":[72,66,66,66,66,66,66,57,57,25,25,46,40,31,26,2,73,73,66,52,52,39,39,39,20,0,0],"gold":268,"neow_bonus":"TEN_PERCENT_HP_BONUS","is_daily":false,"chose_seed":false,"campfire_upgraded":2,"win_rate":0.0,"timestamp":1613393859,"path_taken":["R","M","?","?","?","?","T","E","R","E","M","R","E","M","M","BOSS","R","M","?","M","?","?","T","M","E"],"items_purchased_type":[],"build_version":"2020-12-22","purchased_purges":0,"victory":false,"max_hp_per_floor":[72,72,72,72,72,72,72,72,72,73,73,73,73,73,73,73,73,73,73,73,73,78,78,78,78,78,78],"card_choices":[{"not_picked":["animator:ZankiKiguchi","animator:CowGirl"],"picked":"animator:Darkness","floor":2},{"not_picked":["animator:KyokoSakura","animator:Alexander","animator:Aqua"],"picked":"SKIP","floor":6},{"not_picked":["animator:NagisaMomoe","animator:Genos"],"picked":"animator:SilverFang","floor":8},{"not_picked":["animator:Genos","animator:SilverFang"],"picked":"animator:Melzalgald","floor":10},{"not_picked":["animator:Spearman","animator:Layla"],"picked":"animator:Tatsumaki","floor":11},{"not_picked":["animator:RinTohsaka","animator:Hitei"],"picked":"animator:GuildGirl","floor":13},{"not_picked":["animator:Viivi","animator:CowGirl"],"picked":"animator:MumenRider","floor":14},{"not_picked":["animator:SilverFang","animator:Tatsumaki"],"picked":"animator:MumenRider","floor":15},{"not_picked":["animator:MadokaKaname","animator:Eris"],"picked":"animator:SwordMaiden","floor":16},{"not_picked":["animator:Mikaela","animator:Kuribayashi"],"picked":"animator:Viivi+1","floor":19},{"not_picked":["animator:UneriGinkaku","animator:Guy"],"picked":"animator:TsurugaMeisai","floor":21},{"not_picked":["animator:Konayuki+1","animator:Tatsumaki"],"picked":"animator:EmiyaShirou","floor":25}],"player_experience":243240,"relics_obtained":[{"floor":7,"key":"Vajra"},{"floor":8,"key":"Tiny Chest"},{"floor":10,"key":"Paper Crane"},{"floor":13,"key":"reliquary:WeakTea"}],"event_choices":[],"is_beta":false,"boss_relics":[{"not_picked":["Busted Crown","Sozu"],"picked":"Empty Cage"}],"items_purged_floors":[],"is_endless":false,"potions_floor_spawned":[2,6,8,13,15,19,25],"killed_by":"Slavers","ascension_level":3}}