{"host":"jq8d8epkoknfq6em","time":1613397992,"event":{"mods":["AchievementEnabler","BaseMod","Colored Map","Colored Powertips","Highlight Path","Minty Spire (QoL Compilation)","Quick Restart","Relic Stats","StSLib"],"gold_per_floor":[113,38,53,71,82,82,95,95,95,95,95,129,143,155,155,252,252,268,287,298,6,23,52,52,85,85,85,120,120,136,166,166,271,271,287,5,16,34,50,50,85,85,85,103,134,134,134,134,134,134],"floor_reached":51,"language":"ENG","playtime":4789,"items_purged":["Shame","Strike_R","Strike_R"],"score":1302,"play_id":"79a3c342-6737-48b0-872b-033f437ae2e7","local_time":"20210215150632","is_ascension_mode":true,"campfire_choices":[{"data":"Searing Blow","floor":6.0,"key":"SMITH"},{"data":"Armaments","floor":8.0,"key":"SMITH"},{"data":"Searing Blow+1","floor":11.0,"key":"SMITH"},{"data":"Metallicize","floor":15.0,"key":"SMITH"},{"data":"Searing Blow+2","floor":24.0,"key":"SMITH"},{"data":"Dual Wield","floor":27.0,"key":"SMITH"},{"data":"Berserk","floor":29.0,"key":"SMITH"},{"floor":32.0,"key":"REST"},{"data":"Searing Blow+3","floor":40,"key":"SMITH"},{"data":"Searing Blow+4","floor":42,"key":"SMITH"},{"data":"Searing Blow+5","floor":46,"key":"SMITH"},{"floor":49,"key":"REST"}],"circlet_count":0,"master_deck":["AscendersBane","Strike_R","Defend_R","Defend_R","Defend_R","Bash","Armaments+1","Dual Wield+1","Metallicize+1","Shockwave","Searing Blow+6","Disarm","Pommel Strike","Feel No Pain","Shrug It Off","True Grit","Burning Pact","Fiend Fire","Whirlwind+1","Shrug It Off+1","Shockwave+1"],"relics":["Burning Blood","Mercury Hourglass","HornCleat","Busted Crown","Lee\u0027s Waffle","TungstenRod","Orichalcum","Toxic Egg 2","PreservedInsect","Gremlin Horn","Mark of Pain","Omamori","The Courier","Question Card","InkBottle"],"acts_visited":["Exordium","TheCity","TheBeyond"],"potions_floor_usage":[41,41,50],"damage_taken":[{"damage":8.0,"enemies":"Small Slimes","floor":1.0,"turns":5.0},{"damage":0.0,"enemies":"Cultist","floor":3.0,"turns":5.0},{"damage":6.0,"enemies":"Jaw Worm","floor":4.0,"turns":5.0},{"damage":4.0,"enemies":"Blue Slaver","floor":5.0,"turns":7.0},{"damage":0.0,"enemies":"Looter","floor":7.0,"turns":4.0},{"damage":21.0,"enemies":"3 Sentries","floor":12.0,"turns":5.0},{"damage":4.0,"enemies":"3 Louse","floor":13.0,"turns":4.0},{"damage":5.0,"enemies":"Blue Slaver","floor":14.0,"turns":3.0},{"damage":15.0,"enemies":"The Guardian","floor":16.0,"turns":13.0},{"damage":9.0,"enemies":"2 Thieves","floor":18.0,"turns":4.0},{"damage":9.0,"enemies":"Spheric Guardian","floor":19.0,"turns":4.0},{"damage":0.0,"enemies":"Centurion and Healer","floor":20.0,"turns":5.0},{"damage":3.0,"enemies":"Snake Plant","floor":22.0,"turns":4.0},{"damage":5.0,"enemies":"Book of Stabbing","floor":23.0,"turns":8.0},{"damage":9.0,"enemies":"Gremlin Leader","floor":25.0,"turns":6.0},{"damage":32.0,"enemies":"Slavers","floor":28.0,"turns":8.0},{"damage":12.0,"enemies":"Sentry and Sphere","floor":30.0,"turns":5.0},{"damage":14.0,"enemies":"Book of Stabbing","floor":31.0,"turns":5.0},{"damage":0.0,"enemies":"Champ","floor":33.0,"turns":18.0},{"damage":26,"enemies":"3 Shapes","floor":35,"turns":5},{"damage":10,"enemies":"3 Darklings","floor":37,"turns":5},{"damage":6,"enemies":"4 Shapes","floor":38,"turns":1},{"damage":2,"enemies":"Writhing Mass","floor":39,"turns":7},{"damage":10,"enemies":"Giant Head","floor":41,"turns":7},{"damage":4,"enemies":"3 Darklings","floor":44,"turns":4},{"damage":12,"enemies":"Nemesis","floor":45,"turns":7},{"damage":18,"enemies":"Donu and Deca","floor":50,"turns":12}],"seed_played":"-4373133296978413620","potions_obtained":[{"floor":1.0,"key":"Block Potion"},{"floor":3.0,"key":"Strength Potion"},{"floor":13.0,"key":"ElixirPotion"},{"floor":16.0,"key":"AttackPotion"},{"floor":23.0,"key":"LiquidBronze"},{"floor":28.0,"key":"SneckoOil"},{"floor":30.0,"key":"DuplicationPotion"},{"floor":33.0,"key":"BlessingOfTheForge"},{"floor":38,"key":"LiquidMemories"},{"floor":41,"key":"DuplicationPotion"}],"is_trial":false,"path_per_floor":["M","$","M","M","M","R","M","R","T","?","R","E","M","M","R","B",null,"M","M","M","$","M","E","R","E","T","R","E","R","M","E","R","B",null,"M","$","M","M","M","R","E","R","T","M","E","R","?","?","R","B",null],"character_chosen":"IRONCLAD","items_purchased":["True Grit","Lee\u0027s Waffle","Omamori"],"campfire_rested":2,"item_purchase_floors":[21,21,36],"current_hp_per_floor":[70,70,76,76,78,78,80,80,80,80,80,65,67,68,68,59,75,72,69,75,87,87,87,87,84,84,84,58,58,52,44,70,76,84,64,64,60,60,64,64,60,60,60,62,56,56,56,56,82,70],"gold":134,"neow_bonus":"TRANSFORM_TWO_CARDS","is_daily":false,"chose_seed":false,"campfire_upgraded":10,"win_rate":0.0,"timestamp":1613397992,"path_taken":["M","$","M","M","M","R","M","R","T","?","R","E","M","M","R","BOSS","M","M","M","$","M","E","R","E","T","R","E","R","M","E","R","BOSS","M","$","?","M","M","R","E","R","T","M","E","R","?","?","R","BOSS"],"items_purchased_type":["Card","Relic","Relic"],"build_version":"2020-12-22","purchased_purges":3,"victory":true,"max_hp_per_floor":[80,80,80,80,80,80,80,80,80,80,80,80,80,80,80,80,80,80,80,80,87,87,87,87,87,87,87,87,87,87,87,87,87,87,87,87,87,87,87,87,87,87,87,87,87,87,87,87,87,87],"relic_stats":{"Lee\u0027s Waffle":0,"Busted Crown":14,"Gremlin Horn":[9,9],"counters":[8,48],"PreservedInsect":180,"Orichalcum":[6],"Question Card":2,"obtain_stats":[{"Lee\u0027s Waffle":0,"Gremlin Horn":0,"PreservedInsect":0,"The Courier":41,"Omamori":36,"Orichalcum":0,"Question Card":43,"Burning Blood":0,"Mercury Hourglass":0,"HornCleat":0,"Busted Crown":0,"Mark of Pain":34,"Toxic Egg 2":0,"TungstenRod":0,"InkBottle":45},{"Lee\u0027s Waffle":0,"Gremlin Horn":0,"PreservedInsect":0,"The Courier":5,"Omamori":1,"Orichalcum":0,"Question Card":5,"Burning Blood":0,"Mercury Hourglass":0,"HornCleat":0,"Busted Crown":0,"Mark of Pain":0,"Toxic Egg 2":0,"TungstenRod":0,"InkBottle":7},{"Lee\u0027s Waffle":0,"Gremlin Horn":0,"PreservedInsect":0,"The Courier":25,"Omamori":5,"Orichalcum":0,"Question Card":25,"Burning Blood":0,"Mercury Hourglass":0,"HornCleat":0,"Busted Crown":0,"Mark of Pain":0,"Toxic Egg 2":0,"TungstenRod":0,"InkBottle":36}],"Burning Blood":48,"TungstenRod":19,"InkBottle":[4],"Mercury Hourglass":[180]},"card_choices":[{"not_picked":["Rage","Iron Wave"],"picked":"Metallicize","floor":1.0},{"not_picked":["Feel No Pain","Havoc"],"picked":"Shockwave","floor":3.0},{"not_picked":["Sword Boomerang","Iron Wave","Warcry"],"picked":"SKIP","floor":4.0},{"not_picked":["Intimidate","Clash"],"picked":"Searing Blow","floor":5.0},{"not_picked":["Warcry","Armaments","Burning Pact"],"picked":"SKIP","floor":7.0},{"not_picked":["Demon Form","Warcry"],"picked":"Disarm","floor":12.0},{"not_picked":["Rampage","Iron Wave"],"picked":"Pommel Strike","floor":13.0},{"not_picked":["Armaments","Wild Strike"],"picked":"Feel No Pain","floor":14.0},{"not_picked":["Demon Form","Immolate"],"picked":"Berserk","floor":16.0},{"not_picked":[],"picked":"Shrug It Off","floor":18.0},{"not_picked":["Sever Soul"],"picked":"SKIP","floor":19.0},{"not_picked":["Body Slam"],"picked":"SKIP","floor":20.0},{"not_picked":[],"picked":"Burning Pact","floor":22.0},{"not_picked":["Wild Strike"],"picked":"SKIP","floor":23.0},{"not_picked":["Iron Wave"],"picked":"SKIP","floor":25.0},{"not_picked":[],"picked":"Fiend Fire","floor":28.0},{"not_picked":["Cleave"],"picked":"SKIP","floor":30.0},{"not_picked":["Perfected Strike"],"picked":"SKIP","floor":31.0},{"not_picked":[],"picked":"Whirlwind+1","floor":35},{"not_picked":[],"picked":"Shrug It Off+1","floor":37},{"not_picked":["Twin Strike"],"picked":"SKIP","floor":38},{"not_picked":["Heavy Blade+1"],"picked":"SKIP","floor":39},{"not_picked":[],"picked":"Shockwave+1","floor":41},{"not_picked":["Pummel+1","Heavy Blade+1"],"picked":"SKIP","floor":44},{"not_picked":["Fire Breathing","Spot Weakness+1"],"picked":"SKIP","floor":45}],"player_experience":1003656,"relics_obtained":[{"floor":9.0,"key":"Mercury Hourglass"},{"floor":12.0,"key":"HornCleat"},{"floor":23.0,"key":"TungstenRod"},{"floor":25.0,"key":"Orichalcum"},{"floor":26.0,"key":"Toxic Egg 2"},{"floor":28.0,"key":"PreservedInsect"},{"floor":31.0,"key":"Gremlin Horn"},{"floor":41,"key":"The Courier"},{"floor":43,"key":"Question Card"},{"floor":45,"key":"InkBottle"}],"event_choices":[{"cards_removed":["Strike_R"],"damage_healed":0.0,"max_hp_gain":0.0,"max_hp_loss":0.0,"gold_gain":0.0,"event_name":"Bonfire Elementals","player_choice":"Offered Basic","floor":10.0,"gold_loss":0.0,"damage_taken":0.0},{"cards_removed":["Berserk"],"damage_healed":0,"gold_gain":0,"player_choice":"Removed Power","damage_taken":0,"max_hp_gain":0,"max_hp_loss":0,"event_name":"Falling","floor":47,"gold_loss":0},{"damage_healed":0,"gold_gain":0,"player_choice":"Ignored","damage_taken":0,"max_hp_gain":0,"max_hp_loss":0,"event_name":"Mysterious Sphere","floor":48,"gold_loss":0}],"is_beta":false,"boss_relics":[{"not_picked":["SlaversCollar","Black Blood"],"picked":"Busted Crown"},{"not_picked":["Calling Bell","Black Star"],"picked":"Mark of Pain"}],"items_purged_floors":[2,21,36],"is_endless":false,"potions_floor_spawned":[1,3,13,16,23,28,30,33,38,41],"ascension_level":12}}