{"host":"gtoa8h4im74f14p0","time":1613420793,"event":{"mods":["AchievementEnabler","BaseMod","Better Silent Start","Block Reminder","Colored Powertips","Custom Start","Downfall","Hermit","Minty Spire (QoL Compilation)","Reliquary","Shop Mod","StSLib","Swap Starting Deck Mod","The Cursed","The Marked"],"gold_per_floor":[111,111,111,123,142,142,160,186,186,186,206,4,23,41,41,138,138,138,138],"floor_reached":18,"language":"ENG","playtime":827,"items_purged":[],"score":154,"play_id":"b66fd099-7405-4525-b536-32dfb0bc5ca8","local_time":"20210215152633","is_ascension_mode":false,"campfire_choices":[{"floor":6,"key":"REST"},{"data":"Defragment","floor":10,"key":"SMITH"},{"floor":15,"key":"REST"}],"circlet_count":0,"master_deck":["Strike_B","Strike_B","Strike_B","Defend_B","Defend_B","Defend_B","Defend_B","Zap","Dualcast","Defragment+1","Thunder Strike","Turbo","Gash","Redo","Buffer","Sweeping Beam","Guardian:Gem_Lightblue","TheCursedMod:CircleOfCorruption","champ:IgnorePain","CurseOfTheBell"],"relics":["Cracked Core","Bag of Preparation","reliquary:NewFriend","PrismaticShard","Calling Bell","reliquary:Stiletto","Mummified Hand","Calipers"],"acts_visited":["Exordium","TheCity"],"potions_floor_usage":[16],"damage_taken":[{"damage":0,"enemies":"Cultist","floor":1,"turns":4},{"damage":1,"enemies":"Small Slimes","floor":4,"turns":3},{"damage":15,"enemies":"Jaw Worm","floor":5,"turns":4},{"damage":5,"enemies":"Exordium Thugs","floor":7,"turns":4},{"damage":7,"enemies":"Blue Slaver","floor":11,"turns":2},{"damage":1,"enemies":"3 Louse","floor":13,"turns":3},{"damage":14,"enemies":"Large Slime","floor":14,"turns":6},{"damage":55,"enemies":"The Guardian","floor":16,"turns":10},{"damage":84,"enemies":"3 Byrds","floor":18,"turns":5}],"seed_played":"-7369463251225050204","potions_obtained":[{"floor":5,"key":"FairyPotion"},{"floor":7,"key":"Block Potion"},{"floor":16,"key":"sneckomod:MuddlingPotion"}],"is_trial":false,"path_per_floor":["M","?","?","M","M","R","M","T","T","R","M","$","M","M","R","B",null,"M"],"character_chosen":"DEFECT","items_purchased":["PrismaticShard","Sweeping Beam"],"campfire_rested":2,"item_purchase_floors":[12,12],"current_hp_per_floor":[82,82,82,81,66,82,77,77,77,77,70,70,69,55,79,24,82,0,0],"gold":138,"neow_bonus":"TEN_PERCENT_HP_BONUS","is_daily":false,"chose_seed":false,"campfire_upgraded":1,"win_rate":0.0,"timestamp":1613420793,"path_taken":["M","?","?","M","?","R","M","?","T","R","M","$","M","M","R","BOSS","M"],"items_purchased_type":["Relic","Card"],"build_version":"2020-12-22","purchased_purges":0,"victory":false,"max_hp_per_floor":[82,82,82,82,82,82,82,82,82,82,82,82,82,82,82,82,82,82,82],"card_choices":[{"not_picked":["Steam","Lockon"],"picked":"Defragment","floor":1},{"not_picked":["Cold Snap","Barrage"],"picked":"Turbo","floor":4},{"not_picked":["Go for the Eyes","Darkness"],"picked":"Gash","floor":5},{"not_picked":["Compile Driver","Barrage"],"picked":"Redo","floor":7},{"not_picked":["Hologram","Scrape"],"picked":"Buffer","floor":11},{"not_picked":["Sucker Punch","Warcry"],"picked":"Guardian:Gem_Lightblue","floor":13},{"not_picked":["sneckomod:SoulDraw","Outmaneuver"],"picked":"TheCursedMod:CircleOfCorruption","floor":14},{"not_picked":["Unload","theMarked:Abjuration"],"picked":"champ:IgnorePain","floor":16}],"player_experience":68532,"relics_obtained":[{"floor":8,"key":"Bag of Preparation"},{"floor":9,"key":"reliquary:NewFriend"},{"floor":17,"key":"reliquary:Stiletto"},{"floor":17,"key":"Mummified Hand"},{"floor":17,"key":"Calipers"}],"event_choices":[{"damage_healed":0,"gold_gain":0,"player_choice":"Ignored","damage_taken":0,"max_hp_gain":0,"max_hp_loss":0,"event_name":"Golden Wing","floor":2,"gold_loss":0},{"damage_healed":0,"gold_gain":0,"cards_transformed":["Strike_B"],"player_choice":"Transformed","damage_taken":0,"max_hp_gain":0,"max_hp_loss":0,"event_name":"Transmorgrifier","floor":3,"gold_loss":0,"cards_obtained":["Thunder Strike"]}],"is_beta":false,"boss_relics":[{"not_picked":["Fusion Hammer","reliquary:Craggleroot"],"picked":"Calling Bell"}],"items_purged_floors":[],"is_endless":false,"potions_floor_spawned":[5,7,16],"killed_by":"3 Byrds","ascension_level":0}}