{"host":"ydh61a5ftgdajrbo","time":1613393247,"event":{"mods":["BaseMod","Colored Map","Colored Powertips","DeckTracker","Downfall","Hermit","Koishi","Minty Spire (QoL Compilation)","Prisma Mod","Relic Stats","Spire Arcade","StSLib","SuperFastMode","The Cursed","The Jungle","The Mystic","The Runesmith","The Senshi","The Servant 0.9.4"],"gold_per_floor":[116,116,135,152,165,165,199,199,199,199,215,215,195,216,216,305,305,330,93,18,34,84,127,139,166,225,237,237],"floor_reached":27,"language":"ZHS","playtime":904,"items_purged":["Strike_G"],"score":431,"play_id":"5f2ebb31-9d67-401a-9f39-07f63e3d126b","local_time":"20210215204727","is_ascension_mode":true,"campfire_choices":[{"data":"Footwork","floor":6.0,"key":"SMITH"},{"floor":8.0,"key":"REST"},{"data":"Underhanded Strike","floor":10.0,"key":"SMITH"},{"data":"Calculated Gamble","floor":15.0,"key":"SMITH"},{"floor":24,"key":"REST"}],"circlet_count":0,"master_deck":["AscendersBane","Strike_G","Strike_G","Strike_G","Strike_G","Defend_G+1","Defend_G+1","Defend_G","Defend_G","Defend_G","Survivor","Neutralize","Underhanded Strike+1","Footwork+1","Calculated Gamble+1","All Out Attack","Bouncing Flask","Unload","Reflex","Die Die Die","PiercingWail","Flying Knee","Backflip","A Thousand Cuts"],"relics":["sneckomod:SneckoTalon","Mummified Hand","Letter Opener","Pantograph","Golden Idol","Black Star","sneckomod:BlankCard","MawBank","Pen Nib","War Paint"],"acts_visited":["Exordium","TheCity"],"potions_floor_usage":[23,23],"damage_taken":[{"damage":4.0,"enemies":"2 Louse","floor":1.0,"turns":3.0},{"damage":0.0,"enemies":"Cultist","floor":3.0,"turns":3.0},{"damage":2.0,"enemies":"Jaw Worm","floor":4.0,"turns":5.0},{"damage":1.0,"enemies":"3 Louse","floor":5.0,"turns":5.0},{"damage":6.0,"enemies":"Gremlin Nob","floor":7.0,"turns":5.0},{"damage":11.0,"enemies":"Exordium Wildlife","floor":11.0,"turns":6.0},{"damage":13.0,"enemies":"Exordium Thugs","floor":14.0,"turns":5.0},{"damage":22.0,"enemies":"The Guardian","floor":16.0,"turns":9.0},{"damage":25.0,"enemies":"Spheric Guardian","floor":18.0,"turns":5.0},{"damage":5.0,"enemies":"3 Byrds","floor":21.0,"turns":4.0},{"damage":25,"enemies":"Slavers","floor":23,"turns":6},{"damage":13,"enemies":"Centurion and Healer","floor":25,"turns":8},{"damage":7,"enemies":"Cultist and Chosen","floor":27,"turns":3}],"seed_played":"1716421378454217286","potions_obtained":[{"floor":5.0,"key":"Fire Potion"},{"floor":7.0,"key":"Swift Potion"},{"floor":11.0,"key":"bronze:BurnAndBuffPotion"},{"floor":13.0,"key":"Dexterity Potion"},{"floor":21.0,"key":"Guardian:BlockOnCardUsePotion"},{"floor":23,"key":"Strength Potion"},{"floor":25,"key":"GhostInAJar"}],"is_trial":false,"path_per_floor":["M","?","M","M","M","R","E","R","T","R","M","?","?","M","R","B",null,"M","$","?","M","?","E","R","M","T","M"],"character_chosen":"THE_SILENT","items_purchased":["sneckomod:BlankCard"],"campfire_rested":2,"item_purchase_floors":[19],"current_hp_per_floor":[55,37,37,35,34,34,28,47,47,47,36,36,36,23,23,26,56,31,31,31,26,26,1,20,7,7,0,0],"gold":237,"neow_bonus":"BOSS_RELIC","is_daily":false,"chose_seed":false,"campfire_upgraded":3,"win_rate":0.0,"timestamp":1613393247,"path_taken":["M","?","M","M","M","R","E","R","T","R","M","?","?","?","R","BOSS","M","?","?","M","?","E","R","M","T","M"],"items_purchased_type":["Relic"],"build_version":"2020-12-22","purchased_purges":1,"victory":false,"max_hp_per_floor":[66,66,66,66,66,66,66,66,66,66,66,66,66,66,66,66,66,66,66,66,66,66,66,66,66,66,66,66],"relic_stats":{"counters":[13,67],"Mummified Hand":[11],"Golden Idol":42,"Pantograph":25,"Pen Nib":[2],"Black Star":1,"Letter Opener":[73],"War Paint":["Defend_G","Defend_G"],"MawBank":48,"obtain_stats":[{"Mummified Hand":2,"Golden Idol":12,"Pantograph":9,"sneckomod:BlankCard":19,"Pen Nib":23,"Black Star":17,"Letter Opener":7,"War Paint":26,"sneckomod:SneckoTalon":0,"MawBank":23,"Ring of the Snake":0},{"Mummified Hand":1,"Golden Idol":6,"Pantograph":5,"sneckomod:BlankCard":9,"Pen Nib":11,"Black Star":8,"Letter Opener":5,"War Paint":12,"sneckomod:SneckoTalon":0,"MawBank":11,"Ring of the Snake":0},{"Mummified Hand":3,"Golden Idol":27,"Pantograph":21,"sneckomod:BlankCard":46,"Pen Nib":56,"Black Star":41,"Letter Opener":21,"War Paint":64,"sneckomod:SneckoTalon":0,"MawBank":56,"Ring of the Snake":0}]},"card_choices":[{"not_picked":["Quick Slash","Flechettes"],"picked":"Underhanded Strike","floor":1.0},{"not_picked":["Poisoned Stab","Deflect"],"picked":"Footwork","floor":3.0},{"not_picked":["Underhanded Strike","Deadly Poison"],"picked":"Calculated Gamble","floor":4.0},{"not_picked":["Dodge and Roll","Footwork"],"picked":"All Out Attack","floor":5.0},{"not_picked":["Footwork","Dagger Throw"],"picked":"Bouncing Flask","floor":7.0},{"not_picked":["Dagger Throw","Caltrops"],"picked":"Unload","floor":11.0},{"not_picked":["Poisoned Stab","Heel Hook"],"picked":"Reflex","floor":14.0},{"not_picked":["Envenom","After Image"],"picked":"Die Die Die","floor":16.0},{"not_picked":["Skewer","Cloak And Dagger"],"picked":"PiercingWail","floor":18.0},{"not_picked":["Dagger Spray","Prepared"],"picked":"Flying Knee","floor":21.0},{"not_picked":["Poisoned Stab","Distraction+1"],"picked":"Backflip","floor":23},{"not_picked":["Finisher","Well Laid Plans"],"picked":"A Thousand Cuts","floor":25}],"player_experience":398201,"relics_obtained":[{"floor":7.0,"key":"Letter Opener"},{"floor":9.0,"key":"Pantograph"},{"floor":23,"key":"MawBank"},{"floor":23,"key":"Pen Nib"},{"floor":26,"key":"War Paint"}],"event_choices":[{"damage_healed":0.0,"max_hp_gain":0.0,"max_hp_loss":0.0,"gold_gain":0.0,"event_name":"Scrap Ooze","player_choice":"Success","floor":2.0,"gold_loss":0.0,"damage_taken":18.0,"relics_obtained":["Mummified Hand"]},{"damage_healed":0.0,"max_hp_gain":0.0,"max_hp_loss":0.0,"gold_gain":0.0,"event_name":"Golden Idol","player_choice":"Take Wound","floor":12.0,"gold_loss":0.0,"damage_taken":0.0,"relics_obtained":["Golden Idol"],"cards_obtained":["Injury"]},{"damage_healed":0.0,"max_hp_gain":0.0,"max_hp_loss":0.0,"gold_gain":0.0,"event_name":"The Woman in Blue","player_choice":"Bought 1 Potion","floor":13.0,"gold_loss":0.0,"damage_taken":0.0},{"cards_removed":["Injury"],"damage_healed":0.0,"max_hp_gain":0.0,"max_hp_loss":0.0,"gold_gain":0.0,"event_name":"Beggar","player_choice":"Gave Gold","floor":20.0,"gold_loss":75.0,"damage_taken":0.0},{"damage_healed":0.0,"max_hp_gain":0.0,"max_hp_loss":0.0,"gold_gain":50.0,"event_name":"Nest","player_choice":"Stole From Cult","floor":22.0,"gold_loss":0.0,"damage_taken":0.0}],"is_beta":false,"boss_relics":[{"not_picked":["Fusion Hammer","Astrolabe"],"picked":"Black Star"}],"items_purged_floors":[19],"is_endless":false,"potions_floor_spawned":[5,7,11,14,21,23,25],"killed_by":"Cultist and Chosen","ascension_level":17}}