{"host":"sav7uxregyirlf69","time":1613394206,"event":{"mods":["AchievementEnabler","BaseMod","Colored Map","DeckTracker","Keyboard Shortcuts","Minty Spire (QoL Compilation)","READ ME - Guardian Mod","StSLib","SuperFastMode"],"gold_per_floor":[114,114,77,77,77,77,92,92,117,147,159,201,228,255,267,379,391,418,183,198,113,128,158,158,173,248,278,278,228,228,258,258,358,358,373,409,409,409,359,389,389,389,389,439,469,469,469,176,176,176],"floor_reached":51,"language":"KOR","playtime":798,"items_purged":["Strike_R","Strike_R","Strike_R","Strike_R+1"],"score":1013,"play_id":"5a3a7a53-8331-4d99-ac07-b27f2612f56a","local_time":"20210215220326","daily_mods":["Heirloom","Flight","Night Terrors"],"is_ascension_mode":false,"campfire_choices":[{"data":"Body Slam","floor":6,"key":"SMITH"},{"data":"Uppercut","floor":8,"key":"SMITH"},{"data":"Shrug It Off","floor":11,"key":"SMITH"},{"data":"Barricade","floor":15,"key":"SMITH"},{"data":"Dark Embrace","floor":24,"key":"SMITH"},{"data":"Entrench","floor":30,"key":"SMITH"},{"data":"Offering","floor":32,"key":"SMITH"},{"data":"Impervious","floor":47,"key":"SMITH"},{"data":"Master of Strategy","floor":49,"key":"SMITH"}],"circlet_count":0,"master_deck":["Defend_R+1","Defend_R","Defend_R","Defend_R","Bash","Body Slam+1","Uppercut+1","Shrug It Off+1","Pommel Strike+1","Dark Embrace+1","Barricade+1","Impervious+1","Shrug It Off+1","Entrench+1","Offering+1","Burning Pact+1","Impervious+1","Offering+1","Master of Strategy+1","Dark Shackles"],"relics":["Black Blood","Torii","Anchor","Orichalcum","MawBank","Lantern","Coffee Dripper","Bronze Scales","Letter Opener","Smiling Mask","Self Forming Clay","War Paint","The Courier","Unceasing Top","Juzu Bracelet","Omamori","CaptainsWheel","White Beast Statue"],"acts_visited":["Exordium","TheCity","TheBeyond"],"potions_floor_usage":[16,27,33,50,50,50,50,50],"damage_taken":[{"damage":7,"enemies":"2 Louse","floor":1,"turns":3},{"damage":1,"enemies":"Jaw Worm","floor":7,"turns":2},{"damage":14,"enemies":"Lagavulin","floor":10,"turns":6},{"damage":1,"enemies":"3 Sentries","floor":12,"turns":9},{"damage":0,"enemies":"Cultist","floor":13,"turns":1},{"damage":0,"enemies":"Gremlin Gang","floor":14,"turns":5},{"damage":24,"enemies":"Hexaghost","floor":16,"turns":9},{"damage":1,"enemies":"2 Thieves","floor":18,"turns":4},{"damage":0,"enemies":"Spheric Guardian","floor":20,"turns":1},{"damage":0,"enemies":"Cultist and Chosen","floor":22,"turns":4},{"damage":0,"enemies":"Book of Stabbing","floor":23,"turns":4},{"damage":6,"enemies":"Shelled Parasite and Fungi","floor":25,"turns":4},{"damage":14,"enemies":"Slavers","floor":27,"turns":6},{"damage":6,"enemies":"Book of Stabbing","floor":31,"turns":3},{"damage":6,"enemies":"Champ","floor":33,"turns":6},{"damage":0,"enemies":"Orb Walker","floor":35,"turns":2},{"damage":6,"enemies":"2 Orb Walkers","floor":36,"turns":6},{"damage":6,"enemies":"Nemesis","floor":40,"turns":5},{"damage":6,"enemies":"Mind Bloom Boss Battle","floor":44,"turns":2},{"damage":6,"enemies":"Reptomancer","floor":45,"turns":5},{"damage":12,"enemies":"Time Eater","floor":50,"turns":3}],"seed_played":"5535013652570512859","potions_obtained":[{"floor":1,"key":"SpeedPotion"},{"floor":10,"key":"Regen Potion"},{"floor":13,"key":"HeartOfIron"},{"floor":16,"key":"EntropicBrew"},{"floor":27,"key":"ColorlessPotion"},{"floor":33,"key":"DuplicationPotion"}],"is_trial":false,"path_per_floor":["M","?","$","?","T","R","M","R","T","E","R","E","M","M","R","B",null,"M","$","M","?","M","E","R","M","T","E","?","$","R","E","R","B",null,"M","?","?","?","$","E","?","?","T","?","E","?","R","$","R","B",null],"character_chosen":"IRONCLAD","items_purchased":["Uppercut","Shrug It Off","Bronze Scales","Master of Strategy","Dark Shackles","Swift Potion"],"campfire_rested":0,"item_purchase_floors":[3,19,19,48,48,48],"current_hp_per_floor":[79,63,63,56,56,56,61,61,61,53,53,58,64,70,70,52,80,80,80,80,80,80,80,80,80,80,72,72,72,72,72,72,72,80,80,80,76,76,76,76,76,76,76,76,76,76,76,76,76,76],"gold":176,"neow_bonus":"","is_daily":true,"chose_seed":false,"campfire_upgraded":9,"win_rate":0.0,"timestamp":1613394206,"path_taken":["M","?","?","?","?","R","?","R","T","E","R","E","M","M","R","BOSS","M","$","?","?","M","E","R","M","T","E","?","$","R","E","R","BOSS","M","?","?","?","$","E","?","?","T","?","E","?","R","$","R","BOSS"],"items_purchased_type":["Card","Card","Relic","Card","Card","Potion"],"build_version":"2020-12-22","purchased_purges":4,"victory":true,"max_hp_per_floor":[80,80,80,80,80,80,80,80,80,80,80,80,80,80,80,80,80,80,80,80,80,80,80,80,80,80,80,80,80,80,80,80,80,80,80,80,76,76,76,76,76,76,76,76,76,76,76,76,76,76],"card_choices":[{"not_picked":["Dark Embrace","Combust"],"picked":"Body Slam","floor":1},{"not_picked":["Sword Boomerang","Heavy Blade"],"picked":"Shrug It Off","floor":7},{"not_picked":["Anger","Wild Strike","Flex"],"picked":"SKIP","floor":10},{"not_picked":["Clash","Sentinel"],"picked":"Pommel Strike","floor":12},{"not_picked":["Armaments","True Grit"],"picked":"Dark Embrace","floor":13},{"not_picked":["Iron Wave","Thunderclap"],"picked":"Barricade","floor":14},{"not_picked":["Double Tap","Barricade"],"picked":"Impervious","floor":16},{"not_picked":["Sword Boomerang","Blood for Blood+1","Warcry"],"picked":"SKIP","floor":18},{"not_picked":["Reckless Charge","Body Slam"],"picked":"Entrench","floor":20},{"not_picked":["Dark Embrace","Iron Wave","Headbutt+1"],"picked":"SKIP","floor":22},{"not_picked":["Body Slam","Headbutt"],"picked":"Offering","floor":23},{"not_picked":["Shockwave","Clash"],"picked":"Burning Pact+1","floor":25},{"not_picked":["Havoc","Dual Wield","Armaments+1"],"picked":"SKIP","floor":27},{"not_picked":["Pommel Strike","Shockwave+1","Wild Strike+1"],"picked":"SKIP","floor":31},{"not_picked":["Metallicize+1","Heavy Blade+1","Havoc+1"],"picked":"SKIP","floor":35},{"not_picked":["Headbutt+1","Twin Strike","Warcry"],"picked":"SKIP","floor":40},{"not_picked":["Spot Weakness+1","Pummel+1"],"picked":"Impervious","floor":45}],"player_experience":1582085,"relics_obtained":[{"floor":5,"key":"Anchor"},{"floor":9,"key":"Orichalcum"},{"floor":10,"key":"MawBank"},{"floor":12,"key":"Lantern"},{"floor":23,"key":"Smiling Mask"},{"floor":26,"key":"Self Forming Clay"},{"floor":27,"key":"War Paint"},{"floor":31,"key":"The Courier"},{"floor":36,"key":"Unceasing Top"},{"floor":40,"key":"Juzu Bracelet"},{"floor":43,"key":"Omamori"},{"floor":44,"key":"CaptainsWheel"},{"floor":45,"key":"White Beast Statue"}],"event_choices":[{"damage_healed":0,"gold_gain":0,"player_choice":"Entered Light","damage_taken":16,"max_hp_gain":0,"max_hp_loss":0,"event_name":"Shining Light","floor":2,"gold_loss":0,"cards_upgraded":["Strike_R","Defend_R"]},{"cards_removed":["Strike_R"],"damage_healed":0,"gold_gain":0,"player_choice":"Card Removal","damage_taken":7,"max_hp_gain":0,"max_hp_loss":0,"event_name":"Golden Wing","floor":4,"gold_loss":0},{"damage_healed":0,"gold_gain":0,"player_choice":"Obtained Relic","damage_taken":0,"relics_obtained":["Letter Opener"],"max_hp_gain":0,"max_hp_loss":0,"event_name":"Addict","floor":21,"gold_loss":85},{"damage_healed":0,"gold_gain":0,"player_choice":"Ignored","damage_taken":0,"max_hp_gain":0,"max_hp_loss":0,"event_name":"Cursed Tome","floor":28,"gold_loss":0},{"damage_healed":0,"gold_gain":0,"player_choice":"Fight","damage_taken":0,"max_hp_gain":0,"max_hp_loss":0,"event_name":"Mysterious Sphere","floor":36,"gold_loss":0},{"damage_healed":0,"gold_gain":0,"player_choice":"Max HP","damage_taken":0,"max_hp_gain":0,"max_hp_loss":4,"event_name":"Winding Halls","floor":37,"gold_loss":0},{"damage_healed":0,"gold_gain":0,"player_choice":"Ignored","damage_taken":0,"max_hp_gain":0,"max_hp_loss":0,"event_name":"Tomb of Lord Red Mask","floor":38,"gold_loss":0},{"damage_healed":0,"gold_gain":0,"player_choice":"Memory 1","damage_taken":0,"max_hp_gain":0,"max_hp_loss":0,"event_name":"SensoryStone","floor":41,"gold_loss":0},{"damage_healed":0,"gold_gain":0,"player_choice":"Upgraded","damage_taken":0,"max_hp_gain":0,"max_hp_loss":0,"event_name":"Upgrade Shrine","floor":42,"gold_loss":0,"cards_upgraded":["Pommel Strike"]},{"damage_healed":0,"gold_gain":0,"player_choice":"Fight","damage_taken":0,"max_hp_gain":0,"max_hp_loss":0,"event_name":"MindBloom","floor":44,"gold_loss":0},{"damage_healed":0,"gold_gain":0,"player_choice":"Copied","damage_taken":0,"max_hp_gain":0,"max_hp_loss":0,"event_name":"Duplicator","floor":46,"gold_loss":0,"cards_obtained":["Offering"]}],"is_beta":false,"boss_relics":[{"not_picked":["Snecko Eye","Empty Cage"],"picked":"Coffee Dripper"},{"not_picked":["Runic Cube","Velvet Choker"],"picked":"Black Blood"}],"items_purged_floors":[19,29,39,48],"is_endless":false,"potions_floor_spawned":[1,10,13,16,22,27,31,33,36,45],"ascension_level":0}}