{"host":"vyjryxuuuxkt43k4","time":1613396903,"event":{"mods":["AchievementEnabler","BaseMod","Colored Map","DeckTracker","Keyboard Shortcuts","Minty Spire (QoL Compilation)","Permanent Neow","Quick Restart","StSLib","SuperFastMode","everything is the same but u backflip on backflip"],"gold_per_floor":[119,119,119,142,67,102,102,121,121,121,144,182,182,201,201,201,201],"floor_reached":16,"language":"KOR","playtime":719,"items_purged":[],"score":270,"play_id":"eaf6ad9a-84cb-48cf-868c-d8203b7d5ee7","local_time":"20210215224823","is_ascension_mode":true,"campfire_choices":[{"data":"Dagger Throw","floor":7.0,"key":"SMITH"},{"data":"Neutralize","floor":10.0,"key":"SMITH"},{"data":"PiercingWail","floor":13.0,"key":"SMITH"},{"floor":15.0,"key":"REST"}],"circlet_count":0,"master_deck":["AscendersBane","Strike_G","Strike_G","Strike_G","Strike_G","Defend_G","Defend_G","Defend_G","Defend_G","Defend_G","Survivor","Neutralize+1","Flying Knee","Dagger Throw+1","Underhanded Strike","PiercingWail+1","Dagger Spray","Finisher+1","Blade Dance"],"relics":["Ring of the Snake","NeowsBlessing","Golden Idol","Pantograph","Unceasing Top","Molten Egg 2"],"acts_visited":["Exordium"],"potions_floor_usage":[],"damage_taken":[{"damage":0.0,"enemies":"Jaw Worm","floor":1.0,"turns":1.0},{"damage":0.0,"enemies":"2 Louse","floor":4.0,"turns":1.0},{"damage":0.0,"enemies":"Lagavulin","floor":6.0,"turns":1.0},{"damage":0.0,"enemies":"Cultist","floor":8.0,"turns":2.0},{"damage":7.0,"enemies":"Lots of Slimes","floor":11.0,"turns":6.0},{"damage":20.0,"enemies":"3 Sentries","floor":12.0,"turns":10.0},{"damage":0.0,"enemies":"Exordium Wildlife","floor":14.0,"turns":3.0},{"damage":71,"enemies":"The Guardian","floor":16,"turns":10}],"seed_played":"-619113727686650088","potions_obtained":[{"floor":1.0,"key":"PowerPotion"},{"floor":12.0,"key":"Regen Potion"}],"is_trial":false,"path_per_floor":["M","?","?","M","?","E","R","M","T","R","M","E","R","M","R","B"],"character_chosen":"THE_SILENT","items_purchased":[],"campfire_rested":1,"item_purchase_floors":[],"current_hp_per_floor":[59,59,52,52,52,52,52,52,52,52,45,25,25,34,53,0,0],"gold":201,"neow_bonus":"THREE_ENEMY_KILL","is_daily":false,"chose_seed":false,"campfire_upgraded":3,"win_rate":0.0,"timestamp":1613396903,"path_taken":["M","?","?","M","?","E","R","M","T","R","?","E","R","M","R","BOSS"],"items_purchased_type":[],"build_version":"2020-12-22","purchased_purges":0,"victory":false,"max_hp_per_floor":[66,66,66,66,66,66,66,66,66,66,66,66,66,66,66,66,66],"card_choices":[{"not_picked":["Infinite Blades","Dodge and Roll"],"picked":"Flying Knee","floor":1.0},{"not_picked":["Underhanded Strike","Slice"],"picked":"Dagger Throw","floor":4.0},{"not_picked":["Infinite Blades","Outmaneuver"],"picked":"Underhanded Strike","floor":6.0},{"not_picked":["Outmaneuver","Dodge and Roll"],"picked":"PiercingWail","floor":8.0},{"not_picked":["Phantasmal Killer","Flechettes"],"picked":"Dagger Spray","floor":11.0},{"not_picked":["PiercingWail","Poisoned Stab+1"],"picked":"Finisher+1","floor":12.0},{"not_picked":["Finisher+1","Underhanded Strike+1"],"picked":"Blade Dance","floor":14.0}],"player_experience":989446,"relics_obtained":[{"floor":6.0,"key":"Pantograph"},{"floor":9.0,"key":"Unceasing Top"},{"floor":12.0,"key":"Molten Egg 2"}],"event_choices":[{"damage_healed":0.0,"max_hp_gain":0.0,"max_hp_loss":0.0,"gold_gain":0.0,"event_name":"Golden Idol","player_choice":"Take Wound","floor":2.0,"gold_loss":0.0,"damage_taken":0.0,"relics_obtained":["Golden Idol"],"cards_obtained":["Injury"]},{"cards_removed":["Injury"],"damage_healed":0.0,"max_hp_gain":0.0,"max_hp_loss":0.0,"gold_gain":0.0,"event_name":"Golden Wing","player_choice":"Card Removal","floor":3.0,"gold_loss":0.0,"damage_taken":7.0},{"cards_removed":["Strike_G"],"damage_healed":0.0,"max_hp_gain":0.0,"max_hp_loss":0.0,"gold_gain":0.0,"event_name":"The Cleric","player_choice":"Card Removal","floor":5.0,"gold_loss":75.0,"damage_taken":0.0}],"is_beta":false,"boss_relics":[],"items_purged_floors":[],"is_endless":false,"potions_floor_spawned":[1,12],"killed_by":"The Guardian","ascension_level":20}}