{"host":"gtoa8h4im74f14p0","time":1613407446,"event":{"mods":["AchievementEnabler","BaseMod","Better Silent Start","Block Reminder","Colored Powertips","Custom Start","Downfall","Hermit","Minty Spire (QoL Compilation)","Reliquary","Shop Mod","StSLib","Swap Starting Deck Mod","The Cursed","The Marked"],"gold_per_floor":[115,47,47,67,67,67,97,97,97,97,122,142,156,175,175,278,278,292,292,11,31,41,75,75,107,107,107,117,135,154,166,166,262,262,282,296,311,327,327,352,371,404,404,404,404],"floor_reached":44,"language":"ENG","playtime":3248,"items_purged":[],"score":699,"play_id":"48594b9d-9a0a-4428-8fea-b596288a7a4c","local_time":"20210215114406","is_ascension_mode":false,"campfire_choices":[{"floor":6.0,"key":"REST"},{"floor":10.0,"key":"REST"},{"floor":15.0,"key":"REST"},{"floor":32.0,"key":"REST"}],"circlet_count":0,"master_deck":["Poisoned Stab","Poisoned Stab+1","Poisoned Stab","Poisoned Stab","Deflect+1","Deflect","Deflect","Deflect","Deadly Poison","Venomology+1","Well Laid Plans","Footwork","Envenom","Acrobatics+1","Wraith Form v2","Catalyst+1","Blur+1","Corpse Explosion+1","Bouncing Flask+1","Noxious Fumes","Poisoned Stab","Poisoned Stab","Dagger Spray","Backflip+1","Bouncing Flask+1","Envenom","Slice+1","Bouncing Flask+1","Sucker Punch+1","Poisoned Stab+1","Doppelganger+1","Poisoned Stab+1","Footwork","Endless Agony+1","Footwork","Outmaneuver+1","Bane+1","Bouncing Flask+1"],"relics":["Ring of the Snake","Toxic Egg 2","Thread and Needle","reliquary:Aerogel","Velvet Choker","Enchiridion","Medical Kit","reliquary:RadioactivePellet","Happy Flower","Molten Egg 2","Vajra","SlaversCollar","Ancient Tea Set","Incense Burner","Ginger"],"acts_visited":["Exordium","TheCity","TheBeyond"],"potions_floor_usage":[42,44],"damage_taken":[{"damage":0.0,"enemies":"2 Louse","floor":1.0,"turns":2.0},{"damage":0.0,"enemies":"Cultist","floor":4.0,"turns":3.0},{"damage":6.0,"enemies":"Lagavulin","floor":7.0,"turns":4.0},{"damage":6.0,"enemies":"Gremlin Nob","floor":11.0,"turns":4.0},{"damage":0.0,"enemies":"Small Slimes","floor":12.0,"turns":4.0},{"damage":4.0,"enemies":"Gremlin Gang","floor":13.0,"turns":5.0},{"damage":0.0,"enemies":"Large Slime","floor":14.0,"turns":2.0},{"damage":0.0,"enemies":"Hexaghost","floor":16.0,"turns":7.0},{"damage":0.0,"enemies":"3 Byrds","floor":18.0,"turns":4.0},{"damage":4.0,"enemies":"Shell Parasite","floor":21.0,"turns":4.0},{"damage":0.0,"enemies":"3 Cultists","floor":22.0,"turns":4.0},{"damage":7.0,"enemies":"Gremlin Leader","floor":23.0,"turns":5.0},{"damage":15.0,"enemies":"Book of Stabbing","floor":25.0,"turns":5.0},{"damage":0.0,"enemies":"Snecko","floor":28.0,"turns":3.0},{"damage":2.0,"enemies":"Sentry and Sphere","floor":29.0,"turns":3.0},{"damage":11.0,"enemies":"Shelled Parasite and Fungi","floor":30.0,"turns":4.0},{"damage":0.0,"enemies":"Centurion and Healer","floor":31.0,"turns":4.0},{"damage":34.0,"enemies":"Collector","floor":33.0,"turns":5.0},{"damage":3.0,"enemies":"3 Darklings","floor":35.0,"turns":3.0},{"damage":7.0,"enemies":"3 Shapes","floor":36.0,"turns":2.0},{"damage":3.0,"enemies":"Maw","floor":37.0,"turns":4.0},{"damage":13.0,"enemies":"Spire Growth","floor":38.0,"turns":4.0},{"damage":8.0,"enemies":"Reptomancer","floor":40.0,"turns":4.0},{"damage":0.0,"enemies":"Transient","floor":41.0,"turns":5.0},{"damage":3,"enemies":"Giant Head","floor":42,"turns":6},{"damage":42,"enemies":"2 Orb Walkers","floor":44,"turns":3}],"seed_played":"-1933018772152517368","potions_obtained":[{"floor":11.0,"key":"sneckomod:MuddlingPotion"},{"floor":12.0,"key":"Fire Potion"},{"floor":14.0,"key":"ColorlessPotion"},{"floor":16.0,"key":"Ancient Potion"},{"floor":18.0,"key":"CunningPotion"},{"floor":25.0,"key":"CunningPotion"},{"floor":30.0,"key":"Dexterity Potion"},{"floor":31.0,"key":"FearPotion"},{"floor":33.0,"key":"GhostInAJar"},{"floor":35.0,"key":"SteroidPotion"},{"floor":37.0,"key":"Strength Potion"},{"floor":42,"key":"Dexterity Potion"}],"is_trial":false,"path_per_floor":["M","$","?","M","?","R","E","?","T","R","E","M","M","M","R","B",null,"M","?","$","M","M","E","?","E","T","?","M","M","M","M","R","B",null,"M","M","M","M","?","E","M","E","T","?"],"character_chosen":"THE_SILENT","items_purchased":["Footwork","Noxious Fumes","Medical Kit","Poisoned Stab"],"campfire_rested":4,"item_purchase_floors":[2,20,20,20],"current_hp_per_floor":[35,35,35,35,21,42,36,36,36,57,51,51,47,47,68,68,70,70,54,54,50,50,43,43,28,28,28,28,26,15,15,36,2,70,67,60,57,44,44,36,36,33,33,0,0],"gold":404,"neow_bonus":"","is_daily":false,"chose_seed":false,"campfire_upgraded":0,"win_rate":0.0,"timestamp":1613407446,"path_taken":["M","$","?","?","?","R","E","?","T","R","E","M","M","?","R","BOSS","M","?","$","M","M","E","?","E","T","?","M","M","M","M","R","BOSS","M","?","M","M","?","E","M","E","T","?"],"items_purchased_type":["Card","Card","Relic","Card"],"build_version":"2020-12-22","purchased_purges":0,"victory":false,"max_hp_per_floor":[70,70,70,70,70,70,70,70,70,70,70,70,70,70,70,70,70,70,70,70,70,70,70,70,70,70,70,70,70,70,70,70,70,70,70,70,70,70,70,70,70,70,70,70,70],"card_choices":[{"not_picked":["Backflip","Dodge and Roll"],"picked":"Well Laid Plans","floor":1.0},{"not_picked":["Dodge and Roll","Endless Agony"],"picked":"Heel Hook","floor":4.0},{"not_picked":["Cloak And Dagger+1","Dagger Spray"],"picked":"Envenom","floor":7.0},{"not_picked":["Quick Slash","Prepared+1"],"picked":"Wraith Form v2","floor":11.0},{"not_picked":["Dash","Footwork"],"picked":"Catalyst+1","floor":12.0},{"not_picked":["Flechettes","Flying Knee"],"picked":"Cloak And Dagger+1","floor":13.0},{"not_picked":["Outmaneuver+1","Blade Dance+1"],"picked":"Blur+1","floor":14.0},{"not_picked":["Envenom","Phantasmal Killer+1"],"picked":"Corpse Explosion+1","floor":16.0},{"not_picked":["Escape Plan+1","Dagger Spray"],"picked":"Bouncing Flask+1","floor":18.0},{"not_picked":["Flying Knee","Prepared+1"],"picked":"Poisoned Stab","floor":21.0},{"not_picked":["Tactician+1","Slice+1"],"picked":"Dagger Spray","floor":22.0},{"not_picked":["Riddle With Holes","Reflex+1"],"picked":"Backflip+1","floor":23.0},{"not_picked":["Masterful Stab","Acrobatics+1"],"picked":"Envenom","floor":25.0},{"not_picked":["Cloak And Dagger+1","Blade Dance+1"],"picked":"Slice+1","floor":28.0},{"not_picked":["Quick Slash+1","Sucker Punch+1"],"picked":"Bouncing Flask+1","floor":29.0},{"not_picked":["Flying Knee+1","Caltrops"],"picked":"Sucker Punch+1","floor":30.0},{"not_picked":["Cloak And Dagger+1","Dagger Throw+1"],"picked":"Poisoned Stab+1","floor":31.0},{"not_picked":["Phantasmal Killer+1","Envenom"],"picked":"Doppelganger+1","floor":33.0},{"not_picked":["Cloak And Dagger+1","Expertise+1"],"picked":"Poisoned Stab+1","floor":35.0},{"not_picked":["Skewer+1","Dodge and Roll+1"],"picked":"Footwork","floor":36.0},{"not_picked":["Flying Knee+1","Dodge and Roll+1"],"picked":"Endless Agony+1","floor":37.0},{"not_picked":["Blade Dance+1","Dodge and Roll+1"],"picked":"Footwork","floor":38.0},{"not_picked":["Quick Slash+1","Envenom"],"picked":"Outmaneuver+1","floor":40.0},{"not_picked":["Cloak And Dagger+1","Eviscerate+1"],"picked":"Bane+1","floor":41.0},{"not_picked":["Sucker Punch+1","Accuracy+1"],"picked":"Bouncing Flask+1","floor":42}],"player_experience":53054,"relics_obtained":[{"floor":7.0,"key":"Toxic Egg 2"},{"floor":9.0,"key":"Thread and Needle"},{"floor":11.0,"key":"reliquary:Aerogel"},{"floor":19.0,"key":"Enchiridion"},{"floor":23.0,"key":"reliquary:RadioactivePellet"},{"floor":25.0,"key":"Happy Flower"},{"floor":26.0,"key":"Molten Egg 2"},{"floor":40.0,"key":"Ancient Tea Set"},{"floor":42,"key":"Incense Burner"},{"floor":43,"key":"Ginger"}],"event_choices":[{"damage_healed":0.0,"max_hp_gain":0.0,"max_hp_loss":0.0,"gold_gain":0.0,"event_name":"Accursed Blacksmith","player_choice":"Forge","floor":3.0,"gold_loss":0.0,"damage_taken":0.0,"cards_upgraded":["Venomology"]},{"damage_healed":0.0,"max_hp_gain":0.0,"max_hp_loss":0.0,"gold_gain":0.0,"event_name":"Shining Light","player_choice":"Entered Light","floor":5.0,"gold_loss":0.0,"damage_taken":14.0,"cards_upgraded":["Poisoned Stab","Deflect"]},{"damage_healed":0.0,"max_hp_gain":0.0,"max_hp_loss":0.0,"gold_gain":0.0,"cards_transformed":["Heel Hook"],"event_name":"Transmorgrifier","player_choice":"Transformed","floor":8.0,"gold_loss":0.0,"damage_taken":0.0,"cards_obtained":["Acrobatics"]},{"damage_healed":0.0,"max_hp_gain":0.0,"max_hp_loss":0.0,"gold_gain":0.0,"event_name":"Cursed Tome","player_choice":"Obtained Book","floor":19.0,"gold_loss":0.0,"damage_taken":16.0},{"damage_healed":0.0,"max_hp_gain":0.0,"max_hp_loss":0.0,"gold_gain":0.0,"event_name":"The Library","player_choice":"Read","floor":24.0,"gold_loss":0.0,"damage_taken":0.0,"cards_obtained":["Bouncing Flask"]},{"damage_healed":0.0,"max_hp_gain":0.0,"max_hp_loss":0.0,"gold_gain":0.0,"event_name":"WeMeetAgain","player_choice":"Gave Potion","floor":27.0,"gold_loss":0.0,"damage_taken":0.0,"relics_obtained":["Vajra"]},{"cards_removed":["Cloak And Dagger"],"damage_healed":0.0,"max_hp_gain":0.0,"max_hp_loss":0.0,"gold_gain":0.0,"event_name":"Falling","player_choice":"Removed Skill","floor":39.0,"gold_loss":0.0,"damage_taken":0.0},{"damage_healed":0,"gold_gain":0,"player_choice":"Fight","damage_taken":0,"max_hp_gain":0,"max_hp_loss":0,"event_name":"Mysterious Sphere","floor":44,"gold_loss":0}],"is_beta":false,"boss_relics":[{"not_picked":["reliquary:Ember","reliquary:WritOfMandamus"],"picked":"Velvet Choker"},{"not_picked":["Empty Cage","HoveringKite"],"picked":"SlaversCollar"}],"items_purged_floors":[],"is_endless":false,"potions_floor_spawned":[11,12,14,16,18,25,30,31,33,35,37,42],"killed_by":"2 Orb Walkers","ascension_level":0}}