{"host":"qxeepl7ydvsgmfdb","time":1613369459,"event":{"mods":["AchievementEnabler","BaseMod","Colored Powertips","Minty Spire (QoL Compilation)","Quick Restart","slay the spire mod where everything is the same but ironclad has a cowboy hat"],"gold_per_floor":[111,19,19,19,37,71,90,107,180,198,198,198,198,239,239,337,337,350,350,78,93,93,93],"floor_reached":22,"language":"ENG","playtime":803,"items_purged":["Injury"],"score":394,"play_id":"ab5ecee1-18cd-4b5e-b833-3611b6ac0d0f","local_time":"20210215011059","is_ascension_mode":true,"campfire_choices":[{"floor":11,"key":"REST"},{"data":"Noxious Fumes","floor":13,"key":"SMITH"},{"floor":15,"key":"REST"}],"circlet_count":0,"master_deck":["AscendersBane","Strike_G","Strike_G+1","Strike_G","Strike_G","Strike_G","Defend_G","Defend_G","Defend_G","Defend_G","Defend_G","Survivor","Neutralize","Poisoned Stab+1","Noxious Fumes+1","Deadly Poison","Deflect","Deadly Poison","Deadly Poison","Phantasmal Killer","After Image+1","Poisoned Stab"],"relics":["Ring of the Snake","NeowsBlessing","FossilizedHelix","Kunai","Golden Idol","Art of War","SacredBark","Lantern"],"acts_visited":["Exordium","TheCity"],"potions_floor_usage":[14,16,16,21],"damage_taken":[{"damage":0,"enemies":"Small Slimes","floor":1,"turns":1},{"damage":0,"enemies":"Jaw Worm","floor":5,"turns":1},{"damage":0,"enemies":"Gremlin Nob","floor":6,"turns":1},{"damage":0,"enemies":"Cultist","floor":7,"turns":3},{"damage":0,"enemies":"Looter","floor":8,"turns":3},{"damage":10,"enemies":"Large Slime","floor":10,"turns":6},{"damage":3,"enemies":"Lagavulin","floor":14,"turns":5},{"damage":7,"enemies":"Slime Boss","floor":16,"turns":8},{"damage":17,"enemies":"Chosen","floor":18,"turns":6},{"damage":15,"enemies":"2 Thieves","floor":21,"turns":5},{"damage":35,"enemies":"Cultist and Chosen","floor":22,"turns":5}],"seed_played":"8540323480457710380","potions_obtained":[{"floor":4,"key":"Weak Potion"},{"floor":4,"key":"Strength Potion"},{"floor":5,"key":"PowerPotion"},{"floor":14,"key":"AttackPotion"},{"floor":18,"key":"Block Potion"}],"is_trial":false,"path_per_floor":["M","$","?","?","M","E","M","M","T","M","R","?","R","E","R","B",null,"M","?","$","M","M"],"character_chosen":"THE_SILENT","items_purchased":["Noxious Fumes","Deadly Poison","Poisoned Stab","Lantern"],"campfire_rested":2,"item_purchase_floors":[2,2,20,20],"current_hp_per_floor":[59,59,39,39,39,39,39,39,39,29,48,48,48,45,64,57,64,47,47,47,32,0,0],"gold":93,"neow_bonus":"THREE_ENEMY_KILL","is_daily":false,"chose_seed":false,"campfire_upgraded":1,"win_rate":0.0,"timestamp":1613369459,"path_taken":["M","$","?","?","M","E","?","M","T","M","R","?","R","E","R","BOSS","M","?","$","?","M"],"items_purchased_type":["Card","Card","Card","Relic"],"build_version":"2020-12-22","purchased_purges":1,"victory":false,"max_hp_per_floor":[66,66,66,66,66,66,66,66,66,66,66,66,66,66,66,66,66,66,66,66,66,66,66],"card_choices":[{"not_picked":["Bane","Dagger Spray"],"picked":"Poisoned Stab","floor":1},{"not_picked":["Well Laid Plans","All Out Attack"],"picked":"Deflect","floor":5},{"not_picked":["Night Terror","Expertise","Outmaneuver"],"picked":"SKIP","floor":6},{"not_picked":["Acrobatics","Dodge and Roll"],"picked":"Deadly Poison","floor":7},{"not_picked":["Leg Sweep","All Out Attack","Cloak And Dagger"],"picked":"SKIP","floor":8},{"not_picked":["Dagger Spray","Prepared"],"picked":"Deadly Poison","floor":10},{"not_picked":["Caltrops","Escape Plan"],"picked":"Phantasmal Killer","floor":14},{"not_picked":["Tools of the Trade","A Thousand Cuts"],"picked":"After Image","floor":16},{"not_picked":["PiercingWail","Crippling Poison","Flying Knee+1"],"picked":"SKIP","floor":18},{"not_picked":["Heel Hook+1","Tactician","Infinite Blades"],"picked":"SKIP","floor":21}],"player_experience":140961,"relics_obtained":[{"floor":6,"key":"FossilizedHelix"},{"floor":9,"key":"Kunai"},{"floor":14,"key":"Art of War"}],"event_choices":[{"damage_healed":0,"gold_gain":0,"player_choice":"Entered Light","damage_taken":20,"max_hp_gain":0,"max_hp_loss":0,"event_name":"Shining Light","floor":3,"gold_loss":0,"cards_upgraded":["Poisoned Stab","Strike_G"]},{"damage_healed":0,"gold_gain":0,"player_choice":"Got Potions","damage_taken":0,"max_hp_gain":0,"max_hp_loss":0,"event_name":"Lab","floor":4,"gold_loss":0},{"damage_healed":0,"gold_gain":0,"player_choice":"Take Wound","damage_taken":0,"relics_obtained":["Golden Idol"],"max_hp_gain":0,"max_hp_loss":0,"event_name":"Golden Idol","floor":12,"gold_loss":0,"cards_obtained":["Injury"]},{"damage_healed":0,"gold_gain":0,"player_choice":"Forge","damage_taken":0,"max_hp_gain":0,"max_hp_loss":0,"event_name":"Accursed Blacksmith","floor":19,"gold_loss":0,"cards_upgraded":["After Image"]}],"is_beta":false,"boss_relics":[{"not_picked":["Coffee Dripper","Runic Pyramid"],"picked":"SacredBark"}],"items_purged_floors":[20],"is_endless":false,"potions_floor_spawned":[5,6,7,14,18],"killed_by":"Cultist and Chosen","ascension_level":16}}