{"host":"1ooxfz79hmpvpehx","time":1613421839,"event":{"mods":["BaseMod","Better Altar","Better Match","Better Note","Better Sensory Stone","Better Skull","Better Third Choice","Infinite Spire","Marked Mod","Minty Spire (QoL Compilation)","Quick Restart","RNG Fix","Replay The Spire","StSLib","SuperFastMode"],"gold_per_floor":[112,112,112,112,124,153,153,178,178,178,178],"floor_reached":10,"language":"ENG","playtime":220,"items_purged":[],"score":104,"play_id":"6d85c9e0-0bcd-4258-bad7-dc1126bd94cd","local_time":"20210215174359","is_ascension_mode":true,"campfire_choices":[],"circlet_count":0,"master_deck":["Strike_B","Strike_B","Strike_B","Defend_B","Defend_B","Defend_B","Defend_B","Zap","Dualcast","Defragment","Doom and Gloom"],"relics":["Cracked Core","NeowsBlessing","Bronze Scales","infinitespire:Eraser","Chameleon Ring","Blue Doll"],"acts_visited":["Exordium"],"potions_floor_usage":[8],"damage_taken":[{"damage":0,"enemies":"Small Slimes","floor":1,"turns":1},{"damage":0,"enemies":"2 Louse","floor":5,"turns":1},{"damage":0,"enemies":"Gremlin Nob","floor":6,"turns":1},{"damage":18,"enemies":"3 Sentries","floor":8,"turns":3},{"damage":56,"enemies":"Gremlin Nob","floor":10,"turns":6}],"seed_played":"4627529080436467658","potions_obtained":[{"floor":5,"key":"ColorlessPotion"}],"is_trial":false,"path_per_floor":["M","?","T","?","M","E","?","E","T","E"],"character_chosen":"DEFECT","items_purchased":[],"campfire_rested":0,"item_purchase_floors":[],"current_hp_per_floor":[75,75,75,68,68,68,68,50,50,0,0],"gold":178,"neow_bonus":"THREE_ENEMY_KILL","is_daily":false,"chose_seed":false,"campfire_upgraded":0,"win_rate":0.0,"timestamp":1613421839,"path_taken":["M","?","?","?","?","E","?","E","T","E"],"items_purchased_type":[],"build_version":"2020-12-22","purchased_purges":0,"victory":false,"max_hp_per_floor":[75,75,75,75,75,75,75,75,75,75,75],"card_choices":[{"not_picked":["Sweeping Beam","Panic Button"],"picked":"Defragment","floor":1},{"not_picked":["Streamline","Glacier","Rip and Tear"],"picked":"SKIP","floor":5},{"not_picked":["Streamline","Glacier","Rip and Tear"],"picked":"SKIP","floor":5},{"not_picked":["Reboot","Redo","Go for the Eyes"],"picked":"SKIP","floor":6},{"not_picked":["Compile Driver","Barrage","ReplayTheSpireMod:GoodbyeWorld"],"picked":"SKIP","floor":8}],"player_experience":28490,"relics_obtained":[{"floor":3,"key":"infinitespire:Eraser"},{"floor":6,"key":"Chameleon Ring"},{"floor":8,"key":"Blue Doll"}],"event_choices":[{"damage_healed":0,"gold_gain":0,"player_choice":"Box","damage_taken":0,"relics_obtained":["Bronze Scales"],"max_hp_gain":0,"max_hp_loss":0,"event_name":"Big Fish","floor":2,"gold_loss":0,"cards_obtained":["Regret"]},{"cards_removed":["Regret"],"damage_healed":0,"gold_gain":0,"player_choice":"Card Removal","damage_taken":7,"max_hp_gain":0,"max_hp_loss":0,"event_name":"Golden Wing","floor":4,"gold_loss":0},{"damage_healed":0,"gold_gain":0,"cards_transformed":["Strike_B"],"player_choice":"Change","damage_taken":0,"max_hp_gain":0,"max_hp_loss":0,"event_name":"Living Wall","floor":7,"gold_loss":0,"cards_obtained":["Doom and Gloom"]}],"is_beta":false,"boss_relics":[],"items_purged_floors":[],"is_endless":false,"potions_floor_spawned":[5],"killed_by":"Gremlin Nob","ascension_level":1}}