{"host":"og6lam4kt3nibbw0","time":1613417193,"event":{"mods":["AchievementEnabler","BaseMod","Colored Map","DeckTracker","Highlight Path","Keyboard Shortcuts","Minty Spire (QoL Compilation)","Permanent Neow","Quick Restart","StSLib","SuperFastMode"],"gold_per_floor":[118,118,129,204,204,204,233,233,260,260,280,299,299,299,299,377,377,387,402,402,412,223,223,138,172,172,172,172],"floor_reached":27,"language":"KOR","playtime":695,"items_purged":["Writhe"],"score":478,"play_id":"8c7da148-3e72-48e4-bacf-68362d8135ea","local_time":"20210216042633","is_ascension_mode":true,"campfire_choices":[{"data":"Streamline","floor":6.0,"key":"SMITH"},{"data":"Ball Lightning","floor":8.0,"key":"SMITH"},{"floor":15,"key":"REST"},{"data":"Biased Cognition","floor":23,"key":"SMITH"}],"circlet_count":0,"master_deck":["AscendersBane","Strike_B","Strike_B","Strike_B","Defend_B","Defend_B","Defend_B+1","Defend_B+1","Zap","Dualcast","Master of Strategy","Streamline+1","Sweeping Beam","Ball Lightning+1","Conserve Battery","Biased Cognition+1","Go for the Eyes","Skim","Coolheaded","Chill"],"relics":["FrozenCore","Emotion Chip","Oddly Smooth Stone","Ornamental Fan","InkBottle","War Paint","Nunchaku"],"acts_visited":["Exordium","TheCity"],"potions_floor_usage":[13,16,16,21,21,25],"damage_taken":[{"damage":10.0,"enemies":"Small Slimes","floor":1.0,"turns":3.0},{"damage":7.0,"enemies":"Jaw Worm","floor":3.0,"turns":3.0},{"damage":32.0,"enemies":"Gremlin Nob","floor":7.0,"turns":4.0},{"damage":0.0,"enemies":"Cultist","floor":11.0,"turns":2.0},{"damage":0.0,"enemies":"2 Fungi Beasts","floor":12.0,"turns":3.0},{"damage":0,"enemies":"3 Sentries","floor":13,"turns":1},{"damage":18,"enemies":"Slime Boss","floor":16,"turns":7},{"damage":22,"enemies":"3 Byrds","floor":18,"turns":4},{"damage":5,"enemies":"Spheric Guardian","floor":19,"turns":5},{"damage":21,"enemies":"3 Cultists","floor":21,"turns":4},{"damage":19,"enemies":"Gremlin Leader","floor":25,"turns":7},{"damage":4,"enemies":"Sentry and Sphere","floor":27,"turns":5}],"seed_played":"-9077325517280794157","potions_obtained":[{"floor":1.0,"key":"ColorlessPotion"},{"floor":7.0,"key":"EntropicBrew"},{"floor":10.0,"key":"SmokeBomb"},{"floor":18,"key":"FocusPotion"},{"floor":19,"key":"Regen Potion"},{"floor":25,"key":"Ancient Potion"}],"is_trial":false,"path_per_floor":["M","?","M","?","?","R","E","R","T","?","M","M","E","?","R","B",null,"M","M","?","M","$","R","?","E","T","M"],"character_chosen":"DEFECT","items_purchased":["Coolheaded","Fire Potion"],"campfire_rested":1,"item_purchase_floors":[22,22],"current_hp_per_floor":[36,36,29,18,41,41,9,9,9,9,9,9,9,9,30,12,56,34,29,29,20,20,20,20,1,1,0,0],"gold":172,"neow_bonus":"RANDOM_COLORLESS_2","is_daily":false,"chose_seed":false,"campfire_upgraded":3,"win_rate":0.0,"timestamp":1613417193,"path_taken":["M","?","M","?","?","R","E","R","T","?","M","?","E","?","R","BOSS","M","M","?","M","$","R","?","E","T","?"],"items_purchased_type":["Card","Potion"],"build_version":"2020-12-22","purchased_purges":1,"victory":false,"max_hp_per_floor":[71,71,71,71,71,71,71,71,71,71,71,71,71,71,71,71,71,71,71,71,71,71,71,71,71,71,71,71],"card_choices":[{"not_picked":["HandOfGreed","Thinking Ahead"],"picked":"Master of Strategy","floor":0.0},{"not_picked":["Steam","Turbo"],"picked":"Streamline","floor":1.0},{"not_picked":["Cold Snap","Hologram"],"picked":"Sweeping Beam","floor":3.0},{"not_picked":["Seek","FTL"],"picked":"Ball Lightning","floor":7.0},{"not_picked":["Heatsinks","Turbo"],"picked":"Conserve Battery","floor":11.0},{"not_picked":["Conserve Battery","Hello World","Blizzard"],"picked":"SKIP","floor":12.0},{"not_picked":["Multi-Cast","Creative AI"],"picked":"Biased Cognition","floor":16},{"not_picked":["Conserve Battery","Streamline"],"picked":"Go for the Eyes","floor":18},{"not_picked":["Streamline","Recycle","Go for the Eyes"],"picked":"SKIP","floor":19},{"not_picked":["Rebound","Compile Driver+1"],"picked":"Skim","floor":21},{"not_picked":["Gash","Streamline"],"picked":"Chill","floor":25}],"player_experience":963469,"relics_obtained":[{"floor":7.0,"key":"Emotion Chip"},{"floor":9.0,"key":"Oddly Smooth Stone"},{"floor":25,"key":"War Paint"},{"floor":26,"key":"Nunchaku"}],"event_choices":[{"cards_removed":["Strike_B"],"damage_healed":0.0,"max_hp_gain":0.0,"max_hp_loss":0.0,"gold_gain":0.0,"event_name":"Living Wall","player_choice":"Forget","floor":2.0,"gold_loss":0.0,"damage_taken":0.0},{"damage_healed":0.0,"max_hp_gain":0.0,"max_hp_loss":0.0,"gold_gain":75.0,"event_name":"World of Goop","player_choice":"Gather Gold","floor":4.0,"gold_loss":0.0,"damage_taken":11.0},{"damage_healed":23.0,"max_hp_gain":0.0,"max_hp_loss":0.0,"gold_gain":0.0,"event_name":"Big Fish","player_choice":"Banana","floor":5.0,"gold_loss":0.0,"damage_taken":0.0},{"damage_healed":0.0,"max_hp_gain":0.0,"max_hp_loss":0.0,"gold_gain":0.0,"event_name":"Lab","player_choice":"Got Potions","floor":10.0,"gold_loss":0.0,"damage_taken":0.0},{"damage_healed":0,"gold_gain":0,"player_choice":"Ignored","damage_taken":0,"max_hp_gain":0,"max_hp_loss":0,"event_name":"Liars Game","floor":14,"gold_loss":0},{"damage_healed":0,"gold_gain":0,"player_choice":"Opened","damage_taken":0,"relics_obtained":["Ornamental Fan"],"max_hp_gain":0,"max_hp_loss":0,"event_name":"The Mausoleum","floor":20,"gold_loss":0,"cards_obtained":["Writhe"]},{"damage_healed":0,"gold_gain":0,"player_choice":"Obtained Relic","damage_taken":0,"relics_obtained":["InkBottle"],"max_hp_gain":0,"max_hp_loss":0,"event_name":"Addict","floor":24,"gold_loss":85}],"is_beta":false,"boss_relics":[{"not_picked":["Snecko Eye","Fusion Hammer"],"picked":"FrozenCore"}],"items_purged_floors":[22],"is_endless":false,"potions_floor_spawned":[1,7,11,13,18,19,25],"killed_by":"Sentry and Sphere","ascension_level":20}}