{"host":"wmrrle71ao22fxdw","time":1613406351,"event":{"mods":["BaseMod","Colored Map","Minty Spire (QoL Compilation)"],"gold_per_floor":[113,132,132,142,152,181,194,222,222,3,3,3,3,20,20,122,122,122,122,122,122,122,122,122,122,122,122,122,122,122,122,122,122,122,122,13,13,13,13,13,13,13,13,13,13,13,0,0,0,0],"floor_reached":51,"language":"ENG","playtime":1906,"items_purged":[],"score":797,"play_id":"a44b1940-6b7a-4d84-b7d3-27eadf34607a","local_time":"20210215172551","is_ascension_mode":false,"campfire_choices":[{"floor":13,"key":"REST"},{"data":"LessonLearned","floor":15,"key":"SMITH"},{"data":"Tantrum","floor":25,"key":"SMITH"},{"floor":30,"key":"REST"},{"data":"Apotheosis","floor":32,"key":"SMITH"},{"data":"Scrawl","floor":40,"key":"SMITH"},{"data":"FlurryOfBlows","floor":44,"key":"SMITH"},{"data":"Eruption","floor":49,"key":"SMITH"}],"circlet_count":0,"master_deck":["Strike_P+1","Strike_P","Defend_P+1","Defend_P+1","Defend_P+1","Defend_P+1","Eruption+1","Vigilance+1","Weave","EmptyBody","Meditate","TalkToTheHand+1","BowlingBash+1","EmptyFist","LessonLearned+1","Conclude+1","Halt","Apotheosis+1","FlurryOfBlows+1","Tantrum+1","Fasting2+1","Scrawl+1","LikeWater+1","CutThroughFate","Wish","TalkToTheHand+1"],"relics":["PureWater","Tiny Chest","War Paint","Bag of Preparation","Frozen Egg 2","Eternal Feather","Ectoplasm","Darkstone Periapt","Blue Candle","Kunai","Question Card","Gremlin Horn","Busted Crown","Mummified Hand","Orichalcum","Art of War","White Beast Statue","Red Mask"],"acts_visited":["Exordium","TheCity","TheBeyond"],"potions_floor_usage":[27,33,42,50,50,50],"damage_taken":[{"damage":0,"enemies":"2 Louse","floor":1,"turns":2},{"damage":0,"enemies":"Cultist","floor":2,"turns":2},{"damage":25,"enemies":"Small Slimes","floor":4,"turns":7},{"damage":1,"enemies":"Looter","floor":5,"turns":3},{"damage":22,"enemies":"3 Sentries","floor":6,"turns":10},{"damage":8,"enemies":"Exordium Thugs","floor":7,"turns":3},{"damage":12,"enemies":"Lagavulin","floor":8,"turns":8},{"damage":0,"enemies":"Exordium Wildlife","floor":14,"turns":2},{"damage":41,"enemies":"The Guardian","floor":16,"turns":11},{"damage":2,"enemies":"Chosen","floor":18,"turns":5},{"damage":0,"enemies":"3 Byrds","floor":21,"turns":3},{"damage":0,"enemies":"3 Cultists","floor":22,"turns":2},{"damage":10,"enemies":"Gremlin Leader","floor":23,"turns":6},{"damage":10,"enemies":"Snake Plant","floor":24,"turns":3},{"damage":12,"enemies":"Book of Stabbing","floor":27,"turns":3},{"damage":20,"enemies":"Snecko","floor":28,"turns":7},{"damage":31,"enemies":"Gremlin Leader","floor":29,"turns":5},{"damage":24,"enemies":"Collector","floor":33,"turns":9},{"damage":1,"enemies":"Orb Walker","floor":35,"turns":4},{"damage":0,"enemies":"3 Darklings","floor":37,"turns":2},{"damage":17,"enemies":"Sphere and 2 Shapes","floor":41,"turns":3},{"damage":0,"enemies":"Nemesis","floor":42,"turns":3},{"damage":0,"enemies":"Transient","floor":45,"turns":5},{"damage":0,"enemies":"Spire Growth","floor":46,"turns":2},{"damage":66,"enemies":"Donu and Deca","floor":50,"turns":6}],"seed_played":"-8328886122041062616","potions_obtained":[{"floor":4,"key":"GamblersBrew"},{"floor":7,"key":"FearPotion"},{"floor":8,"key":"Explosive Potion"},{"floor":14,"key":"Ancient Potion"},{"floor":21,"key":"LiquidMemories"},{"floor":28,"key":"Strength Potion"},{"floor":41,"key":"Strength Potion"},{"floor":45,"key":"SkillPotion"}],"is_trial":false,"path_per_floor":["M","M","?","M","M","E","M","E","T","$","?","T","R","M","R","B",null,"M","?","?","M","M","E","M","R","T","E","M","E","R","T","R","B",null,"M","?","M","?","T","R","M","E","T","R","M","M","?","$","R","B",null],"character_chosen":"WATCHER","items_purchased":["Halt","Apotheosis"],"campfire_rested":2,"item_purchase_floors":[10,10],"current_hp_per_floor":[72,72,72,47,46,24,16,4,4,4,4,4,34,34,43,2,72,70,70,82,82,82,72,62,74,74,62,42,11,47,47,59,35,82,81,81,81,78,78,78,61,61,61,76,76,76,76,76,78,12],"gold":0,"neow_bonus":"RANDOM_COMMON_RELIC","is_daily":false,"chose_seed":false,"campfire_upgraded":6,"win_rate":0.0,"timestamp":1613406351,"path_taken":["M","M","?","M","M","E","M","E","T","?","?","?","R","M","R","BOSS","M","?","?","?","M","E","M","R","T","E","M","E","R","?","R","BOSS","M","?","?","?","?","R","M","E","T","R","?","M","?","?","R","BOSS"],"items_purchased_type":["Card","Card"],"build_version":"2020-12-22","purchased_purges":0,"victory":true,"max_hp_per_floor":[72,72,72,72,72,72,72,72,72,72,72,72,72,72,72,72,72,72,72,82,82,82,82,82,82,82,82,82,82,82,82,82,82,82,82,82,82,78,78,78,78,78,78,78,78,78,78,78,78,78],"card_choices":[{"not_picked":["Halt","BowlingBash"],"picked":"Weave","floor":1},{"not_picked":["WindmillStrike","SashWhip"],"picked":"EmptyBody","floor":2},{"not_picked":["EmptyBody","Evaluate"],"picked":"TalkToTheHand","floor":4},{"not_picked":["Sanctity","Consecrate"],"picked":"BowlingBash","floor":5},{"not_picked":["FollowUp","Crescendo"],"picked":"EmptyFist","floor":6},{"not_picked":["Protect","Study"],"picked":"LessonLearned","floor":7},{"not_picked":["FollowUp","Halt"],"picked":"Conclude","floor":8},{"not_picked":["CrushJoints","SashWhip"],"picked":"FlurryOfBlows","floor":14},{"not_picked":["Scrawl","SpiritShield"],"picked":"Vault","floor":16},{"not_picked":["EmptyBody","Halt"],"picked":"Tantrum","floor":18},{"not_picked":["Vengeance","SandsOfTime","Meditate"],"picked":"SKIP","floor":21},{"not_picked":["Perseverance+1","WindmillStrike"],"picked":"Fasting2+1","floor":22},{"not_picked":["SashWhip","MasterReality+1"],"picked":"Scrawl","floor":23},{"not_picked":["FearNoEvil","ClearTheMind","Conclude"],"picked":"SKIP","floor":24},{"not_picked":["EmptyFist","Indignation"],"picked":"LikeWater+1","floor":27},{"not_picked":["ClearTheMind","FlurryOfBlows"],"picked":"CutThroughFate","floor":28},{"not_picked":["Evaluate","SpiritShield","Wallop"],"picked":"SKIP","floor":29},{"not_picked":["Judgement","ConjureBlade","DevaForm+1"],"picked":"Wish","floor":33},{"not_picked":["ReachHeaven","Swivel"],"picked":"SKIP","floor":35},{"not_picked":["FlurryOfBlows+1","EmptyFist"],"picked":"SKIP","floor":37},{"not_picked":["Consecrate","Evaluate+1"],"picked":"SKIP","floor":41},{"not_picked":["FlurryOfBlows+1"],"picked":"TalkToTheHand+1","floor":42},{"not_picked":["BowlingBash","CarveReality"],"picked":"SKIP","floor":45},{"not_picked":["Adaptation+1","Weave"],"picked":"SKIP","floor":46}],"player_experience":102242,"relics_obtained":[{"floor":6,"key":"War Paint"},{"floor":8,"key":"Bag of Preparation"},{"floor":9,"key":"Frozen Egg 2"},{"floor":12,"key":"Eternal Feather"},{"floor":23,"key":"Darkstone Periapt"},{"floor":26,"key":"Blue Candle"},{"floor":27,"key":"Kunai"},{"floor":29,"key":"Question Card"},{"floor":31,"key":"Gremlin Horn"},{"floor":39,"key":"Orichalcum"},{"floor":42,"key":"Art of War"},{"floor":43,"key":"White Beast Statue"}],"event_choices":[{"damage_healed":0,"gold_gain":0,"cards_transformed":["Strike_P"],"player_choice":"Transformed","damage_taken":0,"max_hp_gain":0,"max_hp_loss":0,"event_name":"Transmorgrifier","floor":3,"gold_loss":0,"cards_obtained":["Meditate"]},{"cards_removed":["Strike_P"],"damage_healed":0,"gold_gain":0,"player_choice":"Forget","damage_taken":0,"max_hp_gain":0,"max_hp_loss":0,"event_name":"Living Wall","floor":11,"gold_loss":0},{"damage_healed":0,"gold_gain":99,"player_choice":"Stole From Cult","damage_taken":0,"max_hp_gain":0,"max_hp_loss":0,"event_name":"Nest","floor":19,"gold_loss":0},{"cards_removed":["Vault"],"damage_healed":2,"gold_gain":0,"player_choice":"Offered Rare","damage_taken":0,"max_hp_gain":10,"max_hp_loss":0,"event_name":"Bonfire Elementals","floor":20,"gold_loss":0},{"damage_healed":0,"gold_gain":0,"player_choice":"Paid Gold","damage_taken":0,"relics_obtained":["Mummified Hand"],"max_hp_gain":0,"max_hp_loss":0,"event_name":"WeMeetAgain","floor":36,"gold_loss":109},{"damage_healed":0,"gold_gain":0,"player_choice":"Max HP","damage_taken":0,"max_hp_gain":0,"max_hp_loss":4,"event_name":"Winding Halls","floor":38,"gold_loss":0},{"damage_healed":0,"gold_gain":0,"player_choice":"Paid","damage_taken":0,"relics_obtained":["Red Mask"],"max_hp_gain":0,"max_hp_loss":0,"event_name":"Tomb of Lord Red Mask","floor":47,"gold_loss":13}],"is_beta":false,"boss_relics":[{"not_picked":["Pandora\u0027s Box","Runic Dome"],"picked":"Ectoplasm"},{"not_picked":["Velvet Choker","Snecko Eye"],"picked":"Busted Crown"}],"items_purged_floors":[],"is_endless":false,"potions_floor_spawned":[4,7,8,14,21,23,28,29,41,45,46],"ascension_level":0}}