{"host":"c4psiqwczhd30bq5","time":1613394651,"event":{"mods":["Act Like it!","Aspiration","BaseMod","BetterRewards","Conspire","Curses Come First","Downfall","Gensokyo","Hallownest","Hubris","Minty Spire (QoL Compilation)","Reliquary","StSLib"],"gold_per_floor":[111,111,33,43,63,95,115,115,160,171,171,171,212,24,36,48,48],"floor_reached":16,"language":"ENG","playtime":1049,"items_purged":[],"score":115,"play_id":"f20ea3fc-6d18-4834-9231-94dc6864c1d7","local_time":"20210215141051","is_ascension_mode":true,"campfire_choices":[{"floor":11,"key":"REST"},{"data":"Rage","floor":15,"key":"SMITH"}],"circlet_count":0,"master_deck":["Strike_R","Strike_R","Strike_R","Strike_R","Strike_R","Defend_R","Defend_R","Defend_R","Defend_R","Bash","hubris:SharpeningStone","Clumsy","Seeing Red","Metallicize","Rage+1","Clash","Shockwave","Anger","Injury","Thunderclap","Gensokyo:Shovel"],"relics":["Burning Blood","reliquary:Knoch","Gensokyo:NagashiBinaDoll","Tiny Chest","reliquary:ExpiredCoupon","MawBank","Eternal Feather","PrismaticShard"],"acts_visited":["Gensokyo:Gensokyo"],"potions_floor_usage":[5,10,13],"damage_taken":[{"damage":4,"enemies":"Gensokyo:Gryphon","floor":1,"turns":5},{"damage":3,"enemies":"Gensokyo:Python","floor":4,"turns":5},{"damage":0,"enemies":"Gensokyo:3_Fairies","floor":5,"turns":6},{"damage":40,"enemies":"Gensokyo:Cirno","floor":6,"turns":8},{"damage":7,"enemies":"Gensokyo:CorruptedTreant","floor":7,"turns":5},{"damage":8,"enemies":"Gensokyo:LivingMonolith","floor":10,"turns":4},{"damage":17,"enemies":"Gensokyo:Mamizou","floor":13,"turns":11},{"damage":92,"enemies":"Gensokyo:Reimu","floor":16,"turns":9}],"seed_played":"1096687946766606369","potions_obtained":[{"floor":1,"key":"Swift Potion"},{"floor":4,"key":"AttackPotion"},{"floor":7,"key":"sneckomod:MuddlingPotion"}],"is_trial":false,"path_per_floor":["M","?","$","M","M","E","M","?","T","M","R","?","E","COS","R","B"],"character_chosen":"IRONCLAD","items_purchased":["Seeing Red"],"campfire_rested":1,"item_purchase_floors":[3],"current_hp_per_floor":[80,80,80,80,80,46,45,45,45,43,67,67,56,56,68,0,0],"gold":48,"neow_bonus":"RANDOM_COMMON_RELIC","is_daily":false,"chose_seed":false,"campfire_upgraded":1,"win_rate":0.0,"timestamp":1613394651,"path_taken":["M","?","$","M","M","E","M","?","T","M","R","?","E","COS","R","BOSS"],"items_purchased_type":["Card"],"build_version":"2020-12-22","purchased_purges":0,"victory":false,"max_hp_per_floor":[80,80,80,80,80,80,80,80,80,80,80,80,80,80,80,80,80],"card_choices":[{"not_picked":["Battle Trance","Armaments"],"picked":"hubris:SharpeningStone","floor":1},{"not_picked":["Cleave","Warcry"],"picked":"Metallicize","floor":4},{"not_picked":["Battle Trance","Wild Strike"],"picked":"Rage","floor":5},{"not_picked":["Sever Soul","Limit Break"],"picked":"Clash","floor":6},{"not_picked":["Iron Wave","Whirlwind"],"picked":"Shockwave","floor":7},{"not_picked":["Rupture","Armaments"],"picked":"Anger","floor":10},{"not_picked":["True Grit","conspire:Purge"],"picked":"Thunderclap","floor":13}],"player_experience":290332,"relics_obtained":[{"floor":6,"key":"Tiny Chest"},{"floor":9,"key":"reliquary:ExpiredCoupon"},{"floor":13,"key":"Eternal Feather"}],"event_choices":[],"is_beta":false,"boss_relics":[],"items_purged_floors":[],"is_endless":false,"potions_floor_spawned":[1,4,7],"killed_by":"Gensokyo:Reimu","ascension_level":1}}