{"host":"5dk97cf2ubw2v967","time":1613423692,"event":{"mods":["AlwaysNeverKeys","BaseMod","Better Altar","Better Vampires","Block Reminder","Card Filter","Colored Powertips","Downfall","Googly Eyes","Highlight Path","Minty Spire (QoL Compilation)","Permanent Neow","Potion Indicator Mod","Quick Restart","Relic Filter","Relic Stats","Say the Spire","Spicy Shops","StSLib","Waifu the Spire","everything is the same but u backflip on backflip"],"gold_per_floor":[116,131,131,150,167,167,202,202,252,286,306,326,326,387,387,464,464,474,162,181,181,197,197,223,223,223,223,255,273,307,307,307,380,380,393,412,21,34,34,62,62,77,104,120,139,139,139,150,150,150,150,150],"floor_reached":51,"language":"ENG","playtime":2089,"items_purged":["Defend_R"],"score":1473,"play_id":"0319cbbf-607f-47a4-a29f-d60ec023198c","local_time":"20210215211452","is_ascension_mode":true,"campfire_choices":[{"data":"Perfected Strike","floor":6,"key":"SMITH"},{"data":"Fire Breathing","floor":8,"key":"SMITH"},{"data":"Perfected Strike","floor":13,"key":"SMITH"},{"data":"Power Through","floor":15,"key":"SMITH"},{"data":"Barricade","floor":23,"key":"SMITH"},{"floor":25,"key":"REST"},{"data":"Dark Embrace","floor":32,"key":"SMITH"},{"floor":41,"key":"REST"},{"floor":46,"key":"REST"},{"floor":49,"key":"RECALL"}],"circlet_count":0,"master_deck":["AscendersBane","Strike_R","Strike_R+1","Strike_R","Strike_R","Strike_R","Defend_R","Defend_R","Defend_R","Bash","Perfected Strike+1","Fire Breathing+1","Ghostly Armor","Perfected Strike+1","Power Through+1","Wild Strike","Pommel Strike","Burning Pact","Barricade+1","Shrug It Off","Power Through","Twin Strike","Dark Embrace+1","Twin Strike","Pommel Strike","CurseOfTheBell","CurseOfTheBell","Burning Pact+1","Perfected Strike+1","Writhe","Double Tap","Fire Breathing","Perfected Strike","Metallicize","Power Through","Wild Strike+1","Madness","Madness"],"relics":["Burning Blood","InkBottle","Bird Faced Urn","Tiny House","Nunchaku","Juzu Bracelet","Sozu","Thread and Needle","Enchiridion","Ancient Tea Set","Orichalcum","downfall:ExtraCursedBell","Strawberry","StrikeDummy","Unceasing Top","Pear","Bag of Preparation","Singing Bowl","Fusion Hammer","Pantograph","The Courier"],"acts_visited":["Exordium","TheCity","TheBeyond"],"potions_floor_usage":[5,7,10,12,18],"damage_taken":[{"damage":2.0,"enemies":"Cultist","floor":1.0,"turns":4.0},{"damage":9,"enemies":"Jaw Worm","floor":2,"turns":3},{"damage":10,"enemies":"Small Slimes","floor":4,"turns":3},{"damage":0,"enemies":"2 Fungi Beasts","floor":5,"turns":2},{"damage":25,"enemies":"Lagavulin","floor":7,"turns":6},{"damage":4,"enemies":"3 Sentries","floor":10,"turns":5},{"damage":6,"enemies":"Blue Slaver","floor":11,"turns":4},{"damage":0,"enemies":"3 Louse","floor":12,"turns":3},{"damage":20,"enemies":"3 Sentries","floor":14,"turns":4},{"damage":23,"enemies":"Slime Boss","floor":16,"turns":8},{"damage":18,"enemies":"Shell Parasite","floor":18,"turns":3},{"damage":8,"enemies":"2 Thieves","floor":20,"turns":4},{"damage":3,"enemies":"Chosen and Byrds","floor":22,"turns":4},{"damage":29,"enemies":"Gremlin Leader","floor":24,"turns":5},{"damage":14,"enemies":"Slavers","floor":28,"turns":5},{"damage":8,"enemies":"Shelled Parasite and Fungi","floor":29,"turns":4},{"damage":31,"enemies":"Book of Stabbing","floor":30,"turns":4},{"damage":39,"enemies":"Automaton","floor":33,"turns":7},{"damage":0,"enemies":"3 Shapes","floor":35,"turns":3},{"damage":0,"enemies":"Orb Walker","floor":36,"turns":2},{"damage":4,"enemies":"Sphere and 2 Shapes","floor":38,"turns":5},{"damage":98,"enemies":"Giant Head","floor":40,"turns":7},{"damage":2,"enemies":"Jaw Worm Horde","floor":42,"turns":3},{"damage":42,"enemies":"Transient","floor":44,"turns":6},{"damage":5,"enemies":"Maw","floor":45,"turns":6},{"damage":24,"enemies":"Writhing Mass","floor":48,"turns":5},{"damage":61,"enemies":"Donu and Deca","floor":50,"turns":7},{"damage":65,"enemies":"Awakened One","floor":51,"turns":3}],"seed_played":"-5692189722411266884","potions_obtained":[{"floor":2,"key":"Explosive Potion"},{"floor":4,"key":"Fire Potion"},{"floor":5,"key":"Fire Potion"},{"floor":11,"key":"Block Potion"},{"floor":14,"key":"ElixirPotion"}],"is_trial":false,"path_per_floor":["M","M","?","M","M","R","E","R","T","E","M","M","R","?","R","B",null,"M","$","M","?","M","R","E","R","T","?","E","M","E","?","R","B",null,"M","M","$","M","$","E","R","M","T","M","M","R","?","M","R","B","B"],"character_chosen":"IRONCLAD","items_purchased":["Power Through","Thread and Needle","Twin Strike","Fire Breathing","Pantograph"],"campfire_rested":3,"item_purchase_floors":[19,19,19,37,37],"current_hp_per_floor":[72,69,58,54,60,60,41,41,46,52,54,60,60,48,48,33,68,56,56,56,35,44,44,29,53,53,60,68,72,51,51,51,24,79,93,101,101,101,101,11,41,55,55,31,44,74,55,49,49,31,0,0],"gold":150,"neow_bonus":"THREE_CARDS","is_daily":false,"chose_seed":false,"campfire_upgraded":6,"win_rate":0.0,"timestamp":1613423692,"path_taken":["M","?","?","M","M","R","E","R","T","E","M","M","R","?","R","BOSS","M","$","M","?","M","R","E","R","T","?","E","M","E","?","R","BOSS","M","M","$","M","$","E","R","M","T","M","M","R","?","M","R","BOSS","BOSS"],"items_purchased_type":["Card","Relic","Card","Card","Relic"],"build_version":"2020-12-22","purchased_purges":1,"victory":false,"max_hp_per_floor":[75,75,75,75,75,75,75,75,80,80,80,80,80,80,80,80,80,80,80,80,80,80,80,80,80,80,87,97,97,97,97,97,97,97,99,101,101,101,101,101,101,101,101,103,103,103,103,105,105,105,105,105],"relic_stats":{"Singing Bowl":8,"counters":[28,125],"Juzu Bracelet":0,"Bag of Preparation":[22],"Orichalcum":[90],"Burning Blood":152,"Sozu":8,"Nunchaku":[18],"Bird Faced Urn":[124],"Pantograph":50,"obtain_stats":[{"Tiny House":9,"Pear":28,"Singing Bowl":31,"Enchiridion":21,"Thread and Needle":19,"The Courier":40,"Juzu Bracelet":14,"Bag of Preparation":30,"Orichalcum":26,"Ancient Tea Set":24,"Burning Blood":0,"Sozu":17,"Nunchaku":10,"Bird Faced Urn":7,"Strawberry":27,"Pantograph":37,"Fusion Hammer":34,"downfall:ExtraCursedBell":27,"StrikeDummy":27,"InkBottle":3,"Unceasing Top":27},{"Tiny House":5,"Pear":15,"Singing Bowl":17,"Enchiridion":12,"Thread and Needle":11,"The Courier":22,"Juzu Bracelet":9,"Bag of Preparation":17,"Orichalcum":14,"Ancient Tea Set":14,"Burning Blood":0,"Sozu":10,"Nunchaku":6,"Bird Faced Urn":5,"Strawberry":14,"Pantograph":20,"Fusion Hammer":18,"downfall:ExtraCursedBell":14,"StrikeDummy":14,"InkBottle":2,"Unceasing Top":14},{"Tiny House":18,"Pear":63,"Singing Bowl":71,"Enchiridion":49,"Thread and Needle":45,"The Courier":95,"Juzu Bracelet":34,"Bag of Preparation":71,"Orichalcum":58,"Ancient Tea Set":58,"Burning Blood":0,"Sozu":42,"Nunchaku":23,"Bird Faced Urn":18,"Strawberry":58,"Pantograph":83,"Fusion Hammer":78,"downfall:ExtraCursedBell":58,"StrikeDummy":58,"InkBottle":7,"Unceasing Top":58}],"InkBottle":[36],"Unceasing Top":[0]},"card_choices":[{"not_picked":["Warcry","Anger"],"picked":"Perfected Strike","floor":0.0},{"not_picked":["Clash","Combust"],"picked":"Fire Breathing","floor":1},{"not_picked":["Spot Weakness","Body Slam"],"picked":"Ghostly Armor","floor":2},{"not_picked":["Havoc","Sword Boomerang"],"picked":"Perfected Strike","floor":4},{"not_picked":["Armaments","Warcry","Whirlwind"],"picked":"SKIP","floor":5},{"not_picked":["Feed","Warcry"],"picked":"Power Through","floor":7},{"not_picked":["Sentinel","Clothesline","Cleave"],"picked":"SKIP","floor":10},{"not_picked":["Twin Strike","Cleave"],"picked":"Wild Strike","floor":11},{"not_picked":["Iron Wave","Clash"],"picked":"Pommel Strike","floor":12},{"not_picked":["Clash","Iron Wave"],"picked":"Burning Pact","floor":14},{"not_picked":["Bludgeon","Corruption"],"picked":"Barricade","floor":16},{"not_picked":["Body Slam","Cleave"],"picked":"Shrug It Off","floor":18},{"not_picked":["Flex","Inflame"],"picked":"Dark Embrace","floor":20},{"not_picked":["Flex+1","Pummel"],"picked":"Twin Strike","floor":22},{"not_picked":["Pommel Strike","Reaper","Dark Embrace"],"picked":"SKIP","floor":24},{"not_picked":["Reaper","Dark Embrace"],"picked":"Pommel Strike","floor":24},{"not_picked":["Havoc","Headbutt","Armaments"],"picked":"SKIP","floor":28},{"not_picked":["Iron Wave","Headbutt"],"picked":"Burning Pact+1","floor":29},{"not_picked":["Shockwave","Anger"],"picked":"Perfected Strike+1","floor":30},{"not_picked":["Impervious","Immolate"],"picked":"Double Tap","floor":33},{"not_picked":["Heavy Blade+1","True Grit","Anger+1"],"picked":"Singing Bowl","floor":35},{"not_picked":["Cleave","Combust","True Grit"],"picked":"Singing Bowl","floor":36},{"not_picked":["Body Slam+1","Thunderclap"],"picked":"Perfected Strike","floor":38},{"not_picked":["Havoc","Sword Boomerang+1"],"picked":"Metallicize","floor":40},{"not_picked":["Evolve","Armaments+1"],"picked":"Power Through","floor":42},{"not_picked":["Iron Wave","Body Slam+1","Flame Barrier+1"],"picked":"Singing Bowl","floor":44},{"not_picked":["Cleave+1","Shockwave+1"],"picked":"Wild Strike+1","floor":45},{"not_picked":["Bloodletting","Warcry","Flame Barrier"],"picked":"Singing Bowl","floor":48}],"player_experience":1323662,"relics_obtained":[{"floor":7,"key":"Bird Faced Urn"},{"floor":9,"key":"Tiny House"},{"floor":10,"key":"Nunchaku"},{"floor":14,"key":"Juzu Bracelet"},{"floor":21,"key":"Enchiridion"},{"floor":24,"key":"Ancient Tea Set"},{"floor":26,"key":"Orichalcum"},{"floor":27,"key":"Strawberry"},{"floor":27,"key":"StrikeDummy"},{"floor":27,"key":"Unceasing Top"},{"floor":28,"key":"Pear"},{"floor":30,"key":"Bag of Preparation"},{"floor":40,"key":"The Courier"}],"event_choices":[{"damage_healed":0,"gold_gain":0,"player_choice":"Success","damage_taken":11,"relics_obtained":["InkBottle"],"max_hp_gain":0,"max_hp_loss":0,"event_name":"Scrap Ooze","floor":3,"gold_loss":0},{"damage_healed":0,"gold_gain":30,"player_choice":"Searched \u00272\u0027 times","damage_taken":0,"max_hp_gain":0,"max_hp_loss":0,"event_name":"Dead Adventurer","floor":14,"gold_loss":0},{"damage_healed":0,"gold_gain":0,"player_choice":"Obtained Book","damage_taken":21,"max_hp_gain":0,"max_hp_loss":0,"event_name":"Cursed Tome","floor":21,"gold_loss":0},{"damage_healed":0,"gold_gain":0,"player_choice":"Opened","damage_taken":0,"relics_obtained":["Singing Bowl"],"max_hp_gain":0,"max_hp_loss":0,"event_name":"The Mausoleum","floor":31,"gold_loss":0,"cards_obtained":["Writhe"]},{"damage_healed":0,"gold_gain":0,"player_choice":"Embrace Madness","damage_taken":19,"max_hp_gain":0,"max_hp_loss":0,"event_name":"Winding Halls","floor":47,"gold_loss":0,"cards_obtained":["Madness","Madness"]}],"is_beta":false,"boss_relics":[{"not_picked":["Runic Dome","SlaversCollar"],"picked":"Sozu"},{"not_picked":["Black Blood","Runic Cube"],"picked":"Fusion Hammer"}],"items_purged_floors":[19],"is_endless":false,"potions_floor_spawned":[2,4,5,11,14,22,24,29,35,36,40,44,48],"killed_by":"Awakened One","ascension_level":20}}