{"host":"zxd2l8an9de7z7b9","time":1613364745,"event":{"mods":["2.2 Compatiblity","AchievementEnabler","BaseMod","CapriCore","Colored Map","Colored Powertips","Minty Spire (QoL Compilation)","Rare Cards Sparkle","StSLib","SuperFastMode"],"gold_per_floor":[117,131,141,141,18,53,53,53,107,107,138,149,163,178,178,273,273,285,245,263,238,45,45,72,86,109,109,109],"floor_reached":27,"language":"KOR","playtime":981,"items_purged":["Defend_R"],"score":292,"play_id":"e0023ba2-cd64-483a-b0fd-31195efabea8","local_time":"20210215135225","is_ascension_mode":true,"campfire_choices":[{"data":"True Grit","floor":7.0,"key":"SMITH"},{"data":"Pommel Strike","floor":15.0,"key":"SMITH"},{"data":"Pommel Strike","floor":23.0,"key":"SMITH"}],"circlet_count":0,"master_deck":["Strike_R","Strike_R","Strike_R","Strike_R+1","Strike_R","Defend_R+1","Defend_R+1","Defend_R+1","Bash+1","Wild Strike+1","Pommel Strike+1","Shrug It Off","Perfected Strike+1","True Grit+1","Pommel Strike+1","Sentinel","Seeing Red","Rage","Barricade+1","Wild Strike","Clash","Perfected Strike+1","Sever Soul","Perfected Strike","Twin Strike+1"],"relics":["Burning Blood","Omamori","War Paint","Sundial","Philosopher\u0027s Stone","DollysMirror","Frozen Egg 2"],"acts_visited":["Exordium","TheCity"],"potions_floor_usage":[27],"damage_taken":[{"damage":9.0,"enemies":"Jaw Worm","floor":1.0,"turns":3.0},{"damage":4.0,"enemies":"Small Slimes","floor":2.0,"turns":4.0},{"damage":6.0,"enemies":"Cultist","floor":3.0,"turns":3.0},{"damage":25.0,"enemies":"3 Sentries","floor":6.0,"turns":7.0},{"damage":6.0,"enemies":"Gremlin Nob","floor":11.0,"turns":3.0},{"damage":0.0,"enemies":"Blue Slaver","floor":12.0,"turns":2.0},{"damage":10.0,"enemies":"Exordium Thugs","floor":13.0,"turns":4.0},{"damage":0.0,"enemies":"2 Fungi Beasts","floor":14.0,"turns":3.0},{"damage":34.0,"enemies":"Hexaghost","floor":16.0,"turns":8.0},{"damage":41.0,"enemies":"3 Byrds","floor":18.0,"turns":5.0},{"damage":10.0,"enemies":"Shell Parasite","floor":20.0,"turns":3.0},{"damage":14.0,"enemies":"Slavers","floor":24.0,"turns":4.0},{"damage":10.0,"enemies":"Shelled Parasite and Fungi","floor":25.0,"turns":3.0},{"damage":20,"enemies":"Gremlin Leader","floor":27,"turns":5}],"seed_played":"6782778923632081377","potions_obtained":[{"floor":2.0,"key":"Weak Potion"},{"floor":6.0,"key":"SteroidPotion"},{"floor":18.0,"key":"FearPotion"},{"floor":25.0,"key":"DistilledChaos"}],"is_trial":false,"path_per_floor":["M","M","M","?","$","E","R","?","T","$","E","M","M","M","R","B",null,"M","?","M","$","$","R","E","M","T","E"],"character_chosen":"IRONCLAD","items_purchased":["Perfected Strike","Clash","DollysMirror","Sever Soul"],"campfire_rested":0,"item_purchase_floors":[5,21,22,22],"current_hp_per_floor":[77,79,79,63,63,44,44,44,44,44,44,50,46,52,52,24,80,45,45,41,41,41,41,33,29,29,9,9],"gold":109,"neow_bonus":"UPGRADE_CARD","is_daily":false,"chose_seed":false,"campfire_upgraded":3,"win_rate":0.0,"timestamp":1613364745,"path_taken":["M","M","M","?","$","E","R","?","T","$","E","?","M","M","R","BOSS","M","?","M","?","$","R","E","M","T","E"],"items_purchased_type":["Card","Card","Relic","Card"],"build_version":"2020-12-22","purchased_purges":1,"victory":false,"max_hp_per_floor":[80,80,80,80,80,80,80,80,80,80,80,80,80,80,80,80,80,80,80,80,80,80,80,80,80,80,80,80],"card_choices":[{"not_picked":["Havoc","Thunderclap"],"picked":"Wild Strike","floor":1.0},{"not_picked":["Havoc","Thunderclap"],"picked":"Pommel Strike","floor":2.0},{"not_picked":["Dropkick","Carnage"],"picked":"Shrug It Off","floor":3.0},{"not_picked":["Sever Soul","Brutality"],"picked":"True Grit","floor":6.0},{"not_picked":["Shrug It Off","Warcry"],"picked":"Pommel Strike","floor":11.0},{"not_picked":["Entrench","Thunderclap"],"picked":"Sentinel","floor":12.0},{"not_picked":["Rage","Flex"],"picked":"Seeing Red","floor":13.0},{"not_picked":["Shockwave","Infernal Blade"],"picked":"Rage","floor":14.0},{"not_picked":["Demon Form","Limit Break"],"picked":"Barricade","floor":16.0},{"not_picked":["Cleave","Inflame","Sword Boomerang"],"picked":"SKIP","floor":18.0},{"not_picked":["Body Slam","Thunderclap+1"],"picked":"Wild Strike","floor":20.0},{"not_picked":["Cleave","Bloodletting"],"picked":"Perfected Strike","floor":24.0},{"not_picked":["Inflame+1","Pommel Strike"],"picked":"Twin Strike+1","floor":25.0}],"player_experience":350437,"relics_obtained":[{"floor":6.0,"key":"Omamori"},{"floor":9.0,"key":"War Paint"},{"floor":11.0,"key":"Sundial"},{"floor":24.0,"key":"Frozen Egg 2"}],"event_choices":[{"damage_healed":0.0,"max_hp_gain":0.0,"max_hp_loss":0.0,"gold_gain":0.0,"event_name":"Shining Light","player_choice":"Entered Light","floor":4.0,"gold_loss":0.0,"damage_taken":16.0,"cards_upgraded":["Defend_R","Wild Strike"]},{"damage_healed":0.0,"max_hp_gain":0.0,"max_hp_loss":0.0,"gold_gain":0.0,"event_name":"Upgrade Shrine","player_choice":"Upgraded","floor":8.0,"gold_loss":0.0,"damage_taken":0.0,"cards_upgraded":["Perfected Strike"]},{"damage_healed":0.0,"max_hp_gain":0.0,"max_hp_loss":0.0,"gold_gain":0.0,"event_name":"Designer","player_choice":"Upgraded Two","floor":19.0,"gold_loss":40.0,"damage_taken":0.0,"cards_upgraded":["Barricade","Strike_R"]}],"is_beta":false,"boss_relics":[{"not_picked":["Pandora\u0027s Box","Sozu"],"picked":"Philosopher\u0027s Stone"}],"items_purged_floors":[5],"is_endless":false,"potions_floor_spawned":[2,6,18,25],"killed_by":"Gremlin Leader","ascension_level":4}}