{"host":"sup1rd0ujr5jgopq","time":1613348883,"event":{"mods":["BaseMod","Colored Map","Minty Spire (QoL Compilation)","StSLib"],"gold_per_floor":[11,11,31,31,31,70,70,84,163,163,163,163,179,198,198,326,326,342,26,42,57,57,57,92,112,158,158,178,178,178,196,196,196,196],"floor_reached":33,"playtime":1635,"items_purged":["Normality"],"score":305,"play_id":"03f09336-f5df-4f14-b7d3-949d510894d5","local_time":"20210214192802","is_ascension_mode":true,"campfire_choices":[{"data":"Body Slam","floor":7,"key":"SMITH"},{"data":"Iron Wave","floor":10,"key":"SMITH"},{"data":"Iron Wave","floor":12,"key":"SMITH"},{"data":"Armaments","floor":15,"key":"SMITH"},{"data":"Entrench","floor":23,"key":"SMITH"},{"data":"Body Slam","floor":30,"key":"SMITH"},{"floor":32,"key":"REST"}],"circlet_count":0,"master_deck":["Strike_R","Strike_R","Strike_R","Defend_R","Defend_R","Defend_R","Defend_R","Bash","Body Slam+1","Iron Wave+1","Bloodletting","Iron Wave+1","Armaments+1","Offering","CurseOfTheBell","Intimidate","Metallicize","Entrench+1","Reaper","Thunderclap","Sever Soul","Dropkick","Shrug It Off","Body Slam+1","Second Wind"],"relics":["Burning Blood","Incense Burner","Golden Idol","Nunchaku","Gremlin Horn","Calling Bell","Oddly Smooth Stone","Question Card","Mango","Omamori","Potion Belt","Pear"],"acts_visited":["Exordium","TheCity"],"potions_floor_usage":[6,16,31,33],"damage_taken":[{"damage":6,"enemies":"Cultist","floor":1,"turns":3},{"damage":4,"enemies":"Jaw Worm","floor":3,"turns":4},{"damage":23,"enemies":"Gremlin Nob","floor":6,"turns":5},{"damage":0,"enemies":"2 Louse","floor":8,"turns":3},{"damage":8,"enemies":"Lots of Slimes","floor":13,"turns":3},{"damage":0,"enemies":"3 Louse","floor":14,"turns":2},{"damage":47,"enemies":"Slime Boss","floor":16,"turns":14},{"damage":14,"enemies":"Shell Parasite","floor":18,"turns":7},{"damage":10,"enemies":"3 Byrds","floor":20,"turns":8},{"damage":21,"enemies":"Centurion and Healer","floor":21,"turns":9},{"damage":37,"enemies":"Slavers","floor":24,"turns":7},{"damage":46,"enemies":"Snecko","floor":25,"turns":7},{"damage":31,"enemies":"Shelled Parasite and Fungi","floor":28,"turns":8},{"damage":16,"enemies":"Centurion and Healer","floor":31,"turns":7},{"damage":80,"enemies":"Champ","floor":33,"turns":13}],"seed_played":"-3645812956451702333","potions_obtained":[{"floor":3,"key":"EssenceOfSteel"},{"floor":13,"key":"SpeedPotion"},{"floor":25,"key":"Fire Potion"},{"floor":31,"key":"Energy Potion"}],"is_trial":false,"path_per_floor":["M","?","M","?","$","E","R","M","T","R","?","R","M","M","R","B",null,"M","$","M","M","?","R","E","M","T","?","M","T","R","M","R","B"],"character_chosen":"IRONCLAD","items_purchased":["Metallicize","Entrench","Reaper"],"campfire_rested":1,"item_purchase_floors":[19,19,19],"current_hp_per_floor":[80,60,62,62,62,45,45,51,51,51,51,51,49,55,55,14,94,86,86,86,73,73,73,54,18,18,49,32,42,42,40,71,0,0],"gold":196,"neow_bonus":"ONE_RARE_RELIC","is_daily":false,"chose_seed":false,"campfire_upgraded":6,"win_rate":0.0,"timestamp":1613348882,"path_taken":["M","?","M","?","?","E","R","M","T","R","?","R","M","M","R","BOSS","M","$","?","M","?","R","E","M","T","?","M","?","R","M","R","BOSS"],"items_purchased_type":["Card","Card","Card"],"build_version":"2020-12-13","purchased_purges":1,"victory":false,"max_hp_per_floor":[80,80,80,80,80,80,80,80,80,80,80,80,80,80,80,80,94,94,94,94,94,94,94,94,94,94,94,94,104,104,104,104,104,104],"card_choices":[{"not_picked":["Headbutt","Anger"],"picked":"Body Slam","floor":1},{"not_picked":["Burning Pact","Shrug It Off"],"picked":"Iron Wave","floor":3},{"not_picked":["Iron Wave","Sword Boomerang"],"picked":"Bloodletting","floor":6},{"not_picked":["Body Slam","Twin Strike"],"picked":"Iron Wave","floor":8},{"not_picked":["Anger","Twin Strike","Sword Boomerang"],"picked":"SKIP","floor":13},{"not_picked":["Twin Strike","Dropkick"],"picked":"Armaments","floor":14},{"not_picked":["Bludgeon","Limit Break"],"picked":"Offering","floor":16},{"not_picked":["Second Wind","Heavy Blade+1","Sword Boomerang+1"],"picked":"Intimidate","floor":18},{"not_picked":["Armaments+1","Heavy Blade+1","Cleave+1","Twin Strike"],"picked":"SKIP","floor":20},{"not_picked":["Cleave","Perfected Strike","Second Wind"],"picked":"Thunderclap","floor":21},{"not_picked":["Second Wind","Flex","Sword Boomerang","Warcry"],"picked":"SKIP","floor":24},{"not_picked":["True Grit","Burning Pact","Flex"],"picked":"Shrug It Off","floor":25},{"not_picked":["Warcry","Inflame","Blood for Blood+1"],"picked":"Body Slam","floor":28},{"not_picked":["Anger","Armaments","Spot Weakness"],"picked":"Second Wind","floor":31}],"player_experience":25425,"relics_obtained":[{"floor":6,"key":"Nunchaku"},{"floor":9,"key":"Gremlin Horn"},{"floor":17,"key":"Oddly Smooth Stone"},{"floor":17,"key":"Question Card"},{"floor":17,"key":"Mango"},{"floor":24,"key":"Omamori"},{"floor":26,"key":"Potion Belt"},{"floor":29,"key":"Pear"}],"event_choices":[{"damage_healed":0,"gold_gain":0,"player_choice":"Take Damage","damage_taken":20,"relics_obtained":["Golden Idol"],"max_hp_gain":0,"max_hp_loss":0,"event_name":"Golden Idol","floor":2,"gold_loss":0},{"damage_healed":0,"gold_gain":0,"player_choice":"Ignored","damage_taken":0,"max_hp_gain":0,"max_hp_loss":0,"event_name":"Liars Game","floor":4,"gold_loss":0},{"damage_healed":0,"gold_gain":0,"player_choice":"1 cards matched","damage_taken":0,"max_hp_gain":0,"max_hp_loss":0,"event_name":"Match and Keep!","floor":11,"gold_loss":0,"cards_obtained":["Normality"]},{"damage_healed":0,"gold_gain":0,"cards_transformed":["Strike_R","Strike_R"],"player_choice":"Became Test Subject","damage_taken":0,"max_hp_gain":0,"max_hp_loss":0,"event_name":"Drug Dealer","floor":22,"gold_loss":0,"cards_obtained":["Sever Soul","Dropkick"]},{"damage_healed":31,"gold_gain":0,"player_choice":"Heal","damage_taken":0,"max_hp_gain":0,"max_hp_loss":0,"event_name":"The Library","floor":27,"gold_loss":0}],"is_beta":false,"boss_relics":[{"not_picked":["Runic Dome","Black Blood"],"picked":"Calling Bell"}],"items_purged_floors":[19],"is_endless":false,"potions_floor_spawned":[3,13,25,31],"killed_by":"Champ","ascension_level":1}}