{"host":"wmojtwekh6s3tor5","time":1613412319,"event":{"mods":["BaseMod","Colored Map","Colored Powertips","DeckTracker","Highlight Path","Minty Spire (QoL Compilation)","StSLib"],"gold_per_floor":[116,136,136,93,110,136,166,118,118,118,131,131,158,172,172,269,269,283,10,10,10,27,27,39,39,65,15,33,33,67,86,86,185,185,197,211,30,48,67,67,80,80,131,131,145,145,145,157,157,157,157],"floor_reached":50,"language":"ZHS","playtime":2047,"items_purged":["Strike_R"],"score":616,"play_id":"c9c8821a-3cf7-43cb-a392-c726765cbce6","local_time":"20210216020519","is_ascension_mode":true,"campfire_choices":[{"data":"Bash","floor":10.0,"key":"SMITH"},{"data":"Rampage","floor":15.0,"key":"SMITH"},{"data":"Clash","floor":23.0,"key":"SMITH"},{"data":"Clash","floor":25.0,"key":"SMITH"},{"data":"Anger","floor":32.0,"key":"SMITH"},{"floor":40,"key":"REST"},{"data":"Flex","floor":44,"key":"SMITH"},{"floor":47,"key":"REST"},{"floor":49,"key":"REST"}],"circlet_count":0,"master_deck":["Strike_R+1","Strike_R+1","Strike_R+1","Strike_R+1","Defend_R+1","Defend_R+1","Clash+1","Clash+1","Anger+1","Rampage+1","Dropkick+1","Metallicize+1","Dual Wield+1","Corruption+1","Flex+1","Clash+1","Magnetism+1"],"relics":["Burning Blood","PreservedInsect","Paper Frog","Letter Opener","Bronze Scales","Frozen Egg 2","Astrolabe","HandDrill","MutagenicStrength","Red Skull","Pear","Philosopher\u0027s Stone","Medical Kit","Lantern"],"acts_visited":["Exordium","TheCity","TheBeyond"],"potions_floor_usage":[38,38,45,50,50],"damage_taken":[{"damage":6.0,"enemies":"Jaw Worm","floor":1.0,"turns":5.0},{"damage":0.0,"enemies":"2 Louse","floor":2.0,"turns":4.0},{"damage":8.0,"enemies":"Small Slimes","floor":5.0,"turns":4.0},{"damage":15.0,"enemies":"Lagavulin","floor":6.0,"turns":4.0},{"damage":0.0,"enemies":"3 Louse","floor":11.0,"turns":2.0},{"damage":10.0,"enemies":"Gremlin Nob","floor":13.0,"turns":3.0},{"damage":7.0,"enemies":"Large Slime","floor":14.0,"turns":3.0},{"damage":68.0,"enemies":"The Guardian","floor":16.0,"turns":11.0},{"damage":6.0,"enemies":"2 Thieves","floor":18.0,"turns":2.0},{"damage":7.0,"enemies":"Spheric Guardian","floor":22.0,"turns":3.0},{"damage":14.0,"enemies":"Chosen and Byrds","floor":24.0,"turns":3.0},{"damage":6.0,"enemies":"Shelled Parasite and Fungi","floor":28.0,"turns":2.0},{"damage":2.0,"enemies":"Book of Stabbing","floor":30.0,"turns":3.0},{"damage":6.0,"enemies":"Snecko","floor":31.0,"turns":3.0},{"damage":60.0,"enemies":"Champ","floor":33.0,"turns":7.0},{"damage":42,"enemies":"3 Shapes","floor":35,"turns":3},{"damage":8,"enemies":"Orb Walker","floor":36,"turns":2},{"damage":17,"enemies":"Sphere and 2 Shapes","floor":38,"turns":4},{"damage":14,"enemies":"4 Shapes","floor":39,"turns":2},{"damage":34,"enemies":"Spire Growth","floor":41,"turns":4},{"damage":0,"enemies":"3 Darklings","floor":45,"turns":3},{"damage":44,"enemies":"4 Shapes","floor":48,"turns":3},{"damage":76,"enemies":"Donu and Deca","floor":50,"turns":4}],"seed_played":"-6382758296877264853","potions_obtained":[{"floor":6.0,"key":"BloodPotion"},{"floor":13.0,"key":"EssenceOfSteel"},{"floor":14.0,"key":"FearPotion"},{"floor":18.0,"key":"Strength Potion"},{"floor":24.0,"key":"BloodPotion"},{"floor":30.0,"key":"Dexterity Potion"},{"floor":31.0,"key":"Swift Potion"},{"floor":35,"key":"DuplicationPotion"},{"floor":39,"key":"SkillPotion"},{"floor":41,"key":"DistilledChaos"},{"floor":45,"key":"HeartOfIron"}],"is_trial":false,"path_per_floor":["M","M","?","?","M","E","?","$","T","R","M","$","E","M","R","B",null,"M","$","?","?","M","R","M","R","T","$","M","$","E","M","R","B",null,"M","M","$","M","M","R","M","?","T","R","M","?","R","M","R","B"],"character_chosen":"IRONCLAD","items_purchased":["Anger","HandDrill","Dexterity Potion","Block Potion","Medical Kit","Flex"],"campfire_rested":3,"item_purchase_floors":[8,19,19,27,37,37],"current_hp_per_floor":[72,78,83,83,81,72,72,72,72,72,78,78,74,73,73,28,71,71,71,71,71,70,70,62,62,62,62,79,79,93,93,93,39,81,45,43,43,32,24,52,24,83,83,83,83,83,83,45,69,0,0],"gold":157,"neow_bonus":"RANDOM_COMMON_RELIC","is_daily":false,"chose_seed":false,"campfire_upgraded":6,"win_rate":0.0,"timestamp":1613412319,"path_taken":["M","M","?","?","M","E","?","$","T","R","?","$","E","M","R","BOSS","M","$","?","?","M","R","M","R","T","?","M","$","E","?","R","BOSS","M","M","$","M","M","R","M","?","T","R","M","?","R","M","R","BOSS"],"items_purchased_type":["Card","Relic","Potion","Potion","Relic","Card"],"build_version":"2020-12-22","purchased_purges":1,"victory":false,"max_hp_per_floor":[80,80,85,85,85,85,85,85,85,85,85,85,85,85,85,85,85,85,85,85,85,85,85,85,85,85,85,85,85,95,95,95,95,95,95,95,95,95,95,95,95,83,83,83,83,83,83,83,83,83,83],"card_choices":[{"not_picked":["Cleave","Flex","Feel No Pain"],"picked":"SKIP","floor":1.0},{"not_picked":["Wild Strike","Pommel Strike"],"picked":"Clash","floor":2.0},{"not_picked":["Iron Wave","Reaper"],"picked":"Clash","floor":5.0},{"not_picked":["Twin Strike","Rage","Wild Strike"],"picked":"SKIP","floor":6.0},{"not_picked":["Perfected Strike","Wild Strike","Pommel Strike"],"picked":"SKIP","floor":11.0},{"not_picked":["Armaments","Iron Wave"],"picked":"Rampage","floor":13.0},{"not_picked":["Clothesline","Pommel Strike","Shockwave"],"picked":"SKIP","floor":14.0},{"not_picked":["Shrug It Off","Wild Strike+1","Rupture+1"],"picked":"SKIP","floor":18.0},{"not_picked":["True Grit+1","Armaments","Body Slam"],"picked":"SKIP","floor":22.0},{"not_picked":["Perfected Strike","Thunderclap","Burning Pact"],"picked":"SKIP","floor":24.0},{"not_picked":["Carnage","True Grit","Pummel+1"],"picked":"SKIP","floor":28.0},{"not_picked":["Twin Strike","Rampage","Shrug It Off+1"],"picked":"SKIP","floor":30.0},{"not_picked":["Flex","Entrench"],"picked":"Corruption+1","floor":31.0},{"not_picked":["Thunderclap","Twin Strike+1","Hemokinesis+1"],"picked":"SKIP","floor":35},{"not_picked":["Body Slam+1","Heavy Blade+1","Uppercut+1"],"picked":"SKIP","floor":36},{"not_picked":["True Grit","Perfected Strike"],"picked":"Clash+1","floor":38},{"not_picked":["Sword Boomerang+1","Shockwave+1","Shrug It Off"],"picked":"SKIP","floor":39},{"not_picked":["Wild Strike","Rupture+1","Evolve+1"],"picked":"SKIP","floor":41},{"not_picked":["Havoc+1","Rupture+1","Anger+1"],"picked":"SKIP","floor":45},{"not_picked":["Chrysalis","Madness"],"picked":"Magnetism+1","floor":46},{"not_picked":["Searing Blow+1","Sword Boomerang","Cleave+1"],"picked":"SKIP","floor":48}],"player_experience":628659,"relics_obtained":[{"floor":6.0,"key":"Paper Frog"},{"floor":9.0,"key":"Bronze Scales"},{"floor":13.0,"key":"Frozen Egg 2"},{"floor":26.0,"key":"Red Skull"},{"floor":30.0,"key":"Pear"},{"floor":43,"key":"Lantern"}],"event_choices":[{"damage_healed":0.0,"max_hp_gain":5.0,"max_hp_loss":0.0,"gold_gain":0.0,"event_name":"Big Fish","player_choice":"Donut","floor":3.0,"gold_loss":0.0,"damage_taken":0.0},{"damage_healed":0.0,"max_hp_gain":0.0,"max_hp_loss":0.0,"gold_gain":0.0,"event_name":"World of Goop","player_choice":"Left Gold","floor":4.0,"gold_loss":43.0,"damage_taken":0.0},{"damage_healed":0.0,"max_hp_gain":0.0,"max_hp_loss":0.0,"gold_gain":30.0,"event_name":"Dead Adventurer","player_choice":"Searched \u00272\u0027 times","floor":7.0,"gold_loss":0.0,"damage_taken":0.0,"relics_obtained":["Letter Opener"]},{"damage_healed":0.0,"max_hp_gain":0.0,"max_hp_loss":0.0,"gold_gain":0.0,"event_name":"Drug Dealer","player_choice":"Inject Mutagens","floor":20.0,"gold_loss":0.0,"damage_taken":0.0,"relics_obtained":["MutagenicStrength"]},{"damage_healed":0.0,"max_hp_gain":0.0,"max_hp_loss":0.0,"gold_gain":0.0,"event_name":"Back to Basics","player_choice":"Simplicity","floor":21.0,"gold_loss":0.0,"damage_taken":0.0,"cards_upgraded":["Strike_R","Strike_R","Strike_R","Strike_R","Defend_R","Defend_R"]},{"damage_healed":83,"gold_gain":0,"player_choice":"Heal","damage_taken":0,"max_hp_gain":0,"max_hp_loss":12,"event_name":"The Moai Head","floor":42,"gold_loss":0},{"damage_healed":0,"gold_gain":0,"player_choice":"Memory 1","damage_taken":0,"max_hp_gain":0,"max_hp_loss":0,"event_name":"SensoryStone","floor":46,"gold_loss":0}],"is_beta":false,"boss_relics":[{"not_picked":["Runic Cube","SlaversCollar"],"picked":"Astrolabe"},{"not_picked":["Snecko Eye","Velvet Choker"],"picked":"Philosopher\u0027s Stone"}],"items_purged_floors":[19],"is_endless":false,"potions_floor_spawned":[6,13,14,18,24,30,31,35,39,41,45],"killed_by":"Donu and Deca","ascension_level":6}}