{"host":"hka8b3f4pkvnp4ei","time":1613387934,"event":{"mods":["BaseMod","Minty Spire (QoL Compilation)","Quick Restart","Replay The Spire","StSLib"],"gold_per_floor":[118,118,118,135,60,90,102,102,102,102,121,151,168,200,200,277,277,277,277],"floor_reached":18,"language":"ZHS","playtime":628,"items_purged":["Defend_P"],"score":460,"play_id":"d608b835-93c8-433d-9a94-6f99698975b2","local_time":"20210215191854","is_ascension_mode":true,"campfire_choices":[{"data":"Replay:Vibes","floor":8.0,"key":"SMITH"},{"floor":10.0,"key":"RECALL"},{"data":"BowlingBash","floor":15,"key":"SMITH"}],"circlet_count":0,"master_deck":["AscendersBane","Strike_P","Strike_P","Strike_P","Strike_P","Defend_P","Defend_P","Defend_P","Eruption+1","Vigilance","Replay:Vibes+1","Wireheading+1","BowlingBash+1","Blasphemy"],"relics":["PureWater","NeowsBlessing","ReplayTheSpireMod:Ring of Exchange","Frozen Egg 2","GoldenEye","Replay:Accelerometer","Juzu Bracelet","ReplayTheSpireMod:DimensionalGlitch"],"acts_visited":["Exordium","TheCity"],"potions_floor_usage":[12],"damage_taken":[{"damage":0.0,"enemies":"Small Slimes","floor":1.0,"turns":1.0},{"damage":0.0,"enemies":"Cultist","floor":4.0,"turns":1.0},{"damage":0.0,"enemies":"Gremlin Nob","floor":6.0,"turns":1.0},{"damage":7.0,"enemies":"2 Louse","floor":7.0,"turns":2.0},{"damage":3.0,"enemies":"Looter","floor":11.0,"turns":4.0},{"damage":0,"enemies":"Lagavulin","floor":12,"turns":4},{"damage":0,"enemies":"Blue Slaver","floor":13,"turns":6},{"damage":18,"enemies":"3 Sentries","floor":14,"turns":8},{"damage":8,"enemies":"Hexaghost","floor":16,"turns":9},{"damage":0,"enemies":"Shell Parasite","floor":18,"turns":1}],"seed_played":"1516372943737735135","potions_obtained":[{"floor":1.0,"key":"Ambrosia"},{"floor":4.0,"key":"Dexterity Potion"},{"floor":12,"key":"SmokeBomb"},{"floor":13,"key":"LiquidMemories"}],"is_trial":false,"path_per_floor":["M","?","?","M","$","E","M","R","T","R","M","E","M","E","R","B",null,"M"],"character_chosen":"WATCHER","items_purchased":[],"campfire_rested":0,"item_purchase_floors":[],"current_hp_per_floor":[61,61,61,61,61,61,54,54,54,54,51,51,51,33,33,25,57,57,57],"gold":277,"neow_bonus":"THREE_ENEMY_KILL","is_daily":false,"chose_seed":false,"campfire_upgraded":2,"win_rate":0.0,"timestamp":1613387934,"path_taken":["M","?","?","M","$","E","M","R","T","R","M","E","?","E","R","BOSS","M"],"items_purchased_type":[],"build_version":"2020-12-22","purchased_purges":1,"victory":false,"max_hp_per_floor":[68,68,68,68,68,68,68,68,68,68,68,68,68,68,68,68,68,68,68],"card_choices":[{"not_picked":["Evaluate","Halt","Consecrate"],"picked":"SKIP","floor":1.0},{"not_picked":["WreathOfFlame","Replay:ManipulateFuture","CutThroughFate"],"picked":"SKIP","floor":4.0},{"not_picked":["WreathOfFlame","Replay:ManipulateFuture","CutThroughFate"],"picked":"SKIP","floor":4.0},{"not_picked":["Sanctity","CutThroughFate"],"picked":"Replay:Vibes","floor":6.0},{"not_picked":["EmptyMind","Worship"],"picked":"Wireheading+1","floor":7.0},{"not_picked":["Crescendo","Protect","EmptyBody"],"picked":"SKIP","floor":11.0},{"not_picked":["Replay:BluntJabs","Replay:AtTheReady","PathToVictory"],"picked":"SKIP","floor":12},{"not_picked":["CrushJoints","Replay:Battleflow"],"picked":"BowlingBash","floor":13},{"not_picked":["Protect","Crescendo","Replay:AtTheReady"],"picked":"SKIP","floor":14},{"not_picked":["Brilliance","MasterReality+1"],"picked":"Blasphemy","floor":16}],"player_experience":482685,"relics_obtained":[{"floor":2.0,"key":"ReplayTheSpireMod:Ring of Exchange"},{"floor":6.0,"key":"Frozen Egg 2"},{"floor":9.0,"key":"GoldenEye"},{"floor":12,"key":"Replay:Accelerometer"},{"floor":14,"key":"Juzu Bracelet"}],"event_choices":[{"damage_healed":0.0,"max_hp_gain":0.0,"max_hp_loss":0.0,"gold_gain":0.0,"event_name":"Upgrade Shrine","player_choice":"Upgraded","floor":3.0,"gold_loss":0.0,"damage_taken":0.0,"cards_upgraded":["Eruption"]}],"is_beta":false,"boss_relics":[{"not_picked":["Calling Bell","Lee\u0027s Waffle"],"picked":"ReplayTheSpireMod:DimensionalGlitch"}],"items_purged_floors":[5],"is_endless":false,"potions_floor_spawned":[1,4,12,13,14],"killed_by":"Shell Parasite","ascension_level":20}}