{"host":"8rqsnaeml9gxb0kp","time":1613373342,"event":{"mods":["AchievementEnabler","BaseMod","Colored Powertips","Dark Map","Minty Spire (QoL Compilation)","Rare Cards Sparkle","Relic Stats","StSLib","slay the spire mod where everything is the same but ironclad has a cowboy hat"],"gold_per_floor":[117,42,42,192,192,192,225,245,313,348,348,364,364,384,384,384,384],"floor_reached":16,"language":"ENG","playtime":339,"items_purged":[],"score":259,"play_id":"e615c26e-5061-4dd9-8aea-f975e893efe3","local_time":"20210214231542","is_ascension_mode":true,"campfire_choices":[{"data":"Rampage","floor":6,"key":"SMITH"},{"data":"Bash","floor":11,"key":"SMITH"},{"data":"Impervious","floor":13,"key":"SMITH"},{"floor":15,"key":"RECALL"}],"circlet_count":0,"master_deck":["AscendersBane","Strike_R","Strike_R","Strike_R","Strike_R","Defend_R","Defend_R","Defend_R","Defend_R","Bash+1","Rampage+1","Doubt","Impervious+1"],"relics":["Burning Blood","NeowsBlessing","Art of War","Golden Idol","Lantern","Meat on the Bone","Nunchaku"],"acts_visited":["Exordium"],"potions_floor_usage":[10,10,16],"damage_taken":[{"damage":0,"enemies":"Jaw Worm","floor":1,"turns":1},{"damage":0,"enemies":"Gremlin Nob","floor":7,"turns":1},{"damage":0,"enemies":"2 Louse","floor":8,"turns":1},{"damage":38,"enemies":"Lagavulin","floor":10,"turns":6},{"damage":5,"enemies":"Small Slimes","floor":12,"turns":3},{"damage":5,"enemies":"Looter","floor":14,"turns":4},{"damage":56,"enemies":"Hexaghost","floor":16,"turns":9}],"seed_played":"5213555902025150071","potions_obtained":[{"floor":7,"key":"Strength Potion"},{"floor":8,"key":"Block Potion"},{"floor":12,"key":"Energy Potion"}],"is_trial":false,"path_per_floor":["M","?","?","?","?","R","E","M","T","E","R","M","R","M","R","B"],"character_chosen":"IRONCLAD","items_purchased":[],"campfire_rested":0,"item_purchase_floors":[],"current_hp_per_floor":[74,74,63,63,37,37,43,49,49,29,29,42,42,55,55,0,0],"gold":384,"neow_bonus":"THREE_ENEMY_KILL","is_daily":false,"chose_seed":false,"campfire_upgraded":3,"win_rate":0.0,"timestamp":1613373342,"path_taken":["M","?","?","?","?","R","E","M","T","E","R","M","R","M","R","BOSS"],"items_purchased_type":[],"build_version":"2020-12-22","purchased_purges":0,"victory":false,"max_hp_per_floor":[75,75,75,75,75,75,75,75,75,75,75,75,75,75,75,75,75],"relic_stats":{"Nunchaku":[2],"counters":[7,25],"Golden Idol":25,"Art of War":[0],"obtain_stats":[{"Lantern":7,"Nunchaku":10,"NeowsBlessing":0,"Golden Idol":5,"Art of War":3,"Burning Blood":0,"Meat on the Bone":9},{"Lantern":2,"Nunchaku":4,"NeowsBlessing":0,"Golden Idol":1,"Art of War":1,"Burning Blood":0,"Meat on the Bone":3},{"Lantern":2,"Nunchaku":9,"NeowsBlessing":0,"Golden Idol":1,"Art of War":1,"Burning Blood":0,"Meat on the Bone":3}],"Burning Blood":36,"Meat on the Bone":36},"card_choices":[{"not_picked":["Cleave","Shockwave"],"picked":"Rampage","floor":1},{"not_picked":["Spot Weakness","Fiend Fire","Perfected Strike"],"picked":"SKIP","floor":7},{"not_picked":["Flex","Clash","Pommel Strike"],"picked":"SKIP","floor":8},{"not_picked":["Pummel","Perfected Strike"],"picked":"Impervious","floor":10},{"not_picked":["Warcry","Heavy Blade","Perfected Strike"],"picked":"SKIP","floor":12},{"not_picked":["Pommel Strike","Clothesline","Cleave"],"picked":"SKIP","floor":14}],"player_experience":240203,"relics_obtained":[{"floor":7,"key":"Lantern"},{"floor":9,"key":"Meat on the Bone"},{"floor":10,"key":"Nunchaku"}],"event_choices":[{"cards_removed":["Strike_R"],"damage_healed":0,"gold_gain":0,"player_choice":"Card Removal","damage_taken":0,"max_hp_gain":0,"max_hp_loss":0,"event_name":"The Cleric","floor":2,"gold_loss":75},{"damage_healed":0,"gold_gain":0,"player_choice":"Success","damage_taken":11,"relics_obtained":["Art of War"],"max_hp_gain":0,"max_hp_loss":0,"event_name":"Scrap Ooze","floor":3,"gold_loss":0},{"damage_healed":0,"gold_gain":150,"player_choice":"AGREE","damage_taken":0,"max_hp_gain":0,"max_hp_loss":0,"event_name":"Liars Game","floor":4,"gold_loss":0,"cards_obtained":["Doubt"]},{"damage_healed":0,"gold_gain":0,"player_choice":"Take Damage","damage_taken":26,"relics_obtained":["Golden Idol"],"max_hp_gain":0,"max_hp_loss":0,"event_name":"Golden Idol","floor":5,"gold_loss":0}],"is_beta":false,"boss_relics":[],"items_purged_floors":[],"is_endless":false,"potions_floor_spawned":[7,8,12],"killed_by":"Hexaghost","ascension_level":19}}