{"host":"d0btaf6p0msba79e","time":1613394035,"event":{"mods":["BaseMod","BetterRewards","Minty Spire (QoL Compilation)"],"gold_per_floor":[109,109,109,123,139,183,183,221,247,247,247,280,304,30,30,154,154,178,194,42,42,42],"floor_reached":21,"language":"ENG","playtime":1443,"items_purged":[],"score":217,"play_id":"c2442524-a2cd-4ecc-bb2f-315c5cfa7d88","local_time":"20210216000035","is_ascension_mode":true,"campfire_choices":[{"floor":7,"key":"REST"},{"floor":11,"key":"REST"},{"floor":15,"key":"REST"}],"circlet_count":0,"master_deck":["Strike_P","Strike_P","Strike_P","Strike_P","Defend_P","Defend_P","Defend_P","Defend_P","Eruption+1","Vigilance","Halt","Study","TalkToTheHand","CutThroughFate","Tantrum","CutThroughFate","Alpha","WheelKick+1","Evaluate"],"relics":["PureWater","Golden Idol","Smiling Mask","Tiny Chest","Ancient Tea Set","Anchor","Membership Card","HornCleat","Cursed Key","StoneCalendar"],"acts_visited":["Exordium","TheCity"],"potions_floor_usage":[6,6,8,18],"damage_taken":[{"damage":7,"enemies":"Jaw Worm","floor":1,"turns":3},{"damage":7,"enemies":"2 Louse","floor":4,"turns":3},{"damage":0,"enemies":"Cultist","floor":5,"turns":4},{"damage":50,"enemies":"Lagavulin","floor":6,"turns":7},{"damage":15,"enemies":"3 Sentries","floor":8,"turns":16},{"damage":16,"enemies":"Gremlin Nob","floor":12,"turns":3},{"damage":0,"enemies":"3 Louse","floor":13,"turns":2},{"damage":21,"enemies":"Hexaghost","floor":16,"turns":10},{"damage":9,"enemies":"Chosen","floor":18,"turns":4},{"damage":11,"enemies":"3 Byrds","floor":19,"turns":3},{"damage":54,"enemies":"Shelled Parasite and Fungi","floor":21,"turns":5}],"seed_played":"737639737271140819","potions_obtained":[{"floor":1,"key":"PowerPotion"},{"floor":5,"key":"PowerPotion"},{"floor":6,"key":"PowerPotion"},{"floor":16,"key":"LiquidMemories"}],"is_trial":false,"path_per_floor":["M","?","?","M","M","E","R","E","T","?","R","E","M","$","R","B",null,"M","M","$","M"],"character_chosen":"WATCHER","items_purchased":["Membership Card","HornCleat","StoneCalendar"],"campfire_rested":3,"item_purchase_floors":[14,14,20],"current_hp_per_floor":[72,72,77,70,70,20,43,28,28,28,51,35,35,35,58,37,78,69,58,58,4,4],"gold":42,"neow_bonus":"TEN_PERCENT_HP_BONUS","is_daily":false,"chose_seed":false,"campfire_upgraded":0,"win_rate":0.0,"timestamp":1613394035,"path_taken":["M","?","?","M","M","E","R","E","T","?","R","E","M","$","R","BOSS","M","M","?","M"],"items_purchased_type":["Relic","Relic","Relic"],"build_version":"2020-12-22","purchased_purges":0,"victory":false,"max_hp_per_floor":[79,73,78,78,78,78,78,78,78,78,78,78,78,78,78,78,78,78,78,78,78,78],"card_choices":[{"not_picked":["Fasting2","Consecrate","WaveOfTheHand"],"picked":"SKIP","floor":1},{"not_picked":["Pray","Consecrate"],"picked":"Halt","floor":4},{"not_picked":["WaveOfTheHand","WreathOfFlame"],"picked":"Study","floor":5},{"not_picked":["FollowUp","Fasting2"],"picked":"TalkToTheHand","floor":6},{"not_picked":["SashWhip","JustLucky"],"picked":"CutThroughFate","floor":8},{"not_picked":["Scrawl","EmptyBody"],"picked":"Tantrum","floor":12},{"not_picked":["PathToVictory","Crescendo"],"picked":"CutThroughFate","floor":13},{"not_picked":["Judgement","Omniscience"],"picked":"Alpha","floor":16},{"not_picked":["Adaptation","Crescendo"],"picked":"WheelKick+1","floor":18},{"not_picked":["CrushJoints+1","Crescendo"],"picked":"Evaluate","floor":19}],"player_experience":1015463,"relics_obtained":[{"floor":6,"key":"Smiling Mask"},{"floor":8,"key":"Tiny Chest"},{"floor":9,"key":"Ancient Tea Set"},{"floor":12,"key":"Anchor"}],"event_choices":[{"damage_healed":0,"gold_gain":0,"player_choice":"Lose Max HP","damage_taken":0,"relics_obtained":["Golden Idol"],"max_hp_gain":0,"max_hp_loss":6,"event_name":"Golden Idol","floor":2,"gold_loss":0},{"damage_healed":0,"gold_gain":0,"player_choice":"Donut","damage_taken":0,"max_hp_gain":5,"max_hp_loss":0,"event_name":"Big Fish","floor":3,"gold_loss":0},{"damage_healed":0,"gold_gain":0,"player_choice":"Forge","damage_taken":0,"max_hp_gain":0,"max_hp_loss":0,"event_name":"Accursed Blacksmith","floor":10,"gold_loss":0,"cards_upgraded":["Eruption"]}],"is_beta":false,"boss_relics":[{"not_picked":["Velvet Choker","SlaversCollar"],"picked":"Cursed Key"}],"items_purged_floors":[],"is_endless":false,"potions_floor_spawned":[1,5,6,16],"killed_by":"Shelled Parasite and Fungi","ascension_level":2}}