{"host":"zsnmfqgcm92hlreo","time":1613362528,"event":{"mods":["AchievementEnabler","BaseMod","Bestiary","Block Reminder","Colored Map","Colored Powertips","Filter the Spire","Minty Spire (QoL Compilation)","Permanent Neow","Quick Restart","Relic Stats","StSLib","Weighted Paths"],"gold_per_floor":[118,118,118,82,95,95,131,147,171,171,195,216,256,256,256,346,346,362,376,401,420,345,384,384,31,80,124,124,124,157,177,177,273,273,287,38,38,62,85,116,128,180,219,231,243,255,135,151,151,151,151],"floor_reached":52,"language":"ENG","playtime":2944,"items_purged":[],"score":1956,"play_id":"1a3a5714-d999-45d8-b634-3f45b7d6c439","local_time":"20210214221528","is_ascension_mode":true,"campfire_choices":[{"data":"Glass Knife","floor":6.0,"key":"SMITH"},{"floor":10.0,"key":"REST"},{"data":"Cloak And Dagger","floor":15.0,"key":"SMITH"},{"data":"Malaise","floor":24.0,"key":"SMITH"},{"data":"After Image","floor":29.0,"key":"SMITH"},{"data":"Choke","floor":32.0,"key":"SMITH"},{"floor":46,"key":"DIG"},{"floor":49,"key":"DIG"}],"circlet_count":0,"master_deck":["AscendersBane","Survivor","Neutralize","Adrenaline+1","Deflect","Choke","Glass Knife+1","Blade Dance","Eviscerate","Quick Slash","PiercingWail","Deflect","Caltrops","Blade Dance","Deflect","Cloak And Dagger+1","Well Laid Plans","After Image+1","Leg Sweep","Terror","Malaise+1","PiercingWail","Choke+1","Cloak And Dagger","Cloak And Dagger","Envenom","Infinite Blades+1","Caltrops","Backflip","Cloak And Dagger","Crippling Poison","Writhe","Accuracy","Acrobatics","Infinite Blades+1"],"relics":["Pandora\u0027s Box","Golden Idol","Anchor","Happy Flower","Bird Faced Urn","Coffee Dripper","TungstenRod","Pantograph","Nunchaku","Art of War","Eternal Feather","SlaversCollar","OrangePellets","Pear","MawBank","Shovel","Vajra","Mango","HornCleat"],"acts_visited":["Exordium","TheCity","TheBeyond"],"potions_floor_usage":[40],"damage_taken":[{"damage":0.0,"enemies":"Small Slimes","floor":1.0,"turns":2.0},{"damage":4.0,"enemies":"Jaw Worm","floor":5.0,"turns":2.0},{"damage":22.0,"enemies":"Lagavulin","floor":7.0,"turns":4.0},{"damage":0.0,"enemies":"Cultist","floor":8.0,"turns":2.0},{"damage":0.0,"enemies":"3 Louse","floor":11.0,"turns":2.0},{"damage":0.0,"enemies":"Exordium Thugs","floor":12.0,"turns":3.0},{"damage":13.0,"enemies":"3 Sentries","floor":13.0,"turns":5.0},{"damage":14.0,"enemies":"Slime Boss","floor":16.0,"turns":9.0},{"damage":7.0,"enemies":"2 Thieves","floor":18.0,"turns":3.0},{"damage":7.0,"enemies":"Spheric Guardian","floor":19.0,"turns":4.0},{"damage":0.0,"enemies":"Centurion and Healer","floor":20.0,"turns":5.0},{"damage":15.0,"enemies":"Shelled Parasite and Fungi","floor":21.0,"turns":5.0},{"damage":9.0,"enemies":"Book of Stabbing","floor":23.0,"turns":5.0},{"damage":19.0,"enemies":"Slavers","floor":27.0,"turns":6.0},{"damage":21.0,"enemies":"Gremlin Leader","floor":30.0,"turns":7.0},{"damage":0.0,"enemies":"Snake Plant","floor":31.0,"turns":3.0},{"damage":31.0,"enemies":"Champ","floor":33.0,"turns":11.0},{"damage":0.0,"enemies":"Orb Walker","floor":35.0,"turns":2.0},{"damage":23.0,"enemies":"3 Darklings","floor":38.0,"turns":6.0},{"damage":19.0,"enemies":"Jaw Worm Horde","floor":39.0,"turns":5.0},{"damage":25,"enemies":"Giant Head","floor":40,"turns":8},{"damage":11,"enemies":"Nemesis","floor":42,"turns":7},{"damage":25,"enemies":"4 Shapes","floor":48,"turns":9},{"damage":48,"enemies":"Donu and Deca","floor":50,"turns":10},{"damage":114,"enemies":"Awakened One","floor":51,"turns":28}],"seed_played":"-5414352181531934230","potions_obtained":[{"floor":5.0,"key":"LiquidMemories"},{"floor":7.0,"key":"Regen Potion"},{"floor":16.0,"key":"Explosive Potion"},{"floor":20.0,"key":"GamblersBrew"},{"floor":27.0,"key":"LiquidMemories"},{"floor":33.0,"key":"Regen Potion"},{"floor":38.0,"key":"LiquidMemories"},{"floor":42,"key":"FairyPotion"}],"is_trial":false,"path_per_floor":["M","?","?","$","M","R","E","M","T","R","M","M","E","?","R","B",null,"M","M","M","M","?","E","R","$","T","E","?","R","E","M","R","B",null,"M","$","?","M","M","E","?","E","T","?","?","R","$","M","R","B","B",null],"character_chosen":"THE_SILENT","items_purchased":["Caltrops","Pantograph","Choke","Caltrops","OrangePellets","Accuracy","Acrobatics"],"campfire_rested":1,"item_purchase_floors":[4,25,25,36,36,47,47],"current_hp_per_floor":[59,59,59,59,55,55,33,33,33,52,52,52,53,53,53,43,60,57,56,62,53,53,50,50,50,50,35,48,48,33,37,52,35,58,60,60,70,57,48,48,48,49,49,64,64,90,90,75,90,52,20],"gold":151,"neow_bonus":"BOSS_RELIC","is_daily":false,"chose_seed":false,"campfire_upgraded":5,"win_rate":0.0,"timestamp":1613362528,"path_taken":["M","?","?","?","M","R","E","M","T","R","M","M","E","?","R","BOSS","M","M","?","M","?","E","R","?","T","E","?","R","E","M","R","BOSS","M","$","?","?","M","E","?","E","T","?","?","R","?","M","R","BOSS","BOSS"],"items_purchased_type":["Card","Relic","Card","Card","Relic","Card","Card"],"build_version":"2020-12-22","purchased_purges":0,"victory":true,"max_hp_per_floor":[66,66,66,66,66,66,66,66,66,66,66,66,66,66,66,66,66,66,66,66,66,66,66,66,66,66,66,66,66,66,66,66,66,66,66,66,76,76,76,76,76,76,76,76,76,90,90,90,90,90,90],"relic_stats":{"Happy Flower":[47],"counters":[25,153],"Golden Idol":178,"Eternal Feather":42,"MawBank":84,"OrangePellets":[2],"Nunchaku":[35],"Shovel":2,"Bird Faced Urn":[124],"Pantograph":39,"Pandora\u0027s Box":["Adrenaline","Deflect","Choke","Glass Knife","Blade Dance","Flying Knee","Eviscerate","Quick Slash","Underhanded Strike","PiercingWail"],"Art of War":[6],"obtain_stats":[{"Pear":37,"Happy Flower":9,"Golden Idol":3,"Vajra":43,"Eternal Feather":30,"Mango":46,"MawBank":40,"SlaversCollar":34,"OrangePellets":36,"Anchor":7,"Nunchaku":26,"Shovel":42,"HornCleat":49,"Bird Faced Urn":13,"Pantograph":25,"Pandora\u0027s Box":0,"Coffee Dripper":17,"Art of War":27,"TungstenRod":23,"Ring of the Snake":0},{"Pear":18,"Happy Flower":4,"Golden Idol":1,"Vajra":22,"Eternal Feather":15,"Mango":22,"MawBank":21,"SlaversCollar":17,"OrangePellets":18,"Anchor":3,"Nunchaku":13,"Shovel":22,"HornCleat":23,"Bird Faced Urn":7,"Pantograph":13,"Pandora\u0027s Box":0,"Coffee Dripper":8,"Art of War":14,"TungstenRod":13,"Ring of the Snake":0},{"Pear":80,"Happy Flower":10,"Golden Idol":2,"Vajra":106,"Eternal Feather":64,"Mango":106,"MawBank":99,"SlaversCollar":78,"OrangePellets":80,"Anchor":8,"Nunchaku":51,"Shovel":106,"HornCleat":115,"Bird Faced Urn":20,"Pantograph":51,"Pandora\u0027s Box":0,"Coffee Dripper":29,"Art of War":57,"TungstenRod":51,"Ring of the Snake":0}],"TungstenRod":49},"card_choices":[{"not_picked":["Finisher","Masterful Stab"],"picked":"Deflect","floor":1.0},{"not_picked":["Endless Agony","Poisoned Stab","Flechettes"],"picked":"SKIP","floor":5.0},{"not_picked":["Dagger Throw","Prepared"],"picked":"Blade Dance","floor":7.0},{"not_picked":["Reflex","Sucker Punch"],"picked":"Deflect","floor":8.0},{"not_picked":["Prepared","Deadly Poison"],"picked":"Cloak And Dagger","floor":11.0},{"not_picked":["Flechettes","Slice"],"picked":"Well Laid Plans","floor":12.0},{"not_picked":["Underhanded Strike","Sucker Punch","Slice"],"picked":"SKIP","floor":13.0},{"not_picked":["Venomology","Doppelganger"],"picked":"After Image","floor":16.0},{"not_picked":["Endless Agony+1","Sucker Punch"],"picked":"Leg Sweep","floor":18.0},{"not_picked":["Distraction","Dagger Spray"],"picked":"Blur","floor":19.0},{"not_picked":["Masterful Stab","Riddle With Holes","Bane"],"picked":"SKIP","floor":20.0},{"not_picked":["Deflect","PiercingWail","Prepared+1"],"picked":"SKIP","floor":21.0},{"not_picked":["Prepared","Deadly Poison"],"picked":"PiercingWail","floor":23.0},{"not_picked":["Deflect","Deadly Poison"],"picked":"Cloak And Dagger","floor":27.0},{"not_picked":["Deflect","Poisoned Stab","Flechettes"],"picked":"SKIP","floor":30.0},{"not_picked":["Quick Slash","Deflect"],"picked":"Cloak And Dagger","floor":31.0},{"not_picked":["Glass Knife","Doppelganger"],"picked":"Envenom","floor":33.0},{"not_picked":["Flying Knee+1","Dodge and Roll"],"picked":"Infinite Blades+1","floor":35.0},{"not_picked":["Quick Slash","Flying Knee"],"picked":"Backflip","floor":38.0},{"not_picked":["Deadly Poison+1","Bane"],"picked":"Cloak And Dagger","floor":39.0},{"not_picked":["Deflect","Unload","Infinite Blades"],"picked":"SKIP","floor":40},{"not_picked":["Die Die Die","Bullet Time"],"picked":"Crippling Poison","floor":42},{"not_picked":["Reflex+1","Deflect"],"picked":"Infinite Blades+1","floor":48}],"player_experience":1137470,"relics_obtained":[{"floor":7.0,"key":"Anchor"},{"floor":9.0,"key":"Happy Flower"},{"floor":13.0,"key":"Bird Faced Urn"},{"floor":23.0,"key":"TungstenRod"},{"floor":26.0,"key":"Nunchaku"},{"floor":27.0,"key":"Art of War"},{"floor":30.0,"key":"Eternal Feather"},{"floor":40,"key":"MawBank"},{"floor":42,"key":"Shovel"},{"floor":43,"key":"Vajra"},{"floor":46,"key":"Mango"},{"floor":49,"key":"HornCleat"}],"event_choices":[{"damage_healed":0.0,"max_hp_gain":0.0,"max_hp_loss":0.0,"gold_gain":0.0,"event_name":"Living Wall","player_choice":"Grow","floor":2.0,"gold_loss":0.0,"damage_taken":0.0,"cards_upgraded":["Adrenaline"]},{"damage_healed":0.0,"max_hp_gain":0.0,"max_hp_loss":0.0,"gold_gain":0.0,"event_name":"Golden Idol","player_choice":"Take Wound","floor":3.0,"gold_loss":0.0,"damage_taken":0.0,"relics_obtained":["Golden Idol"],"cards_obtained":["Injury"]},{"cards_removed":["Injury"],"damage_healed":0.0,"max_hp_gain":0.0,"max_hp_loss":0.0,"gold_gain":0.0,"event_name":"Purifier","player_choice":"Purged","floor":14.0,"gold_loss":0.0,"damage_taken":0.0},{"damage_healed":0.0,"max_hp_gain":0.0,"max_hp_loss":0.0,"gold_gain":0.0,"cards_transformed":["Flying Knee","Underhanded Strike"],"event_name":"Designer","player_choice":"Transformed Cards","floor":22.0,"gold_loss":75.0,"damage_taken":0.0,"cards_obtained":["Terror","Malaise"]},{"damage_healed":13.0,"max_hp_gain":0.0,"max_hp_loss":0.0,"gold_gain":0.0,"event_name":"The Library","player_choice":"Heal","floor":28.0,"gold_loss":0.0,"damage_taken":0.0},{"damage_healed":0.0,"max_hp_gain":0.0,"max_hp_loss":0.0,"gold_gain":0.0,"event_name":"WeMeetAgain","player_choice":"Gave Potion","floor":37.0,"gold_loss":0.0,"damage_taken":0.0,"relics_obtained":["Pear"]},{"damage_healed":0,"gold_gain":0,"player_choice":"Ignored","damage_taken":0,"max_hp_gain":0,"max_hp_loss":0,"event_name":"Mysterious Sphere","floor":41,"gold_loss":0},{"damage_healed":15,"gold_gain":0,"player_choice":"Writhe","damage_taken":0,"max_hp_gain":0,"max_hp_loss":0,"event_name":"Winding Halls","floor":44,"gold_loss":0,"cards_obtained":["Writhe"]},{"cards_removed":["Blur"],"damage_healed":0,"gold_gain":0,"player_choice":"Removed Skill","damage_taken":0,"max_hp_gain":0,"max_hp_loss":0,"event_name":"Falling","floor":45,"gold_loss":0}],"is_beta":false,"boss_relics":[{"not_picked":["Busted Crown","Ectoplasm"],"picked":"Coffee Dripper"},{"not_picked":["Runic Pyramid","Astrolabe"],"picked":"SlaversCollar"}],"items_purged_floors":[],"is_endless":false,"potions_floor_spawned":[5,7,11,16,20,27,33,38,39,42],"ascension_level":20}}