{"host":"mljkxr5b6an9e5iz","time":1613407921,"event":{"mods":["AchievementEnabler","Aspiration","BaseMod","Colored Map","Downfall","Minty Spire (QoL Compilation)","Permanent Neow","Reliquary","StSLib"],"gold_per_floor":[112,132,142,156,170,170,190,207,207,239,239,249,260,260,260,362,362,351,651,611,630,7,7,35,35,35,35,48,65,65,84,84,84,84],"floor_reached":33,"language":"ENG","playtime":3923,"items_purged":["Writhe"],"score":273,"play_id":"1c51ade4-84b2-4ddd-a21e-168916a72177","local_time":"20210215175201","is_ascension_mode":false,"campfire_choices":[{"data":"Searing Blow","floor":6,"key":"SMITH"},{"floor":11,"key":"REST"},{"data":"Searing Blow+1","floor":15,"key":"SMITH"},{"data":"Searing Blow+3","floor":23,"key":"SMITH"},{"data":"Searing Blow+4","floor":25,"key":"SMITH"},{"data":"Searing Blow+5","floor":27,"key":"SMITH"},{"data":"Searing Blow+6","floor":32,"key":"SMITH"}],"circlet_count":0,"master_deck":["Strike_R","Strike_R","Strike_R","Strike_R","Defend_R","Defend_R","Defend_R","Bash","Searing Blow+7","Headbutt","Inflame","Flex","True Grit","Rage","Flex","Shrug It Off","Berserk","Sword Boomerang+1","Uppercut","Reaper","Shrug It Off+1"],"relics":["Burning Blood","aspiration:Nostalgia","Ring of the Snake","reliquary:Vitrine","Oddly Smooth Stone","Empty Cage","Old Coin","aspiration:HatOfInfinitePower","reliquary:PurpleTingedLeaf","reliquary:RoseTintedGlasses","aspiration:StickyExplosives_weak"],"acts_visited":["Exordium","TheCity"],"potions_floor_usage":[10,16,16,16,18,24,31,31],"damage_taken":[{"damage":0,"enemies":"Small Slimes","floor":1,"turns":3},{"damage":8,"enemies":"2 Louse","floor":2,"turns":6},{"damage":6,"enemies":"Cultist","floor":3,"turns":3},{"damage":15,"enemies":"Exordium Wildlife","floor":4,"turns":4},{"damage":6,"enemies":"Large Slime","floor":5,"turns":4},{"damage":2,"enemies":"3 Louse","floor":7,"turns":5},{"damage":25,"enemies":"Exordium Wildlife","floor":8,"turns":5},{"damage":45,"enemies":"Lagavulin","floor":10,"turns":9},{"damage":2,"enemies":"Red Slaver","floor":12,"turns":4},{"damage":5,"enemies":"3 Louse","floor":13,"turns":4},{"damage":8,"enemies":"Hexaghost","floor":16,"turns":9},{"damage":16,"enemies":"2 Thieves","floor":18,"turns":4},{"damage":10,"enemies":"Spheric Guardian","floor":21,"turns":3},{"damage":59,"enemies":"Slavers","floor":24,"turns":6},{"damage":7,"enemies":"Centurion and Healer","floor":28,"turns":4},{"damage":0,"enemies":"Snake Plant","floor":29,"turns":2},{"damage":0,"enemies":"Snecko","floor":31,"turns":3},{"damage":47,"enemies":"Champ","floor":33,"turns":7}],"seed_played":"7028124544649386236","potions_obtained":[{"floor":1,"key":"SteroidPotion"},{"floor":4,"key":"Ancient Potion"},{"floor":7,"key":"EssenceOfSteel"},{"floor":12,"key":"LiquidBronze"},{"floor":13,"key":"Block Potion"},{"floor":16,"key":"Dexterity Potion"},{"floor":18,"key":"Block Potion"},{"floor":21,"key":"SpeedPotion"},{"floor":29,"key":"Swift Potion"}],"is_trial":false,"path_per_floor":["M","M","M","M","M","R","M","M","T","E","R","M","M","?","R","B",null,"M","?","?","M","$","R","E","R","T","R","M","M","?","M","R","B"],"character_chosen":"IRONCLAD","items_purchased":["aspiration:HatOfInfinitePower","reliquary:PurpleTingedLeaf"],"campfire_rested":1,"item_purchase_floors":[22,22],"current_hp_per_floor":[80,78,78,69,69,69,73,54,54,15,39,43,44,44,44,42,80,70,70,70,66,66,66,16,16,16,16,17,24,24,35,35,0,0],"gold":84,"neow_bonus":"NOSTALGIA","is_daily":false,"chose_seed":false,"campfire_upgraded":6,"win_rate":0.0,"timestamp":1613407921,"path_taken":["M","M","M","M","M","R","M","M","T","E","R","M","M","?","R","BOSS","M","?","?","M","$","R","E","R","T","R","M","?","?","M","R","BOSS"],"items_purchased_type":["Relic","Relic"],"build_version":"2020-12-22","purchased_purges":1,"victory":false,"max_hp_per_floor":[80,80,80,80,80,80,80,80,80,80,80,80,80,80,80,80,80,80,80,80,80,80,80,80,80,80,80,80,80,80,80,80,80,80],"card_choices":[{"not_picked":["Body Slam","Twin Strike"],"picked":"Searing Blow","floor":1},{"not_picked":["Hemokinesis","Feel No Pain"],"picked":"Headbutt","floor":2},{"not_picked":["Disarm","Shockwave"],"picked":"Inflame","floor":3},{"not_picked":["Shrug It Off","Pommel Strike"],"picked":"Inflame","floor":4},{"not_picked":["Feel No Pain","Shrug It Off"],"picked":"Flex","floor":5},{"not_picked":["Pummel","Clothesline"],"picked":"True Grit","floor":7},{"not_picked":["Rampage","Flex"],"picked":"Rage","floor":8},{"not_picked":["Armaments","Entrench"],"picked":"Flex","floor":10},{"not_picked":["Shockwave","Armaments","Headbutt"],"picked":"SKIP","floor":12},{"not_picked":["Headbutt","Disarm"],"picked":"Shrug It Off","floor":13},{"not_picked":["Barricade","Offering"],"picked":"Berserk","floor":16},{"not_picked":["Carnage","Body Slam+1","Bloodletting+1"],"picked":"SKIP","floor":18},{"not_picked":["True Grit+1","Thunderclap"],"picked":"Sword Boomerang+1","floor":21},{"not_picked":["True Grit","Twin Strike","Sword Boomerang"],"picked":"SKIP","floor":24},{"not_picked":["Sword Boomerang","Shrug It Off"],"picked":"Uppercut","floor":28},{"not_picked":["Anger","Inflame+1"],"picked":"Reaper","floor":29},{"not_picked":["Burning Pact","Pommel Strike"],"picked":"Shrug It Off+1","floor":31}],"player_experience":2133,"relics_obtained":[{"floor":9,"key":"reliquary:Vitrine"},{"floor":10,"key":"Oddly Smooth Stone"},{"floor":24,"key":"reliquary:RoseTintedGlasses"},{"floor":26,"key":"aspiration:StickyExplosives_weak"}],"event_choices":[{"damage_healed":0,"gold_gain":0,"player_choice":"Ignored","damage_taken":0,"max_hp_gain":0,"max_hp_loss":0,"event_name":"Shining Light","floor":14,"gold_loss":0},{"damage_healed":0,"gold_gain":0,"player_choice":"Opened","damage_taken":0,"relics_obtained":["Old Coin"],"max_hp_gain":0,"max_hp_loss":0,"event_name":"The Mausoleum","floor":19,"gold_loss":0,"cards_obtained":["Writhe"]},{"damage_healed":0,"gold_gain":0,"player_choice":"Upgrade","damage_taken":0,"max_hp_gain":0,"max_hp_loss":0,"event_name":"Designer","floor":20,"gold_loss":40,"cards_upgraded":["Searing Blow"]}],"is_beta":false,"boss_relics":[{"not_picked":["Velvet Choker","Mark of Pain"],"picked":"Empty Cage"}],"items_purged_floors":[22],"is_endless":false,"potions_floor_spawned":[1,4,7,12,13,16,18,21,29],"killed_by":"Champ","ascension_level":0}}