{"host":"19r1ww88x2tc73i0","time":1613373972,"event":{"mods":["BaseMod","BetterRewards","Colored Map","Minty Spire (QoL Compilation)","Relic Stats","StSLib","SuperFastMode","slay the spire mod where everything is the same but ironclad has a cowboy hat"],"gold_per_floor":[109,109,128,128,93,127,127,145,198,198,223,223,223,240,240,317,317,329,329,339,354,366,366,366],"floor_reached":23,"language":"ENG","playtime":876,"items_purged":["Strike_G"],"score":402,"play_id":"687ace09-0679-42c3-8985-17af16e190ce","local_time":"25640215142612","is_ascension_mode":true,"campfire_choices":[{"data":"Crippling Poison","floor":7,"key":"SMITH"},{"data":"Poisoned Stab","floor":10,"key":"SMITH"},{"data":"Deadly Poison","floor":13,"key":"SMITH"},{"data":"Bouncing Flask","floor":15,"key":"SMITH"}],"circlet_count":0,"master_deck":["AscendersBane","Strike_G","Strike_G","Strike_G","Strike_G","Defend_G","Defend_G","Defend_G","Defend_G+1","Defend_G","Survivor+1","Neutralize","Footwork+1","Footwork+1","Crippling Poison+1","Poisoned Stab+1","Dodge and Roll","Deflect","Deadly Poison+1","Bouncing Flask+1","Tools of the Trade+1","Caltrops+1","Blade Dance+1"],"relics":["Ring of the Snake","Calipers","Frozen Egg 2","Tiny Chest","Potion Belt","Pen Nib","Centennial Puzzle","Pocketwatch","Black Star"],"acts_visited":["Exordium","TheCity"],"potions_floor_usage":[6,11,18,21,21,23],"damage_taken":[{"damage":0.0,"enemies":"Cultist","floor":1.0,"turns":6.0},{"damage":11.0,"enemies":"2 Louse","floor":3.0,"turns":4.0},{"damage":11,"enemies":"Lagavulin","floor":6,"turns":12},{"damage":0,"enemies":"Small Slimes","floor":8,"turns":4},{"damage":10,"enemies":"3 Sentries","floor":11,"turns":11},{"damage":0,"enemies":"Looter","floor":14,"turns":4},{"damage":13,"enemies":"Slime Boss","floor":16,"turns":13},{"damage":5,"enemies":"3 Byrds","floor":18,"turns":3},{"damage":15,"enemies":"2 Thieves","floor":20,"turns":4},{"damage":5,"enemies":"Centurion and Healer","floor":21,"turns":7},{"damage":10,"enemies":"Snake Plant","floor":22,"turns":5},{"damage":0,"enemies":"Slavers","floor":23,"turns":1}],"seed_played":"503659236101105437","potions_obtained":[{"floor":1.0,"key":"Energy Potion"},{"floor":3.0,"key":"GhostInAJar"},{"floor":8,"key":"DistilledChaos"},{"floor":11,"key":"LiquidBronze"},{"floor":18,"key":"AttackPotion"},{"floor":20,"key":"Swift Potion"}],"is_trial":false,"path_per_floor":["M","?","M","?","?","E","R","M","T","R","E","T","R","M","R","B",null,"M","T","M","M","M","E"],"character_chosen":"THE_SILENT","items_purchased":["Calipers","Frozen Egg 2","Footwork+1","Footwork+1"],"campfire_rested":0,"item_purchase_floors":[0,0,0,0],"current_hp_per_floor":[59,54,43,23,39,28,28,28,28,28,18,18,18,18,18,5,51,46,46,31,26,16,16,16],"gold":366,"neow_bonus":"","is_daily":false,"chose_seed":false,"campfire_upgraded":4,"win_rate":0.0,"timestamp":1613373972,"path_taken":["M","?","M","?","?","E","R","M","T","R","E","?","R","M","R","BOSS","M","?","M","M","M","E"],"items_purchased_type":["Relic","Relic","Card","Card"],"build_version":"2020-12-22","purchased_purges":1,"victory":false,"max_hp_per_floor":[66,66,66,66,66,66,66,66,66,66,66,66,66,66,66,66,66,66,66,66,66,66,66,66],"relic_stats":{"Centennial Puzzle":[15],"counters":[12,74],"Tiny Chest":1,"Pen Nib":[5],"Black Star":0,"obtain_stats":[{"Potion Belt":6,"Centennial Puzzle":11,"Calipers":0,"Tiny Chest":2,"Pen Nib":9,"Black Star":17,"Frozen Egg 2":0,"Ring of the Snake":0,"Pocketwatch":12},{"Potion Belt":3,"Centennial Puzzle":5,"Calipers":0,"Tiny Chest":1,"Pen Nib":4,"Black Star":7,"Frozen Egg 2":0,"Ring of the Snake":0,"Pocketwatch":5},{"Potion Belt":22,"Centennial Puzzle":37,"Calipers":0,"Tiny Chest":6,"Pen Nib":26,"Black Star":54,"Frozen Egg 2":0,"Ring of the Snake":0,"Pocketwatch":37}],"Ring of the Snake":[24],"Pocketwatch":[58]},"card_choices":[{"not_picked":["Underhanded Strike","Acrobatics"],"picked":"Crippling Poison","floor":1.0},{"not_picked":["Distraction","Skewer"],"picked":"Poisoned Stab","floor":3.0},{"not_picked":["Infinite Blades+1","Calculated Gamble"],"picked":"Dodge and Roll","floor":6},{"not_picked":["Endless Agony","Slice"],"picked":"Deflect","floor":8},{"not_picked":["Deflect","Endless Agony"],"picked":"Deadly Poison","floor":11},{"not_picked":["Sucker Punch","PiercingWail"],"picked":"Bouncing Flask","floor":14},{"not_picked":["Adrenaline","Malaise"],"picked":"Tools of the Trade+1","floor":16},{"not_picked":["Expertise","Deadly Poison","Masterful Stab"],"picked":"SKIP","floor":18},{"not_picked":["Dodge and Roll","Masterful Stab"],"picked":"Caltrops+1","floor":20},{"not_picked":["Deflect","Masterful Stab"],"picked":"Blade Dance+1","floor":21},{"not_picked":["Acrobatics","Slice","All Out Attack"],"picked":"SKIP","floor":22}],"player_experience":1082901,"relics_obtained":[{"floor":6,"key":"Potion Belt"},{"floor":9,"key":"Pen Nib"},{"floor":11,"key":"Centennial Puzzle"},{"floor":12,"key":"Pocketwatch"}],"event_choices":[{"damage_healed":0.0,"max_hp_gain":0.0,"max_hp_loss":0.0,"gold_gain":0.0,"event_name":"Scrap Ooze","player_choice":"Success","floor":2.0,"gold_loss":0.0,"damage_taken":5.0,"relics_obtained":["Tiny Chest"]},{"damage_healed":0.0,"max_hp_gain":0.0,"max_hp_loss":0.0,"gold_gain":0.0,"event_name":"Shining Light","player_choice":"Entered Light","floor":4.0,"gold_loss":0.0,"damage_taken":20.0,"cards_upgraded":["Survivor","Defend_G"]},{"damage_healed":16.0,"max_hp_gain":0.0,"max_hp_loss":0.0,"gold_gain":0.0,"event_name":"The Cleric","player_choice":"Healed","floor":5.0,"gold_loss":35.0,"damage_taken":0.0}],"is_beta":false,"boss_relics":[{"not_picked":["Cursed Key","WristBlade"],"picked":"Black Star"}],"items_purged_floors":[0],"is_endless":false,"potions_floor_spawned":[1,3,8,11,18,20],"killed_by":"Slavers","ascension_level":20}}