{"host":"Doisman","time":1613350804,"event":{"mods":["AchievementEnabler","BaseMod","Better Note","Curses Come First","Minty Spire (QoL Compilation)","Permanent Neow","Quick Restart","Relic Stats","Replay The Spire","StSLib","slay the spire mod where everything is the same but ironclad has a cowboy hat"],"gold_per_floor":[144,189,189,189,189,189,279,324,324,414,459,504,549,594,594,894,894,939,984,1029,1074,1119,1209,1209,1209,1259,1304,1394,1439,1534,1579,1579,1879,1879,1924,1969,2014,2059,2104,2194,2239,2284,2359,2409,2525,2570,2615,1662,1662,1662],"floor_reached":51,"language":"ENG","playtime":5212,"items_purged":[],"score":1120,"play_id":"b6b9007b-a65a-41d0-a8bd-faf1a6d24895","local_time":"20210214190004","daily_mods":["Draft","Diverse","Midas"],"is_ascension_mode":false,"campfire_choices":[{"floor":6,"key":"REST"},{"floor":15,"key":"REST"},{"floor":24,"key":"REST"},{"floor":32,"key":"REST"},{"floor":49,"key":"REST"}],"circlet_count":0,"master_deck":["Fusion+1","Gash","Consecrate","ReachHeaven","Hidden Blade","Shrug It Off","Headbutt","Conserve Battery","JustLucky","Cloak And Dagger","Ghostly Armor","Go for the Eyes","Headbutt","Stack","Evaluate","Conserve Battery","Combust","DeusExMachina+1","Poisoned Stab","Skewer","Sweeping Beam","Anger","Leg Sweep+1","Blade Dance+1","Offering+1","Gash","EmptyBody+1","Ragnarok","Flying Knee+1","Sword Boomerang","Conserve Battery+1","Echo Form","Go for the Eyes","Crippling Poison+1","Draining Mist+1","Noxious Fumes","Malaise+1","Juggernaut","Secret Technique+1","ReplayGash","Blind+1","Leap+1"],"relics":["Burning Blood","Replay:Mystery Machine","Toxic Egg 2","Snack Pack","Lantern","Painkiller Herb","Ornamental Fan","SsserpentHead","Happy Flower","Pet Ghost","Runic Dome","Replay:Wax Seal","Bottled Lightning","Replay:PocketPolymizer","Blood Vial","Bag of Preparation","Frozen Eye"],"acts_visited":["Exordium","TheCity","TheBeyond"],"potions_floor_usage":[10,14,23,28,28,28,33,47,47,50,50,50],"damage_taken":[{"damage":0,"enemies":"Jaw Worm","floor":1,"turns":2},{"damage":0,"enemies":"Cultist","floor":2,"turns":4},{"damage":24,"enemies":"Lagavulin","floor":7,"turns":6},{"damage":0,"enemies":"2 Louse","floor":8,"turns":3},{"damage":4,"enemies":"3 Sentries","floor":10,"turns":4},{"damage":2,"enemies":"Red Slaver","floor":11,"turns":2},{"damage":4,"enemies":"Large Slime","floor":12,"turns":5},{"damage":0,"enemies":"Exordium Wildlife","floor":13,"turns":2},{"damage":0,"enemies":"Exordium Thugs","floor":14,"turns":2},{"damage":38,"enemies":"The Guardian","floor":16,"turns":9},{"damage":13,"enemies":"2 Thieves","floor":18,"turns":3},{"damage":12,"enemies":"3 Byrds","floor":19,"turns":4},{"damage":7,"enemies":"Cultist and Chosen","floor":20,"turns":3},{"damage":6,"enemies":"Shelled Parasite and Fungi","floor":21,"turns":4},{"damage":16,"enemies":"Centurion and Healer","floor":22,"turns":3},{"damage":6,"enemies":"Book of Stabbing","floor":23,"turns":3},{"damage":0,"enemies":"Snecko","floor":27,"turns":2},{"damage":0,"enemies":"Slavers","floor":28,"turns":3},{"damage":6,"enemies":"Shelled Parasite and Fungi","floor":29,"turns":3},{"damage":0,"enemies":"Cultist and Chosen","floor":30,"turns":3},{"damage":0,"enemies":"Snecko","floor":31,"turns":3},{"damage":22,"enemies":"Pondfish","floor":33,"turns":4},{"damage":9,"enemies":"3 Shapes","floor":35,"turns":2},{"damage":0,"enemies":"Orb Walker","floor":36,"turns":4},{"damage":8,"enemies":"4 Shapes","floor":37,"turns":3},{"damage":5,"enemies":"Sphere and 2 Shapes","floor":38,"turns":2},{"damage":6,"enemies":"Jaw Worm Horde","floor":39,"turns":3},{"damage":8,"enemies":"Reptomancer","floor":40,"turns":4},{"damage":8,"enemies":"4 Shapes","floor":41,"turns":3},{"damage":0,"enemies":"Writhing Mass","floor":42,"turns":3},{"damage":6,"enemies":"2 Orb Walkers","floor":45,"turns":3},{"damage":6,"enemies":"Sphere and 2 Shapes","floor":46,"turns":2},{"damage":6,"enemies":"Transient","floor":47,"turns":5},{"damage":0,"enemies":"Donu and Deca","floor":50,"turns":7}],"seed_played":"-463004689936713651","potions_obtained":[{"floor":1,"key":"GamblersBrew"},{"floor":10,"key":"Toxic Potion"},{"floor":12,"key":"FearPotion"},{"floor":20,"key":"SmokeBomb"},{"floor":22,"key":"Energy Potion"},{"floor":23,"key":"ColorlessPotion"},{"floor":27,"key":"Fire Potion"},{"floor":31,"key":"SteroidPotion"},{"floor":35,"key":"FairyPotion"},{"floor":37,"key":"ElixirPotion"},{"floor":39,"key":"Swift Potion"},{"floor":41,"key":"DuplicationPotion"},{"floor":42,"key":"Strength Potion"},{"floor":47,"key":"Block Potion"}],"is_trial":false,"path_per_floor":["M","M","?","?","?","R","E","M","T","E","M","M","M","M","R","B",null,"?","?","?","?","?","E","T","?","T","?","E","?","?","?","T","B",null,"?","?","?","?","?","E","?","?","T","?","?","?","?","T","T","B",null],"character_chosen":"IRONCLAD","items_purchased":["Blood Vial","Bag of Preparation","Juggernaut","Frozen Eye","Secret Technique+1","ReplayGash","Blind+1","LifebloodPotion","Leap+1"],"campfire_rested":5,"item_purchase_floors":[48,48,48,48,48,48,48,48,48],"current_hp_per_floor":[80,80,80,73,73,80,62,68,68,76,80,80,80,80,80,62,80,80,80,80,80,78,80,80,80,80,80,80,80,80,80,80,70,80,80,80,80,80,80,80,80,80,80,80,80,80,80,80,80,80],"gold":1662,"neow_bonus":"","is_daily":true,"chose_seed":false,"campfire_upgraded":0,"win_rate":0.0,"timestamp":1613350804,"path_taken":["M","M","?","?","?","R","E","M","T","E","M","M","?","M","R","BOSS","?","?","?","?","?","E","T","?","T","?","E","?","?","?","T","BOSS","?","?","?","?","?","E","?","?","T","?","?","?","?","?","T","BOSS"],"items_purchased_type":["Relic","Relic","Card","Relic","Card","Card","Card","Potion","Card"],"build_version":"2020-12-18","purchased_purges":0,"victory":true,"max_hp_per_floor":[80,80,80,80,80,80,80,80,80,80,80,80,80,80,80,80,80,80,80,80,80,80,80,80,80,80,80,80,80,80,80,80,80,80,80,80,80,80,80,80,80,80,80,80,80,80,80,80,80,80],"relic_stats":{"Blood Vial":0,"SsserpentHead":200,"Happy Flower":[19],"counters":[34,118],"Ornamental Fan":[204],"Bag of Preparation":[2],"obtain_stats":[{"Lantern":10,"Replay:PocketPolymizer":45,"Happy Flower":26,"Painkiller Herb":17,"Bag of Preparation":48,"Replay:Mystery Machine":4,"Burning Blood":0,"Pet Ghost":28,"Blood Vial":48,"SsserpentHead":25,"Runic Dome":34,"Frozen Eye":48,"Ornamental Fan":23,"Snack Pack":9,"Bottled Lightning":43,"Toxic Egg 2":7,"Replay:Wax Seal":40},{"Lantern":5,"Replay:PocketPolymizer":31,"Happy Flower":16,"Painkiller Herb":10,"Bag of Preparation":33,"Replay:Mystery Machine":2,"Burning Blood":0,"Pet Ghost":18,"Blood Vial":33,"SsserpentHead":16,"Runic Dome":22,"Frozen Eye":33,"Ornamental Fan":16,"Snack Pack":4,"Bottled Lightning":30,"Toxic Egg 2":3,"Replay:Wax Seal":28},{"Lantern":19,"Replay:PocketPolymizer":104,"Happy Flower":59,"Painkiller Herb":39,"Bag of Preparation":111,"Replay:Mystery Machine":6,"Burning Blood":0,"Pet Ghost":64,"Blood Vial":111,"SsserpentHead":59,"Runic Dome":77,"Frozen Eye":111,"Ornamental Fan":59,"Snack Pack":15,"Bottled Lightning":101,"Toxic Egg 2":12,"Replay:Wax Seal":95}],"Burning Blood":86},"card_choices":[{"not_picked":["Turbo","Crescendo"],"picked":"Fusion","floor":0},{"not_picked":["Infinite Blades","FlurryOfBlows"],"picked":"Gash","floor":0},{"not_picked":["Wallop","SashWhip"],"picked":"Consecrate","floor":0},{"not_picked":["ReplayTheSpireMod:Strike From Hell","Aggregate"],"picked":"ReachHeaven","floor":0},{"not_picked":["Conclude","Bloodletting"],"picked":"Hidden Blade","floor":0},{"not_picked":["Power Through","Intimidate"],"picked":"Shrug It Off","floor":0},{"not_picked":["Thunderclap","Flex"],"picked":"Headbutt","floor":0},{"not_picked":["Slice","Abandon"],"picked":"Conserve Battery","floor":0},{"not_picked":["Streamline","Replay:Undeath\u0027s Touch"],"picked":"JustLucky","floor":0},{"not_picked":["BattleHymn","Go for the Eyes"],"picked":"Cloak And Dagger","floor":0},{"not_picked":["Sweeping Beam","Redo"],"picked":"Ghostly Armor","floor":0},{"not_picked":["Ball Lightning","Steam Power"],"picked":"Go for the Eyes","floor":0},{"not_picked":["EmptyBody","Rip and Tear"],"picked":"Headbutt","floor":0},{"not_picked":["ReplayTheSpireMod:Strike From Hell","BowlingBash"],"picked":"Stack","floor":0},{"not_picked":["Ball Lightning","Worship"],"picked":"Evaluate","floor":0},{"not_picked":["Underhanded Strike","Self Repair"],"picked":"Conserve Battery","floor":1},{"not_picked":["FlurryOfBlows","Dagger Throw"],"picked":"Combust","floor":2},{"not_picked":["Riddle With Holes","Replay:Poison Smokescreen+1"],"picked":"DeusExMachina+1","floor":7},{"not_picked":["Replay:ManipulateFuture+1","Life Link"],"picked":"Poisoned Stab","floor":8},{"not_picked":["ReplayTheSpireMod:Speed Training+1","Uppercut"],"picked":"Skewer","floor":10},{"not_picked":["Compile Driver","Recycle+1"],"picked":"Sweeping Beam","floor":11},{"not_picked":["Replay:Undeath\u0027s Touch","Cold Snap"],"picked":"Anger","floor":12},{"not_picked":["FollowUp","Havoc+1"],"picked":"Leg Sweep+1","floor":13},{"not_picked":["SashWhip","Reflex+1"],"picked":"Blade Dance+1","floor":14},{"not_picked":["Hyperbeam","ConjureBlade+1"],"picked":"Offering+1","floor":16},{"not_picked":["Clash","Evaluate+1"],"picked":"Gash","floor":18},{"not_picked":["Hemokinesis","Wild Strike"],"picked":"EmptyBody+1","floor":19},{"not_picked":["Sword Boomerang","WreathOfFlame+1","Warcry+1"],"picked":"SKIP","floor":20},{"not_picked":["Massacre","Run Through","Fusion+1"],"picked":"SKIP","floor":21},{"not_picked":["Fusion+1","CutThroughFate"],"picked":"Ragnarok","floor":22},{"not_picked":["Prostrate+1","Nirvana","Reinforced Body+1"],"picked":"SKIP","floor":23},{"not_picked":["PathToVictory+1","Deflect+1"],"picked":"Flying Knee+1","floor":27},{"not_picked":["Warcry+1","Leap+1","Evolve"],"picked":"SKIP","floor":28},{"not_picked":["Streamline+1","Genetic Algorithm+1"],"picked":"Sword Boomerang","floor":29},{"not_picked":["ReplayTheSpireMod:Shiv Toss+1","Redo+1"],"picked":"Conserve Battery+1","floor":30},{"not_picked":["ThirdEye+1","BasicCrystalCard+1","ReplayTheSpireMod:Stacked+1"],"picked":"SKIP","floor":31},{"not_picked":["Seek+1","After Image"],"picked":"Echo Form","floor":33},{"not_picked":["Flechettes","Prepared+1","Underhanded Strike"],"picked":"SKIP","floor":35},{"not_picked":["LikeWater+1","Undo+1","Halt+1"],"picked":"SKIP","floor":36},{"not_picked":["EmptyFist","True Grit+1"],"picked":"Go for the Eyes","floor":37},{"not_picked":["Barrage","Twin Strike"],"picked":"Crippling Poison+1","floor":38},{"not_picked":["ClearTheMind+1","Establishment","ThirdEye+1"],"picked":"SKIP","floor":39},{"not_picked":["Sentinel+1","Acrobatics+1","ReplayTheSpireMod:Limb From Limb+1"],"picked":"SKIP","floor":40},{"not_picked":["Replay:ManipulateFuture+1","Adaptation+1"],"picked":"Draining Mist+1","floor":41},{"not_picked":["Blade Dance+1","Rebound+1"],"picked":"Noxious Fumes","floor":42},{"not_picked":["Undo+1","Havoc+1","JustLucky+1"],"picked":"SKIP","floor":46},{"not_picked":["Redo+1","All Out Attack"],"picked":"Malaise+1","floor":47}],"player_experience":1122256,"relics_obtained":[{"floor":7,"key":"Toxic Egg 2"},{"floor":9,"key":"Snack Pack"},{"floor":10,"key":"Lantern"},{"floor":23,"key":"Ornamental Fan"},{"floor":26,"key":"Happy Flower"},{"floor":28,"key":"Pet Ghost"},{"floor":40,"key":"Replay:Wax Seal"},{"floor":43,"key":"Bottled Lightning"},{"floor":45,"key":"Replay:PocketPolymizer"}],"event_choices":[{"damage_healed":0,"gold_gain":0,"player_choice":"Success","damage_taken":7,"relics_obtained":["Replay:Mystery Machine"],"max_hp_gain":0,"max_hp_loss":0,"event_name":"Scrap Ooze","floor":4,"gold_loss":0},{"damage_healed":0,"gold_gain":0,"player_choice":"Grow","damage_taken":0,"max_hp_gain":0,"max_hp_loss":0,"event_name":"Living Wall","floor":5,"gold_loss":0,"cards_upgraded":["Fusion"]},{"damage_healed":0,"gold_gain":0,"player_choice":"Trade","damage_taken":0,"relics_obtained":["SsserpentHead"],"max_hp_gain":0,"max_hp_loss":0,"event_name":"FaceTrader","floor":25,"gold_loss":0},{"damage_healed":0,"gold_gain":0,"player_choice":"Fight","damage_taken":0,"max_hp_gain":0,"max_hp_loss":0,"event_name":"Mysterious Sphere","floor":45,"gold_loss":0}],"is_beta":true,"boss_relics":[{"not_picked":["Snecko Heart","Kintsugi"],"picked":"Painkiller Herb"},{"not_picked":["Tiny House","Replay:Drink Me"],"picked":"Runic Dome"}],"items_purged_floors":[],"is_endless":false,"potions_floor_spawned":[1,10,12,20,22,23,27,31,35,37,39,41,42,47],"ascension_level":0}}