{"host":"cuzf88r7hpxyry3m","time":1613429215,"event":{"mods":["AchievementEnabler","BaseMod","Colored Map","Infinite Spire","Marisa????????","Minty Spire (QoL Compilation)","Prisma Mod","Quick Restart","Remilia??????","StSLib","The Cursed","The Disciple","The Jungle","The Servant 0.9.4"],"gold_per_floor":[119,119,136,23,23,23,23,23,49,49,49,26,54,65,65,65,65],"floor_reached":16,"language":"ENG","playtime":940,"items_purged":[],"score":96,"play_id":"143dddb3-429b-48df-b0a2-3e9ecb11880a","local_time":"20210215134655","is_ascension_mode":false,"campfire_choices":[{"data":"Deflect","floor":6,"key":"SMITH"},{"data":"Blade Dance","floor":8,"key":"SMITH"},{"data":"PiercingWail","floor":10,"key":"SMITH"},{"floor":15,"key":"REST"}],"circlet_count":0,"master_deck":["Strike_G","Strike_G","Strike_G","Strike_G","Strike_G","Defend_G","Defend_G","Defend_G+1","Defend_G","Defend_G+1","Survivor","Neutralize+1","Deflect+1","Blade Dance+1","PiercingWail+1","Flash of Steel","Flying Knee","Distraction","PiercingWail"],"relics":["Burning Blood","FaceOfCleric","Letter Opener","infinitespire:Cubic Diamond","ScarletDevilRocket","Anchor"],"acts_visited":["Exordium"],"potions_floor_usage":[],"damage_taken":[{"damage":0,"enemies":"Small Slimes","floor":1,"turns":5},{"damage":0,"enemies":"Cultist","floor":3,"turns":5},{"damage":15,"enemies":"3 Sentries","floor":13,"turns":8},{"damage":0,"enemies":"Jaw Worm","floor":14,"turns":3},{"damage":73,"enemies":"Hexaghost","floor":16,"turns":15}],"seed_played":"1219652283588122768","potions_obtained":[],"is_trial":false,"path_per_floor":["M","?","M","$","T","R","?","R","T","R","?","$","E","M","R","B"],"character_chosen":"THE_SILENT","items_purchased":["PiercingWail","Flash of Steel","Flying Knee"],"campfire_rested":1,"item_purchase_floors":[4,4,12],"current_hp_per_floor":[70,70,71,71,71,71,71,71,71,71,57,57,49,56,73,0,0],"gold":65,"neow_bonus":"UPGRADE_CARD","is_daily":false,"chose_seed":false,"campfire_upgraded":3,"win_rate":0.0,"timestamp":1613429215,"path_taken":["M","?","?","$","?","R","?","R","T","R","?","?","E","M","R","BOSS"],"items_purchased_type":["Card","Card","Card"],"build_version":"2020-12-22","purchased_purges":0,"victory":false,"max_hp_per_floor":[70,70,71,71,71,71,71,71,71,71,71,71,72,73,73,73,73],"card_choices":[{"not_picked":["Masterful Stab","Tactician"],"picked":"Deflect","floor":1},{"not_picked":["Deadly Poison","Quick Slash"],"picked":"Blade Dance","floor":3},{"not_picked":["Backflip","All Out Attack"],"picked":"Distraction","floor":13},{"not_picked":["Dodge and Roll","Underhanded Strike"],"picked":"PiercingWail","floor":14}],"player_experience":67446,"relics_obtained":[{"floor":5,"key":"Letter Opener"},{"floor":9,"key":"ScarletDevilRocket"},{"floor":13,"key":"Anchor"}],"event_choices":[{"damage_healed":0,"gold_gain":0,"player_choice":"Trade","damage_taken":0,"relics_obtained":["FaceOfCleric"],"max_hp_gain":0,"max_hp_loss":0,"event_name":"FaceTrader","floor":2,"gold_loss":0},{"damage_healed":0,"gold_gain":0,"player_choice":"Entered Light","damage_taken":14,"max_hp_gain":0,"max_hp_loss":0,"event_name":"Shining Light","floor":11,"gold_loss":0,"cards_upgraded":["Defend_G","Defend_G"]}],"is_beta":false,"boss_relics":[],"items_purged_floors":[],"is_endless":false,"potions_floor_spawned":[],"killed_by":"Hexaghost","ascension_level":0}}