{"host":"i3w38rq1z4slkels","time":1613392464,"event":{"mods":["2.2 Compatiblity","Act Like it!","BaseMod","Better Match","Better Vampires","BetterRewards","Conspire","Downfall","Hallownest","Minty Spire (QoL Compilation)","Rare Cards Sparkle","Replay The Spire","StSLib","The Bug Knight"],"gold_per_floor":[111,124,136,136,200,200,233,12,12,12,12,12],"floor_reached":11,"language":"ENG","playtime":454,"items_purged":[],"score":71,"play_id":"39ea20ca-db1a-42c8-ad55-9e155cb29516","local_time":"20210215193424","is_ascension_mode":false,"campfire_choices":[{"data":"HollowMod:InfectedAttack","floor":6,"key":"SMITH"},{"floor":10,"key":"REST"}],"circlet_count":0,"master_deck":["HollowMod:NailStrikeStart","HollowMod:NailStrikeStart","HollowMod:NailStrikeStart","HollowMod:NailStrikeStart","HollowMod:QuickDashStart","HollowMod:QuickDashStart","HollowMod:QuickDashStart","HollowMod:QuickDashStart","HollowMod:FocusHealStart","HollowMod:PogoStrike","HollowMod:InfectedAttack+1","HollowMod:NewGlowingWomb+1","HollowMod:NewGlowingWomb+1"],"relics":["HollowMod:VesselMask","NeowsBlessing","Golden Idol","Frozen Egg 2","ReplayFunnel","conspire:TreasureMap","Boot"],"acts_visited":["Exordium"],"potions_floor_usage":[7],"damage_taken":[{"damage":0,"enemies":"Small Slimes","floor":1,"turns":1},{"damage":0,"enemies":"Jaw Worm","floor":2,"turns":1},{"damage":0,"enemies":"2 Louse","floor":3,"turns":1},{"damage":34,"enemies":"Lagavulin","floor":7,"turns":5},{"damage":35,"enemies":"3 Sentries","floor":11,"turns":5}],"seed_played":"-55802355358139491","potions_obtained":[{"floor":1,"key":"ColorlessPotion"}],"is_trial":false,"path_per_floor":["M","M","M","?","?","R","E","$","T","R","E"],"character_chosen":"THE_BUGKNIGHT","items_purchased":["HollowMod:NewGlowingWomb+1","conspire:TreasureMap"],"campfire_rested":1,"item_purchase_floors":[8,8],"current_hp_per_floor":[75,75,75,57,27,27,3,3,3,25,0,0],"gold":12,"neow_bonus":"THREE_ENEMY_KILL","is_daily":false,"chose_seed":false,"campfire_upgraded":1,"win_rate":0.0,"timestamp":1613392464,"path_taken":["M","M","M","?","?","R","E","?","T","R","E"],"items_purchased_type":["Card","Relic"],"build_version":"2020-12-22","purchased_purges":0,"victory":false,"max_hp_per_floor":[75,75,75,75,75,75,75,75,75,75,75,75],"card_choices":[{"not_picked":["HollowMod:Grubsong","HollowMod:GoodIntentions","HollowMod:HowlingWraiths"],"picked":"SKIP","floor":1},{"not_picked":["HollowMod:VengefulVoid","HollowMod:CloakDash"],"picked":"HollowMod:InfectedAttack","floor":2},{"not_picked":["HollowMod:WraithStrike","HollowMod:CoiledNail","HollowMod:SoulVessel"],"picked":"SKIP","floor":3},{"not_picked":["HollowMod:GoodIntentions","HollowMod:SoulSplash"],"picked":"HollowMod:NewGlowingWomb+1","floor":7}],"player_experience":506859,"relics_obtained":[{"floor":5,"key":"Frozen Egg 2"},{"floor":7,"key":"ReplayFunnel"},{"floor":9,"key":"Boot"}],"event_choices":[{"damage_healed":0,"gold_gain":0,"player_choice":"Take Damage","damage_taken":18,"relics_obtained":["Golden Idol"],"max_hp_gain":0,"max_hp_loss":0,"event_name":"Golden Idol","floor":4,"gold_loss":0}],"is_beta":false,"boss_relics":[],"items_purged_floors":[],"is_endless":false,"potions_floor_spawned":[1],"killed_by":"3 Sentries","ascension_level":0}}