{"host":"BaronFel","time":1613421280,"event":{"mods":["BaseMod","Filter the Spire","Highlight Path","Minty Spire (QoL Compilation)","Relic Stats","ojb\u0027s Info Mod"],"gold_per_floor":[159,193,251,14,75,75,102,166,166,166,194,37,37,88,88,162,162,201,201,251,251,264,264,281,281,305,364,402,402,471,50,50,126,126,126],"floor_reached":34,"language":"ENG","playtime":3411,"items_purged":["Strike_G","Strike_G"],"score":760,"play_id":"ffc271ff-c1b8-461f-9f0a-597d9a0fc52d","local_time":"20210215143440","is_ascension_mode":true,"campfire_choices":[{"floor":6.0,"key":"REST"},{"data":"Tactician","floor":13.0,"key":"SMITH"},{"data":"Malaise","floor":15.0,"key":"SMITH"},{"data":"HandOfGreed","floor":23.0,"key":"SMITH"},{"floor":25.0,"key":"REST"},{"floor":29.0,"key":"REST"},{"data":"Burst","floor":32.0,"key":"SMITH"}],"circlet_count":0,"master_deck":["AscendersBane","Strike_G","Strike_G","Strike_G","Defend_G","Defend_G","Defend_G","Defend_G","Defend_G","Survivor","Neutralize","HandOfGreed+1","Calculated Gamble","Deadly Poison","Slice","All Out Attack","Dagger Throw","Tactician+1","Acrobatics","Tools of the Trade","Acrobatics","Malaise+1","Corpse Explosion","PiercingWail","Deadly Poison","Leg Sweep+1","Burst+1","Malaise"],"relics":["Ring of the Snake","Orrery","PreservedInsect","Odd Mushroom","Tiny Chest","Mercury Hourglass","Orichalcum","HoveringKite","Letter Opener","Bronze Scales","Snake Skull","Strawberry"],"acts_visited":["Exordium","TheCity"],"potions_floor_usage":[33,33],"damage_taken":[{"damage":7.0,"enemies":"2 Louse","floor":1.0,"turns":6.0},{"damage":2.0,"enemies":"Jaw Worm","floor":2.0,"turns":5.0},{"damage":1.0,"enemies":"Small Slimes","floor":3.0,"turns":5.0},{"damage":12.0,"enemies":"Gremlin Gang","floor":5.0,"turns":4.0},{"damage":35.0,"enemies":"Lagavulin","floor":7.0,"turns":10.0},{"damage":16.0,"enemies":"The Mushroom Lair","floor":8.0,"turns":7.0},{"damage":11.0,"enemies":"Gremlin Nob","floor":11.0,"turns":3.0},{"damage":0.0,"enemies":"2 Fungi Beasts","floor":14.0,"turns":3.0},{"damage":16.0,"enemies":"Hexaghost","floor":16.0,"turns":11.0},{"damage":2.0,"enemies":"Chosen","floor":18.0,"turns":6.0},{"damage":0.0,"enemies":"3 Byrds","floor":22.0,"turns":3.0},{"damage":15.0,"enemies":"Cultist and Chosen","floor":24.0,"turns":7.0},{"damage":11.0,"enemies":"Slavers","floor":27.0,"turns":4.0},{"damage":14.0,"enemies":"Sentry and Sphere","floor":28.0,"turns":9.0},{"damage":13.0,"enemies":"Centurion and Healer","floor":30.0,"turns":7.0},{"damage":35,"enemies":"Collector","floor":33,"turns":8}],"seed_played":"66542176964670357","potions_obtained":[{"floor":3.0,"key":"BlessingOfTheForge"},{"floor":7.0,"key":"Swift Potion"},{"floor":8.0,"key":"FairyPotion"},{"floor":11.0,"key":"PowerPotion"},{"floor":27.0,"key":"Weak Potion"},{"floor":28.0,"key":"Fruit Juice"},{"floor":30.0,"key":"Block Potion"}],"is_trial":false,"path_per_floor":["M","M","M","$","M","R","E","?","T","?","E","$","R","M","R","B",null,"M","?","?","T","M","R","M","R","T","E","M","R","M","$","R","B",null],"character_chosen":"THE_SILENT","items_purchased":["Orrery","Orichalcum","Strawberry","Burst"],"campfire_rested":3,"item_purchase_floors":[4,12,31,31],"current_hp_per_floor":[52,50,49,49,37,55,20,4,4,4,18,18,18,18,18,2,46,44,44,44,44,44,44,29,47,47,36,22,46,33,40,40,5,5,5],"gold":126,"neow_bonus":"RANDOM_COLORLESS_2","is_daily":false,"chose_seed":false,"campfire_upgraded":4,"win_rate":0.0,"timestamp":1613421280,"path_taken":["M","M","M","$","M","R","E","?","T","?","E","$","R","M","R","BOSS","M","?","?","?","M","R","M","R","T","E","M","R","M","$","R","BOSS"],"items_purchased_type":["Relic","Relic","Relic","Card"],"build_version":"2020-12-18","purchased_purges":2,"victory":false,"max_hp_per_floor":[60,60,60,60,60,60,60,60,60,60,60,60,60,60,60,60,60,60,60,60,60,60,60,60,60,60,60,60,65,65,72,72,72,72,72],"relic_stats":{"counters":[16,98],"Bronze Scales":[72],"HoveringKite":[37],"Tiny Chest":1,"PreservedInsect":63,"Snake Skull":[29],"Letter Opener":[175],"Orichalcum":[222],"obtain_stats":[{"Bronze Scales":26,"Strawberry":31,"Orrery":4,"HoveringKite":17,"Tiny Chest":9,"PreservedInsect":7,"Snake Skull":27,"Letter Opener":21,"Odd Mushroom":8,"Orichalcum":12,"Ring of the Snake":0,"Mercury Hourglass":11},{"Bronze Scales":12,"Strawberry":15,"Orrery":3,"HoveringKite":9,"Tiny Chest":6,"PreservedInsect":5,"Snake Skull":13,"Letter Opener":10,"Odd Mushroom":6,"Orichalcum":7,"Ring of the Snake":0,"Mercury Hourglass":7},{"Bronze Scales":70,"Strawberry":90,"Orrery":16,"HoveringKite":54,"Tiny Chest":37,"PreservedInsect":30,"Snake Skull":74,"Letter Opener":60,"Odd Mushroom":37,"Orichalcum":40,"Ring of the Snake":0,"Mercury Hourglass":40}],"Ring of the Snake":[32],"Mercury Hourglass":[246]},"card_choices":[{"not_picked":["Transmutation","The Bomb"],"picked":"HandOfGreed","floor":0.0},{"not_picked":["Slice","Infinite Blades"],"picked":"Calculated Gamble","floor":1.0},{"not_picked":["Noxious Fumes","Finisher"],"picked":"Deadly Poison","floor":2.0},{"not_picked":["Cloak And Dagger","Distraction"],"picked":"Slice","floor":3.0},{"not_picked":["Dagger Throw","Deflect"],"picked":"All Out Attack","floor":4.0},{"not_picked":["A Thousand Cuts","Deadly Poison"],"picked":"Dagger Throw","floor":4.0},{"not_picked":["Dagger Spray","Slice"],"picked":"Tactician","floor":4.0},{"not_picked":["Distraction","Dagger Spray"],"picked":"Acrobatics","floor":5.0},{"not_picked":["PiercingWail","Night Terror"],"picked":"Tools of the Trade","floor":7.0},{"not_picked":["Caltrops","Underhanded Strike"],"picked":"Acrobatics","floor":11.0},{"not_picked":["Slice","Caltrops"],"picked":"Malaise","floor":14.0},{"not_picked":["Phantasmal Killer","After Image"],"picked":"Corpse Explosion","floor":16.0},{"not_picked":["Acrobatics","Setup"],"picked":"PiercingWail","floor":18.0},{"not_picked":["Infinite Blades","Concentrate","Dodge and Roll"],"picked":"SKIP","floor":22.0},{"not_picked":["Escape Plan","Flying Knee"],"picked":"Deadly Poison","floor":24.0},{"not_picked":["Dodge and Roll","Infinite Blades","Dagger Throw"],"picked":"SKIP","floor":27.0},{"not_picked":["Terror","Deadly Poison"],"picked":"Leg Sweep+1","floor":28.0},{"not_picked":["Dash","Underhanded Strike","Deadly Poison"],"picked":"SKIP","floor":30.0},{"not_picked":["Tools of the Trade","Night Terror"],"picked":"Malaise","floor":33}],"player_experience":1158071,"relics_obtained":[{"floor":7.0,"key":"PreservedInsect"},{"floor":8.0,"key":"Odd Mushroom"},{"floor":9.0,"key":"Tiny Chest"},{"floor":11.0,"key":"Mercury Hourglass"},{"floor":21.0,"key":"Letter Opener"},{"floor":26.0,"key":"Bronze Scales"},{"floor":27.0,"key":"Snake Skull"}],"event_choices":[{"damage_healed":0.0,"max_hp_gain":0.0,"max_hp_loss":0.0,"gold_gain":0.0,"event_name":"Mushrooms","player_choice":"Fought Mushrooms","floor":8.0,"gold_loss":0.0,"damage_taken":0.0},{"damage_healed":0.0,"max_hp_gain":0.0,"max_hp_loss":0.0,"gold_gain":0.0,"event_name":"Scrap Ooze","player_choice":"Fled","floor":10.0,"gold_loss":0.0,"damage_taken":0.0},{"damage_healed":0.0,"max_hp_gain":0.0,"max_hp_loss":0.0,"gold_gain":0.0,"event_name":"Ghosts","player_choice":"Ignored","floor":19.0,"gold_loss":0.0,"damage_taken":0.0},{"damage_healed":0.0,"max_hp_gain":0.0,"max_hp_loss":0.0,"gold_gain":50.0,"event_name":"Nest","player_choice":"Stole From Cult","floor":20.0,"gold_loss":0.0,"damage_taken":0.0}],"is_beta":true,"boss_relics":[{"not_picked":["Empty Cage","Pandora\u0027s Box"],"picked":"HoveringKite"}],"items_purged_floors":[4,31],"is_endless":false,"potions_floor_spawned":[3,7,8,11,27,28,30],"ascension_level":20}}