{"host":"7jxhn92mkgyil7o5","time":1613401622,"event":{"mods":["BaseMod","Colored Map","Colored Powertips","Friendly Minions","Hermit","Kiyohime????","Marisa????????","Minty Spire (QoL Compilation)","Permanent Neow","StSLib","The Cursed","The Disciple","The Hierophant","The Poker Player","The Runesmith"],"gold_per_floor":[10,22,22,22,172,172,211,39,64,64,64,64],"floor_reached":11,"language":"ENG","playtime":319,"items_purged":[],"score":138,"play_id":"79cc68ad-5003-472c-ad56-c205a18e1bca","local_time":"20210215160702","is_ascension_mode":true,"campfire_choices":[{"data":"Conclude","floor":6,"key":"SMITH"},{"floor":10,"key":"REST"}],"circlet_count":0,"master_deck":["AscendersBane","Strike_P","Strike_P","Strike_P","Defend_P","Defend_P","Defend_P","Eruption","Vigilance","Conclude+1","BowlingBash","Meditate+1","Crescendo","Doubt","DeceiveReality"],"relics":["PureWater","Golden Idol","Kunai","Melange","Omamori"],"acts_visited":["Exordium"],"potions_floor_usage":[],"damage_taken":[{"damage":0,"enemies":"2 Louse","floor":1,"turns":2},{"damage":9,"enemies":"Jaw Worm","floor":2,"turns":4},{"damage":30,"enemies":"3 Sentries","floor":7,"turns":4},{"damage":0,"enemies":"Gremlin Nob","floor":11,"turns":2}],"seed_played":"5146731238263429055","potions_obtained":[{"floor":2,"key":"Weak Potion"},{"floor":7,"key":"LiquidBronze"}],"is_trial":false,"path_per_floor":["M","M","?","?","?","R","E","$","T","R","E"],"character_chosen":"WATCHER","items_purchased":["Melange"],"campfire_rested":1,"item_purchase_floors":[8],"current_hp_per_floor":[61,52,52,52,52,52,22,22,22,40,40,40],"gold":64,"neow_bonus":"TRANSFORM_TWO_CARDS","is_daily":false,"chose_seed":false,"campfire_upgraded":1,"win_rate":0.0,"timestamp":1613401622,"path_taken":["M","M","?","?","?","R","E","$","T","R","E"],"items_purchased_type":["Relic"],"build_version":"2020-12-22","purchased_purges":0,"victory":false,"max_hp_per_floor":[68,68,68,62,62,62,62,62,62,62,62,62],"card_choices":[{"not_picked":["BowlingBash","Weave"],"picked":"Meditate","floor":1},{"not_picked":["ClearTheMind","BowlingBash"],"picked":"Crescendo","floor":2},{"not_picked":["FlurryOfBlows","FlyingSleeves"],"picked":"DeceiveReality","floor":7}],"player_experience":2028591,"relics_obtained":[{"floor":7,"key":"Kunai"},{"floor":9,"key":"Omamori"}],"event_choices":[{"damage_healed":0,"gold_gain":0,"player_choice":"Grow","damage_taken":0,"max_hp_gain":0,"max_hp_loss":0,"event_name":"Living Wall","floor":3,"gold_loss":0,"cards_upgraded":["Meditate"]},{"damage_healed":0,"gold_gain":0,"player_choice":"Lose Max HP","damage_taken":0,"relics_obtained":["Golden Idol"],"max_hp_gain":0,"max_hp_loss":6,"event_name":"Golden Idol","floor":4,"gold_loss":0},{"damage_healed":0,"gold_gain":150,"player_choice":"AGREE","damage_taken":0,"max_hp_gain":0,"max_hp_loss":0,"event_name":"Liars Game","floor":5,"gold_loss":0,"cards_obtained":["Doubt"]}],"is_beta":false,"boss_relics":[],"items_purged_floors":[],"is_endless":false,"potions_floor_spawned":[2,7],"killed_by":"Gremlin Nob","ascension_level":20}}