{"host":"ul3z8ex5o8l5j7mh","time":1613415231,"event":{"mods":["AchievementEnabler","BaseMod","Bestiary","Colored Map","Colored Powertips","DeckTracker","Keyboard Shortcuts","Minty Spire (QoL Compilation)","Relic Sorter","Relic Stats","SuperFastMode"],"gold_per_floor":[109,284,284,136,147,147,182,202,225,225,225,251,264,264,264],"floor_reached":14,"language":"ENG","playtime":513,"items_purged":["Doubt"],"score":123,"play_id":"171a960e-c5b1-4300-8314-167d946ac79a","local_time":"20210215195351","is_ascension_mode":true,"campfire_choices":[{"data":"Corruption","floor":6,"key":"SMITH"},{"data":"Sentinel","floor":10,"key":"SMITH"}],"circlet_count":0,"master_deck":["Strike_R","Strike_R","Strike_R","Strike_R","Strike_R","Defend_R","Defend_R","Defend_R","Defend_R","Bash","Decay","Corruption+1","Rampage","Dark Embrace","Sentinel+1","Offering","Havoc","Decay","Evolve","Second Wind"],"relics":["Burning Blood","Toy Ornithopter","Pantograph","MealTicket","Shuriken"],"acts_visited":["Exordium"],"potions_floor_usage":[5,12,14],"damage_taken":[{"damage":12,"enemies":"Jaw Worm","floor":1,"turns":3},{"damage":2,"enemies":"2 Louse","floor":5,"turns":3},{"damage":22,"enemies":"Lagavulin","floor":7,"turns":6},{"damage":12,"enemies":"Cultist","floor":8,"turns":5},{"damage":48,"enemies":"Gremlin Nob","floor":12,"turns":4},{"damage":10,"enemies":"Blue Slaver","floor":13,"turns":3},{"damage":41,"enemies":"Lagavulin","floor":14,"turns":6}],"seed_played":"-9101213788491086763","potions_obtained":[{"floor":1,"key":"ColorlessPotion"},{"floor":8,"key":"FearPotion"},{"floor":12,"key":"BloodPotion"}],"is_trial":false,"path_per_floor":["M","?","?","$","M","R","E","M","T","R","?","E","M","E"],"character_chosen":"IRONCLAD","items_purchased":["Dark Embrace"],"campfire_rested":0,"item_purchase_floors":[4],"current_hp_per_floor":[74,74,67,67,76,76,60,54,54,54,54,17,13,0,0],"gold":264,"neow_bonus":"THREE_RARE_CARDS","is_daily":false,"chose_seed":false,"campfire_upgraded":2,"win_rate":0.0,"timestamp":1613415231,"path_taken":["M","?","?","$","M","R","E","M","T","R","?","E","M","E"],"items_purchased_type":["Card"],"build_version":"2020-12-22","purchased_purges":1,"victory":false,"max_hp_per_floor":[80,80,80,80,80,80,80,80,80,80,80,80,80,80,80],"relic_stats":{"counters":[7,30],"Shuriken":[3],"Pantograph":0,"MealTicket":0,"obtain_stats":[{"Shuriken":12,"Pantograph":7,"MealTicket":9,"Burning Blood":0,"Toy Ornithopter":3},{"Shuriken":5,"Pantograph":3,"MealTicket":4,"Burning Blood":0,"Toy Ornithopter":1},{"Shuriken":21,"Pantograph":12,"MealTicket":17,"Burning Blood":0,"Toy Ornithopter":3}],"Burning Blood":36,"Toy Ornithopter":15},"card_choices":[{"not_picked":["Impervious","Berserk"],"picked":"Corruption","floor":0},{"not_picked":["Inflame","Carnage"],"picked":"Rampage","floor":1},{"not_picked":["Body Slam","Sword Boomerang"],"picked":"Sentinel","floor":5},{"not_picked":["Twin Strike","Wild Strike"],"picked":"Offering","floor":7},{"not_picked":["Fire Breathing","Heavy Blade"],"picked":"Havoc","floor":8},{"not_picked":["Headbutt","Hemokinesis"],"picked":"Evolve","floor":12},{"not_picked":["Power Through","Iron Wave"],"picked":"Second Wind","floor":13}],"player_experience":383725,"relics_obtained":[{"floor":7,"key":"Pantograph"},{"floor":9,"key":"MealTicket"},{"floor":12,"key":"Shuriken"}],"event_choices":[{"damage_healed":0,"gold_gain":175,"player_choice":"AGREE","damage_taken":0,"max_hp_gain":0,"max_hp_loss":0,"event_name":"Liars Game","floor":2,"gold_loss":0,"cards_obtained":["Doubt"]},{"damage_healed":0,"gold_gain":0,"player_choice":"Success","damage_taken":7,"relics_obtained":["Toy Ornithopter"],"max_hp_gain":0,"max_hp_loss":0,"event_name":"Scrap Ooze","floor":3,"gold_loss":0},{"damage_healed":0,"gold_gain":0,"player_choice":"Cursed","damage_taken":0,"max_hp_gain":0,"max_hp_loss":0,"event_name":"Wheel of Change","floor":11,"gold_loss":0,"cards_obtained":["Decay"]}],"is_beta":false,"boss_relics":[],"items_purged_floors":[4],"is_endless":false,"potions_floor_spawned":[1,8,12],"killed_by":"Lagavulin","ascension_level":5}}