{"host":"xp27heuvanyklt0b","time":1613397384,"event":{"mods":["100% Spire Juice","BaseMod","CapriCore","Lobotomy","Minty Spire (QoL Compilation)","Replay The Spire","StSLib","The Immortal"],"gold_per_floor":[111,122,135,150,68,68,87,87,87,87,98,111,132,104,104,190,190,203,223,223,223],"floor_reached":20,"language":"KOR","playtime":1282,"items_purged":[],"score":228,"play_id":"96a51a94-ddf1-4c1a-b3e8-d4fcdda8de2e","local_time":"20210215225624","is_ascension_mode":false,"campfire_choices":[],"circlet_count":0,"master_deck":["SpecialBullet","SpecialBullet","SpecialBullet","SecurityCode","InformationCode","DisciplinaryCode","ParadiseLost","MeatLantern","Spore","Variant","Diffraction","MHz","Lamp","SingingMachine","RapturousDream","Reverberation","Rudolta","FeatherOfHonor","Bloodbath","TodaysExpression","SpecialBullet","SpecialBullet","Freischutz","GreenStem","SpecialBullet","BearPaw","SpecialBullet","VoidDream","Twilight","UniverseFragment","Soda","PunishingBird","Beak"],"relics":["CogitoBucket","Theresia","Calipers","Runic Pyramid","HellTrain"],"acts_visited":["Exordium","TheCity"],"potions_floor_usage":[],"damage_taken":[{"damage":10,"enemies":"Small Slimes","floor":1,"turns":2},{"damage":6,"enemies":"Jaw Worm","floor":2,"turns":2},{"damage":0,"enemies":"2 Louse","floor":3,"turns":1},{"damage":0,"enemies":"Blue Slaver","floor":4,"turns":2},{"damage":5,"enemies":"3 Louse","floor":7,"turns":2},{"damage":21,"enemies":"Large Slime","floor":11,"turns":3},{"damage":0,"enemies":"Red Slaver","floor":12,"turns":2},{"damage":8,"enemies":"Gremlin Nob","floor":13,"turns":3},{"damage":48,"enemies":"Hexaghost","floor":16,"turns":16},{"damage":24,"enemies":"Spheric Guardian","floor":18,"turns":7},{"damage":36,"enemies":"2 Thieves","floor":19,"turns":9},{"damage":143,"enemies":"3 Cultists","floor":20,"turns":7}],"seed_played":"697334467968214668","potions_obtained":[{"floor":1,"key":"Reflective Coating"},{"floor":12,"key":"SneckoOil"},{"floor":13,"key":"FearPotion"},{"floor":19,"key":"AttackPotion"}],"is_trial":false,"path_per_floor":["M","M","M","M","$","R","M","R","T","R","M","M","E","?","R","B",null,"M","M","M"],"character_chosen":"Angela","items_purchased":["Reverberation"],"campfire_rested":0,"item_purchase_floors":[5],"current_hp_per_floor":[68,70,70,70,70,70,70,70,70,70,61,73,77,77,77,75,86,74,59,0,0],"gold":223,"neow_bonus":"ONE_RANDOM_RARE_CARD","is_daily":false,"chose_seed":false,"campfire_upgraded":0,"win_rate":0.0,"timestamp":1613397384,"path_taken":["M","M","M","M","$","R","M","R","T","R","M","M","E","?","R","BOSS","M","M","M"],"items_purchased_type":["Card"],"build_version":"2020-12-22","purchased_purges":0,"victory":false,"max_hp_per_floor":[70,70,70,70,70,70,70,70,70,70,74,78,82,82,82,86,86,90,94,94,94],"card_choices":[{"not_picked":["CENSORED","OSAHOGD"],"picked":"MeatLantern","floor":1},{"not_picked":["CherryBlossom"],"picked":"Spore","floor":1},{"not_picked":["MHz","Bloodbath"],"picked":"Variant","floor":2},{"not_picked":["LifeForTheDareDevil"],"picked":"Diffraction","floor":2},{"not_picked":["ShyLook","VoidDream"],"picked":"MHz","floor":3},{"not_picked":["SwordSharpenedByTears"],"picked":"Lamp","floor":3},{"not_picked":["HeroicMonk","LaLuna"],"picked":"SingingMachine","floor":4},{"not_picked":["Harvest"],"picked":"RapturousDream","floor":4},{"not_picked":["Murderer","BeautyBeast"],"picked":"Rudolta","floor":7},{"not_picked":["RapturousDream"],"picked":"FeatherOfHonor","floor":7},{"not_picked":["FairyFestival","Murderer"],"picked":"Bloodbath","floor":11},{"not_picked":["RapturousDream"],"picked":"TodaysExpression","floor":11},{"not_picked":["HeroicMonk","VoidDream"],"picked":"Freischutz","floor":12},{"not_picked":["Tough"],"picked":"GreenStem","floor":12},{"not_picked":["WallGazer","SpiderBud"],"picked":"CherryBlossoms","floor":13},{"not_picked":["Pleasure"],"picked":"BearPaw","floor":13},{"not_picked":["Alriune","GalaxyChild"],"picked":"VoidDream","floor":16},{"not_picked":["DaCapo"],"picked":"Twilight","floor":16},{"not_picked":["OldLady","HeroicMonk"],"picked":"UniverseFragment","floor":18},{"not_picked":["Pleasure"],"picked":"Soda","floor":18},{"not_picked":["WallGazer","Scarecrow"],"picked":"PunishingBird","floor":19},{"not_picked":["TodaysExpression"],"picked":"Beak","floor":19}],"player_experience":281859,"relics_obtained":[{"floor":13,"key":"Calipers"}],"event_choices":[{"damage_healed":0,"gold_gain":0,"player_choice":"Left Gold","damage_taken":0,"max_hp_gain":0,"max_hp_loss":0,"event_name":"World of Goop","floor":14,"gold_loss":28}],"is_beta":false,"boss_relics":[{"not_picked":["Philosopher\u0027s Stone","Snecko Eye"],"picked":"Runic Pyramid"}],"items_purged_floors":[],"is_endless":false,"potions_floor_spawned":[1,12,13,16,19],"killed_by":"3 Cultists","ascension_level":0}}