{"host":"9nqlpswyo8o6ezw3","time":1613414297,"event":{"mods":["Act Like it!","BaseMod","Downfall","Hallownest","Hermit","Lobotomy","LobotomyExtend","Marisa????????","Minty Spire (QoL Compilation)","StSLib","The Bug Knight","The Cursed"],"gold_per_floor":[115,115,129,404,414,414,208,208,253,267,267,282,282,310,310,310,310],"floor_reached":16,"language":"ENG","playtime":1555,"items_purged":[],"score":100,"play_id":"fb677d3e-b9f3-4f6a-9ae5-07ee2df05dba","local_time":"20210215133817","is_ascension_mode":false,"campfire_choices":[{"data":"hermit:Enervate","floor":6,"key":"SMITH"},{"data":"hermit:Showdown","floor":8,"key":"SMITH"},{"data":"hermit:CursedWeapon","floor":11,"key":"SMITH"},{"floor":15,"key":"REST"}],"circlet_count":0,"master_deck":["hermit:Strike_Hermit","hermit:Strike_Hermit","hermit:Strike_Hermit","hermit:Strike_Hermit","hermit:Defend_Hermit","hermit:Defend_Hermit","hermit:Defend_Hermit","hermit:Defend_Hermit","hermit:Snapshot","hermit:Covet","NakedNest","hermit:Enervate+1","OldLady","hermit:HighCaliber","Regret","Laetitia","hermit:Feint","hermit:TakeCover","hermit:Showdown+1","hermit:Glare","Injury","Clumsy","DreamingCurrent","hermit:CursedWeapon+1","SpiderBud","hermit:Feint","hermit:Strike_Hermit","Wellcheers"],"relics":["hermit:Momento","CogitoBucket","LetterFromLob","downfall:ExtraCursedKey","Lantern","Matryoshka"],"acts_visited":["Exordium"],"potions_floor_usage":[12,16],"damage_taken":[{"damage":0,"enemies":"Small Slimes","floor":1,"turns":5},{"damage":0,"enemies":"Cultist","floor":3,"turns":3},{"damage":1,"enemies":"Jaw Worm","floor":5,"turns":2},{"damage":4,"enemies":"Exordium Wildlife","floor":10,"turns":6},{"damage":6,"enemies":"Blue Slaver","floor":12,"turns":3},{"damage":62,"enemies":"Lagavulin","floor":14,"turns":8},{"damage":73,"enemies":"Hexaghost","floor":16,"turns":12}],"seed_played":"-3808344399027028263","potions_obtained":[{"floor":3,"key":"Dexterity Potion"},{"floor":5,"key":"LiquidMemories"},{"floor":14,"key":"Swift Potion"}],"is_trial":false,"path_per_floor":["M","?","M","?","M","R","$","R","T","M","R","M","?","E","R","B"],"character_chosen":"HERMIT","items_purchased":["hermit:TakeCover","hermit:Showdown","hermit:Glare"],"campfire_rested":1,"item_purchase_floors":[7,7,7],"current_hp_per_floor":[75,75,75,75,74,74,74,74,74,70,70,69,69,27,49,0,0],"gold":310,"neow_bonus":"","is_daily":false,"chose_seed":false,"campfire_upgraded":3,"win_rate":0.0,"timestamp":1613414297,"path_taken":["M","?","M","?","M","R","$","R","T","?","R","M","?","E","R","BOSS"],"items_purchased_type":["Card","Card","Card"],"build_version":"2020-12-22","purchased_purges":0,"victory":false,"max_hp_per_floor":[75,75,75,75,75,75,75,75,75,75,75,75,75,75,75,75,75],"card_choices":[{"not_picked":["CherryBlossoms","MHz"],"picked":"NakedNest","floor":1},{"not_picked":["hermit:BigShot","hermit:Virtue"],"picked":"hermit:Enervate","floor":1},{"not_picked":["FairyFestival","PunishingBird"],"picked":"OldLady","floor":3},{"not_picked":["hermit:Feint","hermit:BodyArmor"],"picked":"hermit:HighCaliber","floor":3},{"not_picked":["ShyLook","Freischutz"],"picked":"Laetitia","floor":5},{"not_picked":["hermit:Roulette","hermit:Desperado"],"picked":"hermit:Feint","floor":5},{"not_picked":["SpiderBud","WhitesApple"],"picked":"DreamingCurrent","floor":10},{"not_picked":["hermit:ItchyTrigger","hermit:Headshot"],"picked":"hermit:CursedWeapon","floor":10},{"not_picked":["Murderer","Scorched"],"picked":"SpiderBud","floor":12},{"not_picked":["hermit:CursedWeapon","hermit:Cheat"],"picked":"hermit:Feint","floor":12},{"not_picked":["HeroicMonk","GalaxyChild","UniverseFragment"],"picked":"Singing Bowl","floor":14},{"not_picked":["Bloodbath","ShyLook"],"picked":"Wellcheers","floor":14},{"not_picked":["hermit:WideOpen","hermit:Gambit","hermit:Headshot"],"picked":"SKIP","floor":14}],"player_experience":33826,"relics_obtained":[{"floor":1,"key":"LetterFromLob"},{"floor":9,"key":"Lantern"},{"floor":14,"key":"Matryoshka"}],"event_choices":[{"damage_healed":0,"gold_gain":275,"player_choice":"Desecrate","damage_taken":0,"max_hp_gain":0,"max_hp_loss":0,"event_name":"Golden Shrine","floor":4,"gold_loss":0,"cards_obtained":["Regret"]},{"damage_healed":0,"gold_gain":0,"player_choice":"1 cards matched","damage_taken":0,"max_hp_gain":0,"max_hp_loss":0,"event_name":"Match and Keep!","floor":13,"gold_loss":0,"cards_obtained":["hermit:Strike_Hermit"]}],"is_beta":false,"boss_relics":[],"items_purged_floors":[],"is_endless":false,"potions_floor_spawned":[3,5,14],"killed_by":"Hexaghost","ascension_level":0}}