{"host":"188x3om7sf6mgxv1","time":1613428714,"event":{"mods":["BaseMod","Block Reminder","Jorbs\u0027s Wanderer Trilogy","Minty Spire (QoL Compilation)","Relic Stats","StSLib"],"gold_per_floor":[115,132,132,207,227,261,261,261,261],"floor_reached":8,"language":"ENG","playtime":234,"items_purged":[],"score":70,"play_id":"ea6829ab-8484-490c-83ce-633ce8c3119c","local_time":"20210215173834","is_ascension_mode":true,"campfire_choices":[{"data":"Sever Soul","floor":7,"key":"SMITH"}],"circlet_count":0,"master_deck":["Strike_R","Strike_R","Strike_R","Strike_R","Strike_R","Defend_R","Defend_R","Defend_R","Defend_R","Bash","Pommel Strike+1","Thunderclap","Combust","Sever Soul+1"],"relics":["Sozu","Akabeko"],"acts_visited":["Exordium"],"potions_floor_usage":[],"damage_taken":[{"damage":7,"enemies":"Small Slimes","floor":1,"turns":3},{"damage":0,"enemies":"2 Louse","floor":2,"turns":3},{"damage":0,"enemies":"Cultist","floor":5,"turns":3},{"damage":31,"enemies":"3 Sentries","floor":6,"turns":6},{"damage":32,"enemies":"Lagavulin","floor":8,"turns":3}],"seed_played":"-2166367743262492454","potions_obtained":[],"is_trial":false,"path_per_floor":["M","M","?","?","M","E","R","E"],"character_chosen":"IRONCLAD","items_purchased":[],"campfire_rested":0,"item_purchase_floors":[],"current_hp_per_floor":[73,73,73,62,62,31,31,0,0],"gold":261,"neow_bonus":"BOSS_RELIC","is_daily":false,"chose_seed":false,"campfire_upgraded":1,"win_rate":0.0,"timestamp":1613428714,"path_taken":["M","M","?","?","M","E","R","E"],"items_purchased_type":[],"build_version":"2020-12-22","purchased_purges":0,"victory":false,"max_hp_per_floor":[80,80,80,80,80,80,80,80,80],"relic_stats":{"Sozu":3,"counters":[5,18],"obtain_stats":[{"Sozu":0,"Burning Blood":0,"Akabeko":6},{"Sozu":0,"Burning Blood":0,"Akabeko":4},{"Sozu":0,"Burning Blood":0,"Akabeko":15}]},"card_choices":[{"not_picked":["Clash","Armaments"],"picked":"Pommel Strike","floor":1},{"not_picked":["Armaments","Cleave"],"picked":"Thunderclap","floor":2},{"not_picked":["Bloodletting","Cleave"],"picked":"Combust","floor":5},{"not_picked":["Limit Break","Cleave"],"picked":"Sever Soul","floor":6}],"player_experience":80706,"relics_obtained":[{"floor":6,"key":"Akabeko"}],"event_choices":[{"damage_healed":0,"gold_gain":0,"player_choice":"Grow","damage_taken":0,"max_hp_gain":0,"max_hp_loss":0,"event_name":"Living Wall","floor":3,"gold_loss":0,"cards_upgraded":["Pommel Strike"]},{"damage_healed":0,"gold_gain":75,"player_choice":"Gather Gold","damage_taken":11,"max_hp_gain":0,"max_hp_loss":0,"event_name":"World of Goop","floor":4,"gold_loss":0}],"is_beta":false,"boss_relics":[],"items_purged_floors":[],"is_endless":false,"potions_floor_spawned":[2,5,6],"killed_by":"Lagavulin","ascension_level":5}}