{"host":"09c1j7k0szn5tpd7","time":1613405931,"event":{"mods":["BaseMod","Googly Eyes","Hubris","Infinite Spire","Minty Spire (QoL Compilation)","Replay The Spire","StSLib","??????REMEMod"],"gold_per_floor":[119,119,46,71,71,71,115,134,184,203,216,259,280,301,301,429,429,453,552,552,571,571,614,614,614],"floor_reached":24,"language":"ENG","playtime":1671,"items_purged":[],"score":329,"play_id":"1b995dee-1cf0-4322-bcf0-fecd01654469","local_time":"20210215161851","is_ascension_mode":true,"campfire_choices":[{"data":"Fire Breathing","floor":6.0,"key":"SMITH"},{"floor":15.0,"key":"REST"}],"circlet_count":0,"master_deck":["Strike_R","Strike_R+1","Strike_R","Defend_R","Defend_R","Defend_R","Defend_R","Bash","Fire Breathing+1","Thunderclap","Carnage","Crescendo","ReplayTheSpireMod:Limb From Limb","Shrug It Off","LessonLearned","REME_ACTH","Wild Strike","ClearTheMind"],"relics":["Burning Blood","REME_ComplimentaryCards","NeowsBlessing","Golden Idol","hubris:DisguiseKit","Blood Vial","Boot","ReplayTheSpireMod:DimensionalGlitch","Mark of Pain","Bottled Flame"],"acts_visited":["Exordium","TheCity"],"potions_floor_usage":[23],"damage_taken":[{"damage":0.0,"enemies":"Small Slimes","floor":1.0,"turns":1.0},{"damage":0.0,"enemies":"Jaw Worm","floor":4.0,"turns":1.0},{"damage":0.0,"enemies":"3 Sentries","floor":7.0,"turns":1.0},{"damage":1.0,"enemies":"Cultist","floor":8.0,"turns":3.0},{"damage":10.0,"enemies":"Large Slime","floor":10.0,"turns":6.0},{"damage":28.0,"enemies":"3 Louse","floor":11.0,"turns":4.0},{"damage":19.0,"enemies":"Lagavulin","floor":12.0,"turns":5.0},{"damage":33.0,"enemies":"Red Slaver","floor":13.0,"turns":6.0},{"damage":11.0,"enemies":"Blue Slaver","floor":14.0,"turns":3.0},{"damage":33.0,"enemies":"Slime Boss","floor":16.0,"turns":7.0},{"damage":9.0,"enemies":"3 Byrds","floor":18.0,"turns":5.0},{"damage":39,"enemies":"2 Thieves","floor":21,"turns":4},{"damage":7,"enemies":"Gremlin Leader","floor":23,"turns":6},{"damage":26,"enemies":"Shelled Parasite and Fungi","floor":24,"turns":3}],"seed_played":"6590632968500015075","potions_obtained":[{"floor":7.0,"key":"BlessingOfTheForge"},{"floor":11.0,"key":"BloodPotion"},{"floor":13.0,"key":"Block Potion"},{"floor":14.0,"key":"CultistPotion"},{"floor":21,"key":"Elixir"}],"is_trial":false,"path_per_floor":["M","?","$","M","?","R","E","M","T","M","M","E","M","M","R","B",null,"M","?","?","M","AVR","E","M"],"character_chosen":"IRONCLAD","items_purchased":["Fire Breathing"],"campfire_rested":1,"item_purchase_floors":[3],"current_hp_per_floor":[78,58,58,64,64,64,70,75,75,73,53,42,17,30,54,29,67,62,62,62,27,27,24,0,0],"gold":614,"neow_bonus":"THREE_ENEMY_KILL","is_daily":false,"chose_seed":false,"campfire_upgraded":1,"win_rate":0.0,"timestamp":1613405931,"path_taken":["M","?","$","M","?","R","E","M","T","M","M","E","M","?","R","BOSS","M","?","?","M","AVR","E","?"],"items_purchased_type":["Card"],"build_version":"2020-12-22","purchased_purges":0,"victory":false,"max_hp_per_floor":[80,80,80,80,80,80,80,80,80,80,80,80,80,80,80,80,80,80,80,80,80,80,80,80,80],"card_choices":[{"not_picked":["hubris:SharpeningStone","Anger","Warcry"],"picked":"SKIP","floor":1.0},{"not_picked":["Iron Wave","Armaments","Anger"],"picked":"SKIP","floor":4.0},{"not_picked":["hubris:SharpeningStone","Iron Wave"],"picked":"Thunderclap","floor":7.0},{"not_picked":["Havoc","ReplayTheSpireMod:Strike From Hell","EmptyBody"],"picked":"Carnage","floor":8.0},{"not_picked":["Sword Boomerang","Run Through","Thunderclap","CrushJoints"],"picked":"SKIP","floor":10.0},{"not_picked":["Cleave","Carnage","Iron Wave"],"picked":"Crescendo","floor":11.0},{"not_picked":["Flex","Armaments","Dual Wield","FlyingSleeves"],"picked":"SKIP","floor":12.0},{"not_picked":["Warcry","Rampage","Adaptation"],"picked":"ReplayTheSpireMod:Limb From Limb","floor":13.0},{"not_picked":["Pummel","Pommel Strike","CrushJoints"],"picked":"Shrug It Off","floor":14.0},{"not_picked":["Barricade","Double Tap","SpiritShield"],"picked":"REME_ACTH","floor":16.0},{"not_picked":["Anger+1","Dropkick","Crescendo"],"picked":"Wild Strike","floor":18},{"not_picked":["REME_Cut","Combust","Thunderclap","BowlingBash"],"picked":"SKIP","floor":21},{"not_picked":["Hemokinesis","ReplayTheSpireMod:LeadingStrike","Combust"],"picked":"ClearTheMind","floor":23}],"player_experience":1000278,"relics_obtained":[{"floor":7.0,"key":"hubris:DisguiseKit"},{"floor":9.0,"key":"Blood Vial"},{"floor":12.0,"key":"Boot"},{"floor":23,"key":"Bottled Flame"}],"event_choices":[{"damage_healed":0.0,"max_hp_gain":0.0,"max_hp_loss":0.0,"gold_gain":0.0,"event_name":"Golden Idol","player_choice":"Take Damage","floor":2.0,"gold_loss":0.0,"damage_taken":20.0,"relics_obtained":["Golden Idol"]},{"cards_removed":["Strike_R"],"damage_healed":0.0,"max_hp_gain":0.0,"max_hp_loss":0.0,"gold_gain":0.0,"event_name":"Bonfire Elementals","player_choice":"Offered Basic","floor":5.0,"gold_loss":0.0,"damage_taken":0.0},{"damage_healed":0,"gold_gain":99,"player_choice":"Stole From Cult","damage_taken":0,"max_hp_gain":0,"max_hp_loss":0,"event_name":"Nest","floor":19,"gold_loss":0},{"cards_removed":["Strike_R"],"damage_healed":0,"gold_gain":0,"player_choice":"Purged","damage_taken":0,"max_hp_gain":0,"max_hp_loss":0,"event_name":"Purifier","floor":20,"gold_loss":0}],"is_beta":false,"boss_relics":[{"not_picked":["hubris:RunicObelisk","infinitespire:Cupcake"],"picked":"ReplayTheSpireMod:DimensionalGlitch"}],"items_purged_floors":[],"is_endless":false,"potions_floor_spawned":[7,11,13,14,21],"killed_by":"Shelled Parasite and Fungi","ascension_level":6}}