{"host":"wbn3xdfsa5pc2kse","time":1613384897,"event":{"mods":["AchievementEnabler","BaseMod","Bestiary","Colored Map","Colored Powertips","Curses Come First","Highlight Path","Minty Spire (QoL Compilation)","Permanent Neow","Rare Cards Sparkle","Relic Stats","StSLib"],"gold_per_floor":[109,109,126,51,63,63,93,93,175,44,76,94,94,114,114,186,186,201,201,218,218,218,251,251,279,279,304,323,323,323],"floor_reached":29,"language":"ZHT","playtime":871,"items_purged":["Defend_P"],"score":692,"play_id":"9b25842d-a987-46ae-afbb-d2bc4f32f87b","local_time":"20210215182817","is_ascension_mode":true,"campfire_choices":[{"data":"WindmillStrike","floor":6.0,"key":"SMITH"},{"data":"Eruption","floor":8.0,"key":"SMITH"},{"data":"CrushJoints","floor":13.0,"key":"SMITH"},{"data":"ThirdEye","floor":15.0,"key":"SMITH"},{"data":"Vault","floor":24,"key":"SMITH"}],"circlet_count":0,"master_deck":["AscendersBane","Strike_P+1","Strike_P+1","Defend_P+1","Defend_P+1","Defend_P+1","Eruption+1","Vigilance+1","Tantrum+1","WindmillStrike+1","CrushJoints+1","Vault+1","ThirdEye+1","ThirdEye","Judgement+1","LessonLearned","FlurryOfBlows+1","EmptyMind","Evaluate+1","ClearTheMind","Wish"],"relics":["PureWater","Juzu Bracelet","Darkstone Periapt","Strawberry","Coffee Dripper","Ancient Tea Set","Meat on the Bone","Mummified Hand","Red Mask"],"acts_visited":["Exordium","TheCity"],"potions_floor_usage":[23],"damage_taken":[{"damage":2.0,"enemies":"Cultist","floor":1.0,"turns":4.0},{"damage":0.0,"enemies":"Jaw Worm","floor":3.0,"turns":4.0},{"damage":4.0,"enemies":"2 Louse","floor":5.0,"turns":3.0},{"damage":6.0,"enemies":"3 Sentries","floor":7.0,"turns":4.0},{"damage":0.0,"enemies":"Gremlin Nob","floor":11.0,"turns":3.0},{"damage":0.0,"enemies":"Looter","floor":12.0,"turns":2.0},{"damage":0.0,"enemies":"Blue Slaver","floor":14.0,"turns":2.0},{"damage":14.0,"enemies":"Hexaghost","floor":16.0,"turns":9.0},{"damage":0.0,"enemies":"Shell Parasite","floor":18.0,"turns":2.0},{"damage":0,"enemies":"Chosen","floor":20,"turns":3},{"damage":0,"enemies":"Gremlin Leader","floor":23,"turns":5},{"damage":37,"enemies":"Slavers","floor":25,"turns":5},{"damage":6,"enemies":"Masked Bandits","floor":27,"turns":3},{"damage":0,"enemies":"Snake Plant","floor":28,"turns":2},{"damage":44,"enemies":"Book of Stabbing","floor":29,"turns":4}],"seed_played":"-7845939625037161232","potions_obtained":[{"floor":3.0,"key":"SkillPotion"},{"floor":5.0,"key":"BlessingOfTheForge"},{"floor":7.0,"key":"Dexterity Potion"},{"floor":16.0,"key":"Weak Potion"},{"floor":25,"key":"EssenceOfSteel"}],"is_trial":false,"path_per_floor":["M","?","M","?","M","R","E","R","T","$","E","M","R","M","R","B",null,"M","?","M","?","?","E","R","E","T","?","M","E"],"character_chosen":"WATCHER","items_purchased":["ThirdEye"],"campfire_rested":0,"item_purchase_floors":[10],"current_hp_per_floor":[59,59,59,59,55,55,49,49,49,49,56,56,56,56,56,42,67,67,46,46,46,46,46,46,9,9,15,27,0,0],"gold":323,"neow_bonus":"REMOVE_CARD","is_daily":false,"chose_seed":false,"campfire_upgraded":5,"win_rate":0.0,"timestamp":1613384897,"path_taken":["M","?","M","?","M","R","E","R","T","$","E","M","R","M","R","BOSS","M","?","M","?","?","E","R","E","T","?","M","E"],"items_purchased_type":["Card"],"build_version":"2020-12-22","purchased_purges":1,"victory":false,"max_hp_per_floor":[68,68,68,68,68,68,68,68,68,68,75,75,75,75,75,75,75,75,80,80,80,80,80,80,80,80,80,80,80,80],"relic_stats":{"Darkstone Periapt":0,"counters":[15,55],"Mummified Hand":[0],"Juzu Bracelet":1,"obtain_stats":[{"Darkstone Periapt":9,"Mummified Hand":26,"Strawberry":11,"Juzu Bracelet":7,"Coffee Dripper":17,"Red Mask":27,"PureWater":0,"Ancient Tea Set":23,"Meat on the Bone":25},{"Darkstone Periapt":4,"Mummified Hand":12,"Strawberry":5,"Juzu Bracelet":4,"Coffee Dripper":8,"Red Mask":13,"PureWater":0,"Ancient Tea Set":11,"Meat on the Bone":12},{"Darkstone Periapt":15,"Mummified Hand":46,"Strawberry":18,"Juzu Bracelet":15,"Coffee Dripper":31,"Red Mask":49,"PureWater":0,"Ancient Tea Set":41,"Meat on the Bone":46}],"Meat on the Bone":24},"card_choices":[{"not_picked":["CutThroughFate","ThirdEye"],"picked":"Tantrum","floor":1.0},{"not_picked":["FlyingSleeves","Collect"],"picked":"WindmillStrike","floor":3.0},{"not_picked":["PathToVictory","SignatureMove"],"picked":"CrushJoints","floor":5.0},{"not_picked":["Conclude","CrushJoints"],"picked":"Vault","floor":7.0},{"not_picked":["Wireheading","Weave"],"picked":"ThirdEye","floor":11.0},{"not_picked":["Consecrate","Prostrate","ThirdEye"],"picked":"SKIP","floor":12.0},{"not_picked":["Indignation","CrushJoints"],"picked":"Judgement","floor":14.0},{"not_picked":["Blasphemy","SpiritShield"],"picked":"LessonLearned","floor":16.0},{"not_picked":["ClearTheMind","SashWhip"],"picked":"FlurryOfBlows+1","floor":18.0},{"not_picked":["ThirdEye","CarveReality"],"picked":"EmptyMind","floor":20},{"not_picked":["Worship","LikeWater"],"picked":"Evaluate+1","floor":23},{"not_picked":["Nirvana","Evaluate","Collect"],"picked":"SKIP","floor":25},{"not_picked":["Collect","CutThroughFate"],"picked":"ClearTheMind","floor":27},{"not_picked":["CrushJoints","Perseverance"],"picked":"Wish","floor":28}],"player_experience":820337,"relics_obtained":[{"floor":7.0,"key":"Juzu Bracelet"},{"floor":9.0,"key":"Darkstone Periapt"},{"floor":11.0,"key":"Strawberry"},{"floor":23,"key":"Ancient Tea Set"},{"floor":25,"key":"Meat on the Bone"},{"floor":26,"key":"Mummified Hand"},{"floor":27,"key":"Red Mask"}],"event_choices":[{"damage_healed":0.0,"max_hp_gain":0.0,"max_hp_loss":0.0,"gold_gain":0.0,"event_name":"Living Wall","player_choice":"Grow","floor":2.0,"gold_loss":0.0,"damage_taken":0.0,"cards_upgraded":["Tantrum"]},{"cards_removed":["Strike_P"],"damage_healed":0.0,"max_hp_gain":0.0,"max_hp_loss":0.0,"gold_gain":0.0,"event_name":"The Cleric","player_choice":"Card Removal","floor":4.0,"gold_loss":75.0,"damage_taken":0.0},{"damage_healed":0.0,"max_hp_gain":5.0,"max_hp_loss":0.0,"gold_gain":0.0,"event_name":"Forgotten Altar","player_choice":"Shed Blood","floor":19.0,"gold_loss":0.0,"damage_taken":26.0},{"damage_healed":0,"gold_gain":0,"player_choice":"Simplicity","damage_taken":0,"max_hp_gain":0,"max_hp_loss":0,"event_name":"Back to Basics","floor":21,"gold_loss":0,"cards_upgraded":["Strike_P","Strike_P","Defend_P","Defend_P","Defend_P"]},{"damage_healed":0,"gold_gain":0,"player_choice":"Ignored","damage_taken":0,"max_hp_gain":0,"max_hp_loss":0,"event_name":"Vampires","floor":22,"gold_loss":0},{"damage_healed":0,"gold_gain":0,"player_choice":"Fought Bandits","damage_taken":0,"max_hp_gain":0,"max_hp_loss":0,"event_name":"Masked Bandits","floor":27,"gold_loss":0}],"is_beta":false,"boss_relics":[{"not_picked":["Cursed Key","Runic Dome"],"picked":"Coffee Dripper"}],"items_purged_floors":[10],"is_endless":false,"potions_floor_spawned":[3,5,7,12,16,25],"killed_by":"Book of Stabbing","ascension_level":20}}