{"host":"uc8wz0q199a7d901","time":1613420768,"event":{"mods":["2.2 Compatiblity","BaseMod","Colored Map","DeckTracker","Highlight Path","Minty Spire (QoL Compilation)","Permanent Neow","Quick Restart","SuperFastMode"],"gold_per_floor":[112,122,140,140,11,11,36,55,55,55,74,109,157,177,207,207,282,282,297,297,307,323,6,41,72,72,72],"floor_reached":26,"language":"KOR","playtime":973,"items_purged":["Regret"],"score":496,"play_id":"c68dcfa3-0f33-4dd8-8b5c-fc5062726ef6","local_time":"20210216052608","is_ascension_mode":true,"campfire_choices":[{"data":"Skewer","floor":6.0,"key":"SMITH"},{"data":"Blade Dance","floor":16.0,"key":"SMITH"}],"circlet_count":0,"master_deck":["AscendersBane","Strike_G","Strike_G","Strike_G","Strike_G","Strike_G","Defend_G+1","Defend_G","Defend_G","Defend_G+1","Defend_G","Survivor","Neutralize","Phantasmal Killer","Skewer+1","Dagger Spray","Acrobatics","Blade Dance+1","Backstab","Backflip","Venomology","Terror","Caltrops+1","Tactician","Noxious Fumes+1","Sadistic Nature+1","Blur","Noxious Fumes+1","Catalyst"],"relics":["Ring of the Snake","The Specimen","Frozen Egg 2","Meat on the Bone","War Paint","Anchor","Omamori","Black Star","Question Card","Strawberry","Smiling Mask","Red Mask"],"acts_visited":["Exordium","TheCity"],"potions_floor_usage":[25,25],"damage_taken":[{"damage":17.0,"enemies":"Jaw Worm","floor":1.0,"turns":8.0},{"damage":1.0,"enemies":"Small Slimes","floor":2.0,"turns":3.0},{"damage":1.0,"enemies":"Cultist","floor":3.0,"turns":4.0},{"damage":8.0,"enemies":"Gremlin Nob","floor":7.0,"turns":3.0},{"damage":7.0,"enemies":"Blue Slaver","floor":8.0,"turns":5.0},{"damage":12.0,"enemies":"Red Slaver","floor":11.0,"turns":4.0},{"damage":21.0,"enemies":"Lagavulin","floor":12.0,"turns":8.0},{"damage":3.0,"enemies":"Exordium Thugs","floor":14.0,"turns":3.0},{"damage":9.0,"enemies":"3 Sentries","floor":15.0,"turns":8.0},{"damage":36.0,"enemies":"The Guardian","floor":17.0,"turns":12.0},{"damage":17.0,"enemies":"Shell Parasite","floor":19.0,"turns":8.0},{"damage":23.0,"enemies":"2 Thieves","floor":21.0,"turns":4.0},{"damage":21.0,"enemies":"Snake Plant","floor":22.0,"turns":4.0},{"damage":25.0,"enemies":"Slavers","floor":24.0,"turns":6.0},{"damage":20,"enemies":"Masked Bandits","floor":25,"turns":4},{"damage":19,"enemies":"Shelled Parasite and Fungi","floor":26,"turns":2}],"seed_played":"5231575775475121808","potions_obtained":[{"floor":1.0,"key":"Swift Potion"},{"floor":7.0,"key":"SpeedPotion"},{"floor":12.0,"key":"EssenceOfSteel"},{"floor":14.0,"key":"Explosive Potion"},{"floor":15.0,"key":"SteroidPotion"},{"floor":24.0,"key":"AttackPotion"},{"floor":25,"key":"LiquidBronze"}],"is_trial":false,"path_per_floor":["M","M","M","?","$","R","E","M","T","?","M","E","T","M","E","R","B",null,"M","?","M","M","$","E","?","M"],"character_chosen":"THE_SILENT","items_purchased":["FearPotion","Noxious Fumes+1","Sadistic Nature+1","Blur"],"campfire_rested":0,"item_purchase_floors":[5,23,23,23],"current_hp_per_floor":[42,41,40,40,40,40,32,25,25,66,54,45,45,42,45,45,21,55,52,52,41,32,32,26,18,0,0],"gold":72,"neow_bonus":"ONE_RANDOM_RARE_CARD","is_daily":false,"chose_seed":false,"campfire_upgraded":2,"win_rate":0.0,"timestamp":1613420768,"path_taken":["M","M","M","?","$","R","E","M","T","?","?","E","?","?","E","R","BOSS","M","?","M","M","$","E","?","M"],"items_purchased_type":["Potion","Card","Card","Card"],"build_version":"2020-12-22","purchased_purges":1,"victory":false,"max_hp_per_floor":[66,66,66,66,66,66,66,66,66,66,66,66,66,66,66,66,66,66,66,66,66,66,66,73,73,73,73],"card_choices":[{"not_picked":["Acrobatics","Masterful Stab"],"picked":"Skewer","floor":1.0},{"not_picked":["Flying Knee","Eviscerate"],"picked":"Dagger Spray","floor":2.0},{"not_picked":["Deadly Poison","Caltrops"],"picked":"Heel Hook","floor":3.0},{"not_picked":["Flying Knee","Prepared"],"picked":"Acrobatics","floor":7.0},{"not_picked":["Slice","Underhanded Strike"],"picked":"Blade Dance","floor":8.0},{"not_picked":["Masterful Stab","Flying Knee","Bane"],"picked":"SKIP","floor":11.0},{"not_picked":["Prepared","Dagger Spray"],"picked":"Backstab","floor":12.0},{"not_picked":["Cloak And Dagger","Underhanded Strike","Dagger Spray"],"picked":"SKIP","floor":14.0},{"not_picked":["Quick Slash","Riddle With Holes"],"picked":"Backflip","floor":15.0},{"not_picked":["Unload","Tools of the Trade+1"],"picked":"Venomology","floor":17.0},{"not_picked":["Infinite Blades+1","Slice"],"picked":"Terror","floor":19.0},{"not_picked":["Caltrops+1","Dodge and Roll","Quick Slash","Poisoned Stab"],"picked":"SKIP","floor":21.0},{"not_picked":["Dodge and Roll","Quick Slash","Poisoned Stab"],"picked":"Caltrops+1","floor":21.0},{"not_picked":["Sucker Punch","Expertise","Dagger Throw"],"picked":"Tactician","floor":22.0},{"not_picked":["Prepared","Backstab+1","Doppelganger"],"picked":"Noxious Fumes+1","floor":24.0},{"not_picked":["Acrobatics+1","Dagger Throw","Calculated Gamble"],"picked":"Catalyst","floor":25}],"player_experience":748318,"relics_obtained":[{"floor":7.0,"key":"Frozen Egg 2"},{"floor":9.0,"key":"Meat on the Bone"},{"floor":12.0,"key":"War Paint"},{"floor":13.0,"key":"Anchor"},{"floor":15.0,"key":"Omamori"},{"floor":24.0,"key":"Strawberry"},{"floor":24.0,"key":"Smiling Mask"},{"floor":25,"key":"Red Mask"}],"event_choices":[{"damage_healed":0.0,"max_hp_gain":0.0,"max_hp_loss":0.0,"gold_gain":0.0,"event_name":"Big Fish","player_choice":"Box","floor":4.0,"gold_loss":0.0,"damage_taken":0.0,"relics_obtained":["The Specimen"],"cards_obtained":["Regret"]},{"cards_removed":["Heel Hook"],"damage_healed":41.0,"max_hp_gain":0.0,"max_hp_loss":0.0,"gold_gain":0.0,"event_name":"Bonfire Elementals","player_choice":"Offered Uncommon","floor":10.0,"gold_loss":0.0,"damage_taken":0.0},{"damage_healed":0.0,"max_hp_gain":0.0,"max_hp_loss":0.0,"gold_gain":0.0,"event_name":"The Mausoleum","player_choice":"Opened","floor":20.0,"gold_loss":0.0,"damage_taken":0.0,"relics_obtained":["Question Card"],"cards_obtained":["Writhe"]},{"damage_healed":0,"gold_gain":0,"player_choice":"Fought Bandits","damage_taken":0,"max_hp_gain":0,"max_hp_loss":0,"event_name":"Masked Bandits","floor":25,"gold_loss":0}],"is_beta":false,"boss_relics":[{"not_picked":["SacredBark","Philosopher\u0027s Stone"],"picked":"Black Star"}],"items_purged_floors":[5],"is_endless":false,"potions_floor_spawned":[1,7,12,14,15,24,25],"killed_by":"Shelled Parasite and Fungi","ascension_level":20}}