{"host":"o3m6gbom0bzpc56y","time":1613397522,"event":{"mods":["2.2 Compatiblity","AchievementEnabler","BaseMod","Colored Map","Highlight Path","Minty Spire (QoL Compilation)","Rare Cards Sparkle","StSLib"],"gold_per_floor":[109,109,109,126,136,136,163,163,163,191,191,224,239,314,314,314,314],"floor_reached":16,"language":"POL","playtime":592,"items_purged":[],"score":150,"play_id":"fa3e7b66-2330-4736-8c57-3599c4e9501c","local_time":"20210215145842","is_ascension_mode":true,"campfire_choices":[{"data":"Madness","floor":6,"key":"SMITH"},{"floor":8,"key":"RECALL"},{"floor":15,"key":"REST"}],"circlet_count":0,"master_deck":["Strike_P","Strike_P","Strike_P","Strike_P","Defend_P","Defend_P","Defend_P","Defend_P","Eruption","Vigilance","FlurryOfBlows","Eruption","Judgement","Madness+1","SashWhip","Weave","Fasting2","FlurryOfBlows","ForeignInfluence","FlurryOfBlows"],"relics":["PureWater","Oddly Smooth Stone","Letter Opener","Tiny Chest","Gremlin Horn","Orichalcum"],"acts_visited":["Exordium"],"potions_floor_usage":[10,10,12,16],"damage_taken":[{"damage":0,"enemies":"2 Louse","floor":1,"turns":3},{"damage":0,"enemies":"Cultist","floor":4,"turns":2},{"damage":0,"enemies":"Small Slimes","floor":5,"turns":2},{"damage":0,"enemies":"Gremlin Nob","floor":7,"turns":2},{"damage":16,"enemies":"Lagavulin","floor":10,"turns":5},{"damage":6,"enemies":"3 Sentries","floor":12,"turns":4},{"damage":0,"enemies":"Exordium Wildlife","floor":13,"turns":2},{"damage":63,"enemies":"The Guardian","floor":16,"turns":5}],"seed_played":"5496499245239826618","potions_obtained":[{"floor":1,"key":"GamblersBrew"},{"floor":4,"key":"LiquidBronze"},{"floor":10,"key":"LiquidMemories"},{"floor":13,"key":"Energy Potion"}],"is_trial":false,"path_per_floor":["M","?","?","M","M","R","E","R","T","E","$","E","M","?","R","B"],"character_chosen":"WATCHER","items_purchased":[],"campfire_rested":1,"item_purchase_floors":[],"current_hp_per_floor":[72,69,69,69,69,69,69,69,69,53,53,47,47,36,57,0,0],"gold":314,"neow_bonus":"RANDOM_COMMON_RELIC","is_daily":false,"chose_seed":false,"campfire_upgraded":1,"win_rate":0.0,"timestamp":1613397522,"path_taken":["M","?","?","M","?","R","E","R","T","E","$","E","M","?","R","BOSS"],"items_purchased_type":[],"build_version":"2020-12-22","purchased_purges":0,"victory":false,"max_hp_per_floor":[72,72,72,72,72,72,72,72,72,72,72,72,72,72,72,72,72],"card_choices":[{"not_picked":["Swivel","Fasting2"],"picked":"FlurryOfBlows","floor":1},{"not_picked":["Evaluate","CutThroughFate"],"picked":"SashWhip","floor":4},{"not_picked":["EmptyFist","SashWhip"],"picked":"Weave","floor":5},{"not_picked":["PathToVictory","Establishment"],"picked":"Fasting2","floor":7},{"not_picked":["Prostrate","WheelKick"],"picked":"FlurryOfBlows","floor":10},{"not_picked":["WheelKick","Swivel"],"picked":"ForeignInfluence","floor":12},{"not_picked":["CutThroughFate","Perseverance"],"picked":"FlurryOfBlows","floor":13}],"player_experience":128219,"relics_obtained":[{"floor":7,"key":"Tiny Chest"},{"floor":10,"key":"Gremlin Horn"},{"floor":12,"key":"Orichalcum"}],"event_choices":[{"damage_healed":0,"gold_gain":0,"player_choice":"Success","damage_taken":3,"relics_obtained":["Letter Opener"],"max_hp_gain":0,"max_hp_loss":0,"event_name":"Scrap Ooze","floor":2,"gold_loss":0},{"damage_healed":0,"gold_gain":0,"player_choice":"3 cards matched","damage_taken":0,"max_hp_gain":0,"max_hp_loss":0,"event_name":"Match and Keep!","floor":3,"gold_loss":0,"cards_obtained":["Eruption","Judgement","Madness"]},{"damage_healed":0,"gold_gain":75,"player_choice":"Gather Gold","damage_taken":11,"max_hp_gain":0,"max_hp_loss":0,"event_name":"World of Goop","floor":14,"gold_loss":0}],"is_beta":false,"boss_relics":[],"items_purged_floors":[],"is_endless":false,"potions_floor_spawned":[1,4,10,13],"killed_by":"The Guardian","ascension_level":1}}