{"host":"jngeqill3bw7azzz","time":1613415330,"event":{"mods":["BaseMod","Highlight Path","Minty Spire (QoL Compilation)","Permanent Neow","Relic Stats"],"gold_per_floor":[118,132,132,146,146,157,157,190,217,217,217],"floor_reached":10,"language":"ENG","playtime":549,"items_purged":[],"score":136,"play_id":"40b7e701-7979-4197-926d-3df6e445c776","local_time":"20210215135530","is_ascension_mode":true,"campfire_choices":[{"data":"Eruption","floor":7,"key":"SMITH"}],"circlet_count":0,"master_deck":["AscendersBane","Strike_P","Strike_P","Strike_P","Strike_P","Defend_P","Defend_P","Eruption+1","Vigilance","CurseOfTheBell","CrushJoints","FlurryOfBlows","InnerPeace","FlyingSleeves","InnerPeace","DeceiveReality"],"relics":["Calling Bell","Oddly Smooth Stone","Pantograph","Dead Branch","Anchor","Juzu Bracelet"],"acts_visited":["Exordium"],"potions_floor_usage":[6],"damage_taken":[{"damage":3,"enemies":"Jaw Worm","floor":1,"turns":7},{"damage":0,"enemies":"Cultist","floor":2,"turns":4},{"damage":0,"enemies":"2 Louse","floor":4,"turns":2},{"damage":16,"enemies":"Exordium Wildlife","floor":6,"turns":3},{"damage":28,"enemies":"Lagavulin","floor":8,"turns":7},{"damage":16,"enemies":"3 Sentries","floor":10,"turns":4}],"seed_played":"5878047458391264352","potions_obtained":[{"floor":1,"key":"Swift Potion"},{"floor":2,"key":"Ancient Potion"}],"is_trial":false,"path_per_floor":["M","M","?","M","?","M","R","E","T","E"],"character_chosen":"WATCHER","items_purchased":[],"campfire_rested":0,"item_purchase_floors":[],"current_hp_per_floor":[58,58,58,58,58,42,42,14,14,0,0],"gold":217,"neow_bonus":"BOSS_RELIC","is_daily":false,"chose_seed":false,"campfire_upgraded":1,"win_rate":0.0,"timestamp":1613415330,"path_taken":["M","M","?","?","?","M","R","E","T","E"],"items_purchased_type":[],"build_version":"2020-12-22","purchased_purges":0,"victory":false,"max_hp_per_floor":[68,68,68,68,68,68,68,68,68,68,68],"relic_stats":{"counters":[6,27],"Pantograph":0,"Dead Branch":[9],"Juzu Bracelet":0,"obtain_stats":[{"Calling Bell":0,"Anchor":8,"Pantograph":0,"Dead Branch":0,"Oddly Smooth Stone":0,"Juzu Bracelet":9,"PureWater":0},{"Calling Bell":0,"Anchor":5,"Pantograph":0,"Dead Branch":0,"Oddly Smooth Stone":0,"Juzu Bracelet":5,"PureWater":0},{"Calling Bell":0,"Anchor":23,"Pantograph":0,"Dead Branch":0,"Oddly Smooth Stone":0,"Juzu Bracelet":23,"PureWater":0}]},"card_choices":[{"not_picked":["EmptyBody","ThirdEye"],"picked":"CrushJoints","floor":1},{"not_picked":["SpiritShield","CutThroughFate"],"picked":"FlurryOfBlows","floor":2},{"not_picked":["FlyingSleeves","EmptyBody","WindmillStrike"],"picked":"SKIP","floor":4},{"not_picked":["Halt","SignatureMove"],"picked":"InnerPeace","floor":6},{"not_picked":["Swivel","ThirdEye"],"picked":"DeceiveReality","floor":8}],"player_experience":2649022,"relics_obtained":[{"floor":0,"key":"Oddly Smooth Stone"},{"floor":0,"key":"Pantograph"},{"floor":0,"key":"Dead Branch"},{"floor":8,"key":"Anchor"},{"floor":9,"key":"Juzu Bracelet"}],"event_choices":[{"damage_healed":0,"gold_gain":0,"cards_transformed":["Defend_P"],"player_choice":"Transformed","damage_taken":0,"max_hp_gain":0,"max_hp_loss":0,"event_name":"Transmorgrifier","floor":3,"gold_loss":0,"cards_obtained":["InnerPeace"]},{"damage_healed":0,"gold_gain":0,"cards_transformed":["Defend_P"],"player_choice":"Change","damage_taken":0,"max_hp_gain":0,"max_hp_loss":0,"event_name":"Living Wall","floor":5,"gold_loss":0,"cards_obtained":["FlyingSleeves"]}],"is_beta":false,"boss_relics":[],"items_purged_floors":[],"is_endless":false,"potions_floor_spawned":[1,2],"killed_by":"3 Sentries","ascension_level":20}}