{"host":"oi6p1guiqfwwvxym","time":1613367574,"event":{"mods":["BaseMod","Bestiary","Colored Map","Minty Spire (QoL Compilation)","Relic Stats"],"gold_per_floor":[119,133,83,100,118,118,142,171,220,220,253,253,271,298,298,398,398,415,428,428,45,45,45,75,75,75,92,104,137,152,152,152],"floor_reached":31,"language":"ENG","playtime":1301,"items_purged":[],"score":428,"play_id":"cec77b04-9123-4b31-829d-411db4f97051","local_time":"20210214213934","is_ascension_mode":true,"campfire_choices":[{"floor":6,"key":"REST"},{"floor":10,"key":"REST"},{"floor":12,"key":"REST"},{"floor":15,"key":"REST"},{"data":"Crippling Poison","floor":23,"key":"SMITH"},{"data":"Deadly Poison","floor":25,"key":"SMITH"}],"circlet_count":0,"master_deck":["AscendersBane","Strike_G","Strike_G","Strike_G","Strike_G","Defend_G","Defend_G","Defend_G","Defend_G","Defend_G","Survivor","Neutralize","Deadly Poison+1","Bane","Dagger Spray","Prepared","Backflip","Deflect","Underhanded Strike","Cloak And Dagger","Crippling Poison+1","Corpse Explosion","Flying Knee","PiercingWail","Footwork+1","Catalyst+1","Footwork","Noxious Fumes","Dash","Calculated Gamble+1"],"relics":["Ring of the Snake","Odd Mushroom","Mercury Hourglass","Toy Ornithopter","Art of War","Potion Belt","SlaversCollar","Snake Skull","Lee\u0027s Waffle","Pantograph","Tingsha","Blood Vial"],"acts_visited":["Exordium","TheCity"],"potions_floor_usage":[7,19,31],"damage_taken":[{"damage":0,"enemies":"Jaw Worm","floor":1,"turns":4},{"damage":0,"enemies":"2 Louse","floor":2,"turns":2},{"damage":7,"enemies":"Small Slimes","floor":4,"turns":3},{"damage":26,"enemies":"Exordium Thugs","floor":5,"turns":6},{"damage":6,"enemies":"The Mushroom Lair","floor":7,"turns":5},{"damage":37,"enemies":"Gremlin Nob","floor":8,"turns":5},{"damage":19,"enemies":"3 Sentries","floor":11,"turns":6},{"damage":0,"enemies":"Gremlin Gang","floor":13,"turns":3},{"damage":37,"enemies":"The Guardian","floor":16,"turns":12},{"damage":16,"enemies":"2 Thieves","floor":18,"turns":2},{"damage":0,"enemies":"3 Byrds","floor":19,"turns":2},{"damage":10,"enemies":"Slavers","floor":24,"turns":3},{"damage":4,"enemies":"Snecko","floor":27,"turns":3},{"damage":31,"enemies":"3 Cultists","floor":28,"turns":5},{"damage":21,"enemies":"Book of Stabbing","floor":29,"turns":6},{"damage":0,"enemies":"Cultist and Chosen","floor":30,"turns":5},{"damage":28,"enemies":"Slavers","floor":31,"turns":2}],"seed_played":"668276310116160724","potions_obtained":[{"floor":4,"key":"Dexterity Potion"},{"floor":7,"key":"Ancient Potion"},{"floor":11,"key":"Energy Potion"},{"floor":24,"key":"CultistPotion"},{"floor":30,"key":"Strength Potion"}],"is_trial":false,"path_per_floor":["M","M","?","M","M","R","?","E","T","R","E","R","M","T","R","B",null,"M","M","?","$","?","R","E","R","T","M","M","E","M","E"],"character_chosen":"THE_SILENT","items_purchased":["Footwork","Snake Skull","Lee\u0027s Waffle"],"campfire_rested":4,"item_purchase_floors":[21,21,21],"current_hp_per_floor":[63,63,63,56,30,51,45,8,8,29,10,31,31,31,52,15,56,40,45,32,82,82,82,72,72,72,68,37,16,18,0,0],"gold":152,"neow_bonus":"THREE_CARDS","is_daily":false,"chose_seed":false,"campfire_upgraded":2,"win_rate":0.0,"timestamp":1613367574,"path_taken":["M","M","?","M","M","R","?","E","T","R","E","R","M","?","R","BOSS","M","M","?","$","?","R","E","R","T","M","M","E","?","E"],"items_purchased_type":["Card","Relic","Relic"],"build_version":"2020-12-22","purchased_purges":0,"victory":false,"max_hp_per_floor":[70,70,70,70,70,70,70,70,70,70,70,70,70,70,70,70,70,70,70,75,82,82,82,82,82,82,82,82,82,82,82,82],"relic_stats":{"Blood Vial":4,"Lee\u0027s Waffle":50,"counters":[17,73],"Pantograph":0,"Tingsha":[15],"Snake Skull":[28],"Art of War":[3],"obtain_stats":[{"Potion Belt":14,"Blood Vial":29,"SlaversCollar":17,"Lee\u0027s Waffle":21,"Pantograph":24,"Tingsha":26,"Snake Skull":21,"Art of War":11,"Odd Mushroom":7,"Toy Ornithopter":9,"Ring of the Snake":0,"Mercury Hourglass":8},{"Potion Belt":8,"Blood Vial":15,"SlaversCollar":9,"Lee\u0027s Waffle":11,"Pantograph":12,"Tingsha":12,"Snake Skull":11,"Art of War":7,"Odd Mushroom":5,"Toy Ornithopter":6,"Ring of the Snake":0,"Mercury Hourglass":6},{"Potion Belt":34,"Blood Vial":67,"SlaversCollar":46,"Lee\u0027s Waffle":50,"Pantograph":53,"Tingsha":53,"Snake Skull":50,"Art of War":31,"Odd Mushroom":20,"Toy Ornithopter":25,"Ring of the Snake":0,"Mercury Hourglass":25}],"Toy Ornithopter":10,"Ring of the Snake":[34],"Mercury Hourglass":[262]},"card_choices":[{"not_picked":["Tactician","Dagger Spray"],"picked":"Deadly Poison","floor":0},{"not_picked":["Setup","Finisher"],"picked":"Bane","floor":1},{"not_picked":["Expertise","Finisher"],"picked":"Dagger Spray","floor":2},{"not_picked":["Flying Knee","Choke"],"picked":"Prepared","floor":4},{"not_picked":["Storm of Steel","Dodge and Roll"],"picked":"Backflip","floor":5},{"not_picked":["Expertise","Calculated Gamble"],"picked":"Deflect","floor":7},{"not_picked":["Poisoned Stab","Venomology"],"picked":"Underhanded Strike","floor":8},{"not_picked":["Dagger Throw","Accuracy"],"picked":"Cloak And Dagger","floor":11},{"not_picked":["Blade Dance","Slice"],"picked":"Crippling Poison","floor":13},{"not_picked":["A Thousand Cuts","Storm of Steel"],"picked":"Corpse Explosion","floor":16},{"not_picked":["Dagger Spray","Bane"],"picked":"Flying Knee","floor":18},{"not_picked":["Cloak And Dagger+1","Deflect"],"picked":"PiercingWail","floor":19},{"not_picked":["Riddle With Holes+1","Finisher+1"],"picked":"Catalyst+1","floor":24},{"not_picked":["Dagger Spray","Dagger Throw"],"picked":"Footwork","floor":27},{"not_picked":["Eviscerate","Tools of the Trade"],"picked":"Noxious Fumes","floor":28},{"not_picked":["Tools of the Trade","Flechettes"],"picked":"Dash","floor":29},{"not_picked":["Acrobatics","Infinite Blades"],"picked":"Calculated Gamble+1","floor":30}],"player_experience":436641,"relics_obtained":[{"floor":7,"key":"Odd Mushroom"},{"floor":8,"key":"Mercury Hourglass"},{"floor":9,"key":"Toy Ornithopter"},{"floor":11,"key":"Art of War"},{"floor":14,"key":"Potion Belt"},{"floor":24,"key":"Pantograph"},{"floor":26,"key":"Tingsha"},{"floor":29,"key":"Blood Vial"}],"event_choices":[{"cards_removed":["Strike_G"],"damage_healed":0,"gold_gain":0,"player_choice":"Card Removal","damage_taken":0,"max_hp_gain":0,"max_hp_loss":0,"event_name":"The Cleric","floor":3,"gold_loss":50},{"damage_healed":0,"gold_gain":0,"player_choice":"Fought Mushrooms","damage_taken":0,"max_hp_gain":0,"max_hp_loss":0,"event_name":"Mushrooms","floor":7,"gold_loss":0},{"damage_healed":0,"gold_gain":0,"player_choice":"Shed Blood","damage_taken":18,"max_hp_gain":5,"max_hp_loss":0,"event_name":"Forgotten Altar","floor":20,"gold_loss":0},{"damage_healed":0,"gold_gain":0,"player_choice":"Upgraded","damage_taken":0,"max_hp_gain":0,"max_hp_loss":0,"event_name":"Upgrade Shrine","floor":22,"gold_loss":0,"cards_upgraded":["Footwork"]}],"is_beta":false,"boss_relics":[{"not_picked":["Runic Pyramid","Empty Cage"],"picked":"SlaversCollar"}],"items_purged_floors":[],"is_endless":false,"potions_floor_spawned":[4,7,11,24,30],"killed_by":"Slavers","ascension_level":10}}