{"host":"2no1vwhhkhf0ohz3","time":1613408991,"event":{"mods":["AchievementEnabler","BaseMod","Colored Map","DeckTracker","Keyboard Shortcuts","Minty Spire (QoL Compilation)","SuperFastMode"],"gold_per_floor":[118,131,206,108,108,136,136,55,55,69,88,88,88,88,88,88,88],"floor_reached":16,"language":"KOR","playtime":197,"items_purged":[],"score":147,"play_id":"d5660738-7509-442d-becf-741eff23a547","local_time":"20210216020951","is_ascension_mode":true,"campfire_choices":[{"data":"Perfected Strike","floor":7,"key":"SMITH"},{"data":"Evolve","floor":13,"key":"SMITH"},{"data":"Pommel Strike","floor":15,"key":"SMITH"}],"circlet_count":0,"master_deck":["AscendersBane","Strike_R","Strike_R","Strike_R","Strike_R","Strike_R","Defend_R","Defend_R","Defend_R","Defend_R","Bash","Perfected Strike+1","Pommel Strike+1","Flash of Steel","Evolve+1","Fire Breathing","Fire Breathing"],"relics":["Burning Blood","Gremlin Horn","Toxic Egg 2","Peace Pipe","Golden Idol"],"acts_visited":["Exordium"],"potions_floor_usage":[6],"damage_taken":[{"damage":11.0,"enemies":"2 Louse","floor":1.0,"turns":3.0},{"damage":11.0,"enemies":"Cultist","floor":2.0,"turns":4.0},{"damage":16,"enemies":"Gremlin Nob","floor":6,"turns":3},{"damage":3,"enemies":"Small Slimes","floor":10,"turns":3},{"damage":7,"enemies":"2 Fungi Beasts","floor":11,"turns":3},{"damage":41,"enemies":"Hexaghost","floor":16,"turns":8}],"seed_played":"-1794150301763341508","potions_obtained":[{"floor":1.0,"key":"Fire Potion"}],"is_trial":false,"path_per_floor":["M","M","?","$","T","E","R","$","T","M","M","?","R","?","R","B"],"character_chosen":"IRONCLAD","items_purchased":["Flash of Steel","Fire Breathing"],"campfire_rested":0,"item_purchase_floors":[4,8],"current_hp_per_floor":[67,62,54,54,54,44,44,44,44,47,46,46,46,46,46,5,5],"gold":88,"neow_bonus":"ONE_RANDOM_RARE_CARD","is_daily":false,"chose_seed":false,"campfire_upgraded":3,"win_rate":0.0,"timestamp":1613408991,"path_taken":["M","M","?","$","?","E","R","$","T","M","M","?","R","?","R","BOSS"],"items_purchased_type":["Card","Card"],"build_version":"2020-12-22","purchased_purges":0,"victory":false,"max_hp_per_floor":[80,80,80,80,80,80,80,80,80,80,80,74,74,74,74,74,74],"card_choices":[{"not_picked":["Searing Blow","Inflame"],"picked":"Perfected Strike","floor":1.0},{"not_picked":["Ghostly Armor","Sword Boomerang"],"picked":"Pommel Strike","floor":2.0},{"not_picked":["Sword Boomerang","Headbutt"],"picked":"Evolve","floor":6},{"not_picked":["Flex+1","Clothesline"],"picked":"Fire Breathing","floor":10},{"not_picked":["Anger","Searing Blow","Rampage"],"picked":"SKIP","floor":11}],"player_experience":308615,"relics_obtained":[{"floor":5,"key":"Gremlin Horn"},{"floor":6,"key":"Toxic Egg 2"},{"floor":9,"key":"Peace Pipe"}],"event_choices":[{"damage_healed":0,"gold_gain":75,"player_choice":"Touch","damage_taken":8,"max_hp_gain":0,"max_hp_loss":0,"event_name":"FaceTrader","floor":3,"gold_loss":0},{"damage_healed":0,"gold_gain":0,"player_choice":"Lose Max HP","damage_taken":0,"relics_obtained":["Golden Idol"],"max_hp_gain":0,"max_hp_loss":6,"event_name":"Golden Idol","floor":12,"gold_loss":0},{"cards_removed":["Corruption"],"damage_healed":0,"gold_gain":0,"player_choice":"Purged","damage_taken":0,"max_hp_gain":0,"max_hp_loss":0,"event_name":"Purifier","floor":14,"gold_loss":0}],"is_beta":false,"boss_relics":[],"items_purged_floors":[],"is_endless":false,"potions_floor_spawned":[1],"killed_by":"Hexaghost","ascension_level":10}}