{"host":"0unxf5n5bucfuoy7","time":1613426859,"event":{"mods":["Act Like it!","AlwaysNeverKeys","Ascension Reborn","Aspiration","BaseMod","Beaked The Cultist","Better Altar","Better Match","Better Note","Better Sensory Stone","Better Third Choice","Better Vampires","Challenge The Spire","Conspire","Custom Start","DeckTracker","Downfall","Elementarium","Fiend Mod","Friendly Minions","GifTheSpireLib","GungeonMod","Hallownest","Hubris","Infinite Spire","Marked Mod","Minty Spire (QoL Compilation)","Permanent Neow","Potionbrewer","Practice Mode","Quick Restart","Random Character Button","Relic Filter","Relic Sorter","Replay The Spire","Spikes Relics","StSLib","Stuff the Spire","The Accelerator","The Bug Knight","The Death Knight","The Disciple","The Exalted","The Hierophant","The Necromancer","The Spell Scribe","Trackpad","Transform Curses","Wandering Minibosses"],"gold_per_floor":[112,112,131,131,1,30,30,59,110,110,126,140,215,235,235,334,334,354,371,381,394,507,541,541,541,541,541,569,603,137,137,137,137,137],"floor_reached":33,"language":"ENG","playtime":1772,"items_purged":[],"score":420,"play_id":"3563edd9-223a-407f-b5c9-017348852782","local_time":"20210215170739","is_ascension_mode":true,"campfire_choices":[{"data":"infinitespire:UltimateForm","floor":15.0,"key":"SMITH"},{"floor":24.0,"key":"REST"},{"data":"Elementarium:EarthblessedBlade","floor":27.0,"key":"SMITH"},{"data":"Force Field","floor":32.0,"key":"SMITH"}],"circlet_count":0,"master_deck":["Strike_B","Strike_B","Strike_B","Strike_B","Defend_B","Defend_B","Defend_B","Defend_B","Zap","Ball Lightning","infinitespire:UltimateForm+1","Heatsinks","Bash","RefreshScreen","Cold Snap","Undo","Tempest","Regret","Reboot","Compile Driver","Force Field+1","ReplayRNGCard","FIFO Queue+1","Rebound+1","Scorching Beam","Anger+1","Cold Snap+1","Cold Snap","Elementarium:EarthblessedBlade+1","Injury","Fusion","Heavy Blade","Violence","Heavy Blade","Impatience","hierophant:Blessing"],"relics":["NeowsBlessing","Iron Core","Geode","hubris:Icosahedron","Bromod:ArcaneAegis","hubris:TenFootPole","Replay:Baseball","ChewingGum","Ancient Tea Set","hubris:SphereOfDissonance","Elementarium:GoldenMirage","GiantMaggot"],"acts_visited":["Exordium","Exordium"],"potions_floor_usage":[],"damage_taken":[{"damage":0.0,"enemies":"Cultist","floor":1.0,"turns":1.0},{"damage":0.0,"enemies":"2 Louse","floor":3.0,"turns":1.0},{"damage":0.0,"enemies":"Gremlin Nob","floor":6.0,"turns":1.0},{"damage":40.0,"enemies":"3 Sentries","floor":8.0,"turns":9.0},{"damage":3.0,"enemies":"Jaw Worm","floor":11.0,"turns":3.0},{"damage":7.0,"enemies":"Looter","floor":12.0,"turns":3.0},{"damage":4.0,"enemies":"2 Fungi Beasts","floor":14.0,"turns":3.0},{"damage":17.0,"enemies":"Fading Forest","floor":16.0,"turns":11.0},{"damage":15.0,"enemies":"Elementarium:MUD_AND_TAR_GOLEMS","floor":18.0,"turns":6.0},{"damage":14.0,"enemies":"Elementarium:2_ELEMENTALS","floor":19.0,"turns":5.0},{"damage":15.0,"enemies":"Elementarium:RubyGolem","floor":20.0,"turns":6.0},{"damage":3.0,"enemies":"Elementarium:3_ELEMENTALS","floor":21.0,"turns":3.0},{"damage":10.0,"enemies":"Elementarium:STONE_GOLEMS","floor":22.0,"turns":6.0},{"damage":12.0,"enemies":"Elementarium:FIRE_NOBILITY","floor":23.0,"turns":7.0},{"damage":21.0,"enemies":"Elementarium:WarGolem","floor":28.0,"turns":3.0},{"damage":0.0,"enemies":"Elementarium:GOLDEN_STATUES","floor":29.0,"turns":1.0},{"damage":0,"enemies":"Elementarium:GoldenDragon","floor":33,"turns":1}],"seed_played":"-2142252162107509944","potions_obtained":[{"floor":11.0,"key":"FocusPotion"},{"floor":12.0,"key":"DistilledChaos"},{"floor":14.0,"key":"potionbrewer:AcidPotion"},{"floor":20.0,"key":"PowerPotion"},{"floor":21.0,"key":"potionbrewer:BoundlessPotion"},{"floor":22.0,"key":"potionbrewer:DiscountPotion"},{"floor":28.0,"key":"SpeedPotion"}],"is_trial":false,"path_per_floor":["M","?","M","?","$","E","?","E","T","?","M","M","?","M","R","B",null,"M","M","M","M","M","E","R","?","T","R","E","?","$","?","R","B"],"character_chosen":"DEFECT","items_purchased":["RefreshScreen","Cold Snap","GiantMaggot","Violence","Heavy Blade"],"campfire_rested":1,"item_purchase_floors":[5,5,30,30,30],"current_hp_per_floor":[75,57,57,57,57,57,57,35,35,35,32,25,22,18,18,11,75,60,46,31,28,18,6,28,28,28,28,7,67,67,67,67,67,67],"gold":137,"neow_bonus":"THREE_ENEMY_KILL","is_daily":false,"chose_seed":false,"campfire_upgraded":3,"win_rate":0.0,"timestamp":1613426859,"path_taken":["M","?","M","?","?","E","?","E","T","?","M","?","?","?","R","BOSS","M","?","?","M","M","E","R","?","T","R","E","?","?","?","R","BOSS"],"items_purchased_type":["Card","Card","Relic","Card","Card"],"build_version":"2020-12-22","purchased_purges":0,"victory":false,"max_hp_per_floor":[75,75,75,75,75,75,75,75,75,75,75,75,75,75,75,75,75,75,75,75,75,75,75,75,75,75,75,75,75,75,75,75,75,75],"card_choices":[{"not_picked":["Sweeping Beam","Stack"],"picked":"Ball Lightning","floor":1.0},{"not_picked":["ReplayTheSpireMod:Echoes of Time","infinitespire:NeuralNetwork"],"picked":"infinitespire:UltimateForm","floor":2.0},{"not_picked":["Rebound","Conserve Battery"],"picked":"Heatsinks","floor":3.0},{"not_picked":["Clash","Hologram"],"picked":"Undo","floor":6.0},{"not_picked":["Conserve Battery","ReplayTheSpireMod:Calculation Training"],"picked":"Tempest","floor":8.0},{"not_picked":["Heavy Blade","Leap"],"picked":"Reboot","floor":11.0},{"not_picked":["Panic Button","Heatsinks"],"picked":"Compile Driver","floor":12.0},{"not_picked":["Beam Cell","Warcry"],"picked":"Force Field","floor":14.0},{"not_picked":["Double Tap","hubris:Prefetch"],"picked":"ReplayRNGCard","floor":16.0},{"not_picked":["Darkness+1","Redo"],"picked":"FIFO Queue+1","floor":18.0},{"not_picked":["FIFO Queue","Heatsinks"],"picked":"Rebound+1","floor":19.0},{"not_picked":["Body Slam","Cold Snap"],"picked":"Scorching Beam","floor":20.0},{"not_picked":["WeaponsOverheat","Rebound"],"picked":"Anger+1","floor":21.0},{"not_picked":["BasicCrystalCard","Sweeping Beam"],"picked":"Cold Snap+1","floor":22.0},{"not_picked":["Anger","hubris:DoWhile"],"picked":"Cold Snap","floor":23.0},{"not_picked":["Anger","Doom and Gloom"],"picked":"Fusion","floor":28.0},{"not_picked":["Sweeping Beam","Warcry"],"picked":"Heavy Blade","floor":29.0},{"not_picked":["Swift Strike","Replay:Sssssssssstrike"],"picked":"Impatience","floor":31.0},{"not_picked":["champ:Lariat","Slimebound:ComboTackle"],"picked":"hierophant:Blessing","floor":31.0}],"player_experience":139635,"relics_obtained":[{"floor":6.0,"key":"Geode"},{"floor":8.0,"key":"Bromod:ArcaneAegis"},{"floor":9.0,"key":"hubris:TenFootPole"},{"floor":23.0,"key":"Ancient Tea Set"},{"floor":28.0,"key":"hubris:SphereOfDissonance"},{"floor":29.0,"key":"Elementarium:GoldenMirage"}],"event_choices":[{"damage_healed":0.0,"max_hp_gain":0.0,"max_hp_loss":0.0,"gold_gain":0.0,"event_name":"Big Fish","player_choice":"Box","floor":10.0,"gold_loss":0.0,"damage_taken":0.0,"relics_obtained":["Replay:Baseball"],"cards_obtained":["Regret"]},{"damage_healed":0.0,"max_hp_gain":0.0,"max_hp_loss":0.0,"gold_gain":75.0,"event_name":"FaceTrader","player_choice":"Touch","floor":13.0,"gold_loss":0.0,"damage_taken":7.0},{"damage_healed":0.0,"max_hp_gain":0.0,"max_hp_loss":0.0,"gold_gain":0.0,"event_name":"Elementarium:BladeSeller","player_choice":"Take","floor":25.0,"gold_loss":0.0,"damage_taken":0.0,"cards_obtained":["Elementarium:EarthblessedBlade","Injury"]},{"damage_healed":0.0,"max_hp_gain":0.0,"max_hp_loss":0.0,"gold_gain":0.0,"event_name":"Elementarium:GoldenStatues","player_choice":"Fight","floor":29.0,"gold_loss":0.0,"damage_taken":0.0},{"damage_healed":0.0,"max_hp_gain":0.0,"max_hp_loss":0.0,"gold_gain":0.0,"event_name":"Elementarium:IncubationChamber","player_choice":"Machinery","floor":31.0,"gold_loss":0.0,"damage_taken":0.0}],"is_beta":false,"boss_relics":[{"not_picked":["Kintsugi","Snecko Eye"],"picked":"ChewingGum"}],"items_purged_floors":[],"is_endless":false,"potions_floor_spawned":[11,12,14,20,21,22,28],"killed_by":"Elementarium:GoldenDragon","ascension_level":0}}