{"host":"dmtlrev5pkc1867p","time":1613408830,"event":{"mods":["A Magickal Journey","AchievementEnabler","BaseMod","Colored Map","Colored Powertips","Downfall","Hermit","Highlight Path","Hubris","Infinite Spire","Marisa¡]Ãú«B¡@Å]²z¨F¡^","Minty Spire (QoL Compilation)","Permanent Neow","Quick Restart","Rare Cards Sparkle","Relic Sorter","Relic Stats","Replay The Spire","StSLib","SuperFastMode","The Construct","The Cursed","The Disciple","The Hierophant","The Necromancer","The Runesmith","The Servant 0.9.4"],"gold_per_floor":[109,109,75,92,108,108,126,141,141,141,152,182,182,199,199,199,199],"floor_reached":16,"language":"ZHS","playtime":853,"items_purged":[],"score":182,"play_id":"dc63ded8-acb1-4601-8f4f-7e05ea9dd3c3","local_time":"20210216010710","is_ascension_mode":true,"campfire_choices":[{"floor":6.0,"key":"RECALL"},{"floor":15,"key":"REST"}],"circlet_count":0,"master_deck":["AscendersBane","Strike_B","Strike_B","Strike_B","Defend_B","Defend_B","Defend_B","Defend_B","Zap","Dualcast","hubris:Strike_Merchant","hermit:Defend_Hermit","Crystallizer","hubris:PowerSurge","BasicCrystalCard","Force Field","Go for the Eyes","Steam","TheCursedMod:CircleOfCorruption","Rainbow","Melter","Conserve Battery"],"relics":["Cracked Core","Emotion Chip","hubris:DisguiseKit","Carrot"],"acts_visited":["Exordium"],"potions_floor_usage":[14,16],"damage_taken":[{"damage":0.0,"enemies":"2 Louse","floor":1.0,"turns":1.0},{"damage":6.0,"enemies":"Cultist","floor":4.0,"turns":3.0},{"damage":2.0,"enemies":"Jaw Worm","floor":5.0,"turns":3.0},{"damage":12.0,"enemies":"Looter","floor":7.0,"turns":3.0},{"damage":20.0,"enemies":"Exordium Thugs","floor":8.0,"turns":3.0},{"damage":6.0,"enemies":"Exordium Wildlife","floor":11.0,"turns":3.0},{"damage":14.0,"enemies":"Lagavulin","floor":12.0,"turns":7.0},{"damage":0,"enemies":"Large Slime","floor":14,"turns":2},{"damage":28,"enemies":"Hexaghost","floor":16,"turns":9}],"seed_played":"6736320570742656974","potions_obtained":[{"floor":2.0,"key":"Flashbang"},{"floor":2.0,"key":"Elixir"},{"floor":11.0,"key":"Flashbang"},{"floor":12.0,"key":"Fire Potion"},{"floor":14,"key":"Elixir"}],"is_trial":false,"path_per_floor":["M","?","$","M","M","R","M","M","T","?","M","E","?","M","R","B"],"character_chosen":"DEFECT","items_purchased":["hubris:PowerSurge"],"campfire_rested":1,"item_purchase_floors":[3],"current_hp_per_floor":[64,64,64,58,56,56,44,24,24,24,18,4,4,4,25,0,0],"gold":199,"neow_bonus":"ONE_RARE_RELIC","is_daily":false,"chose_seed":false,"campfire_upgraded":0,"win_rate":0.0,"timestamp":1613408830,"path_taken":["M","?","$","M","?","R","M","M","T","?","M","E","?","M","R","BOSS"],"items_purchased_type":["Card"],"build_version":"2020-12-22","purchased_purges":0,"victory":false,"max_hp_per_floor":[71,71,71,71,71,71,71,71,71,71,71,71,71,71,71,71,71],"relic_stats":{"Emotion Chip":[15,13,1,1,0],"counters":[9,34],"obtain_stats":[{"hubris:DisguiseKit":9,"Emotion Chip":0,"Carrot":12,"Cracked Core":0},{"hubris:DisguiseKit":5,"Emotion Chip":0,"Carrot":7,"Cracked Core":0},{"hubris:DisguiseKit":13,"Emotion Chip":0,"Carrot":23,"Cracked Core":0}]},"card_choices":[{"not_picked":["Leap","Turbo"],"picked":"Crystallizer","floor":1.0},{"not_picked":["ReplayTheSpireMod:System Scan","Steam"],"picked":"BasicCrystalCard","floor":4.0},{"not_picked":["Rebound","Steam"],"picked":"Force Field","floor":5.0},{"not_picked":["Rebound","Coolheaded"],"picked":"Go for the Eyes","floor":7.0},{"not_picked":["Crystallizer","Time Bomb"],"picked":"Steam","floor":8.0},{"not_picked":["Rip and Tear","Auto Shields","ReplayTheSpireMod:Reroute Power"],"picked":"TheCursedMod:CircleOfCorruption","floor":11.0},{"not_picked":["ReplayTheSpireMod:GoodbyeWorld","Auto Shields","TheCursedMod:CircleOfBlood"],"picked":"Rainbow","floor":12.0},{"not_picked":["Turbo","Barrage","TheCursedMod:Stretching"],"picked":"Conserve Battery","floor":14}],"player_experience":711503,"relics_obtained":[{"floor":9.0,"key":"hubris:DisguiseKit"},{"floor":12.0,"key":"Carrot"}],"event_choices":[{"damage_healed":0.0,"max_hp_gain":0.0,"max_hp_loss":0.0,"gold_gain":0.0,"event_name":"Lab","player_choice":"Got Potions","floor":2.0,"gold_loss":0.0,"damage_taken":0.0},{"damage_healed":0.0,"max_hp_gain":0.0,"max_hp_loss":0.0,"gold_gain":0.0,"event_name":"Shining Light","player_choice":"Ignored","floor":10.0,"gold_loss":0.0,"damage_taken":0.0},{"damage_healed":0.0,"max_hp_gain":0.0,"max_hp_loss":0.0,"gold_gain":0.0,"cards_transformed":["Strike_B"],"event_name":"Transmorgrifier","player_choice":"Transformed","floor":13.0,"gold_loss":0.0,"damage_taken":0.0,"cards_obtained":["Melter"]}],"is_beta":false,"boss_relics":[],"items_purged_floors":[],"is_endless":false,"potions_floor_spawned":[4,11,12,14],"killed_by":"Hexaghost","ascension_level":15}}