{"host":"a6ztjasp7lxlo10n","time":1613397829,"event":{"mods":["Act Like it!","BaseMod","Colored Map","Marisa£®ÏF”Í°°ƒß¿Ì…≥£©","Minty Spire (QoL Compilation)","Quick Restart","StSLib","SuperFastMode"],"gold_per_floor":[369,196,208,223,298,298,323,338,385,400,426,438,448,478,490,606,618,630,630],"floor_reached":18,"language":"ZHS","playtime":803,"items_purged":["Strike_R"],"score":235,"play_id":"15292dd2-3dfe-4f8f-9280-5c4b5917c261","local_time":"20210215220349","is_ascension_mode":true,"campfire_choices":[{"data":"Body Slam","floor":6.0,"key":"SMITH"},{"floor":15.0,"key":"REST"}],"circlet_count":0,"master_deck":["Strike_R","Strike_R","Strike_R","Strike_R","Defend_R","Defend_R","Defend_R","Defend_R","Bash","Body Slam+1","True Grit","Rampage","Burning Pact","Sword Boomerang","Shrug It Off","Feed"],"relics":["Burning Blood","Mercury Hourglass","Ancient Tea Set","Boot","MawBank","Snecko Eye"],"acts_visited":["Exordium","TheCity"],"potions_floor_usage":[16],"damage_taken":[{"damage":4.0,"enemies":"Small Slimes","floor":1.0,"turns":4.0},{"damage":8.0,"enemies":"2 Louse","floor":3.0,"turns":3.0},{"damage":6.0,"enemies":"Cultist","floor":4.0,"turns":3.0},{"damage":15.0,"enemies":"3 Sentries","floor":7.0,"turns":11.0},{"damage":12.0,"enemies":"3 Louse","floor":8.0,"turns":3.0},{"damage":7.0,"enemies":"Red Slaver","floor":10.0,"turns":3.0},{"damage":23.0,"enemies":"Lagavulin","floor":11.0,"turns":5.0},{"damage":17.0,"enemies":"Gremlin Gang","floor":12.0,"turns":4.0},{"damage":0.0,"enemies":"Large Slime","floor":13.0,"turns":5.0},{"damage":6,"enemies":"Slime Boss","floor":16,"turns":9},{"damage":13,"enemies":"Shell Parasite","floor":18,"turns":4}],"seed_played":"3270825022722333668","potions_obtained":[{"floor":4.0,"key":"Fire Potion"},{"floor":7.0,"key":"PowerPotion"},{"floor":8.0,"key":"PowerPotion"},{"floor":10.0,"key":"Strength Potion"}],"is_trial":false,"path_per_floor":["M","$","M","M","?","R","E","M","T","M","E","M","M","?","R","B",null,"M"],"character_chosen":"IRONCLAD","items_purchased":["True Grit","Rampage"],"campfire_rested":1,"item_purchase_floors":[2,2],"current_hp_per_floor":[72,72,70,70,59,59,50,44,44,43,26,15,21,21,42,42,65,52,52],"gold":630,"neow_bonus":"TWO_FIFTY_GOLD","is_daily":false,"chose_seed":false,"campfire_upgraded":1,"win_rate":0.0,"timestamp":1613397829,"path_taken":["M","$","M","M","?","R","E","M","T","M","E","M","M","?","R","BOSS","M"],"items_purchased_type":["Card","Card"],"build_version":"2020-12-22","purchased_purges":1,"victory":false,"max_hp_per_floor":[72,72,72,72,72,72,72,72,72,72,72,72,72,72,72,72,72,72,72],"card_choices":[{"not_picked":["Warcry","Clothesline"],"picked":"Body Slam","floor":1.0},{"not_picked":["Evolve","Sever Soul"],"picked":"Burning Pact","floor":3.0},{"not_picked":["Wild Strike","Cleave","Spot Weakness"],"picked":"SKIP","floor":4.0},{"not_picked":["Battle Trance","Heavy Blade"],"picked":"Sword Boomerang","floor":7.0},{"not_picked":["Perfected Strike","Armaments","Twin Strike"],"picked":"SKIP","floor":8.0},{"not_picked":["Disarm","Heavy Blade","Body Slam"],"picked":"SKIP","floor":10.0},{"not_picked":["Rupture","Uppercut"],"picked":"Shrug It Off","floor":11.0},{"not_picked":["Sword Boomerang","Headbutt"],"picked":"Feed","floor":12.0},{"not_picked":["Twin Strike","Iron Wave","Rupture"],"picked":"SKIP","floor":13.0}],"player_experience":322300,"relics_obtained":[{"floor":7.0,"key":"Mercury Hourglass"},{"floor":9.0,"key":"Ancient Tea Set"},{"floor":11.0,"key":"Boot"}],"event_choices":[{"damage_healed":0.0,"max_hp_gain":0.0,"max_hp_loss":0.0,"gold_gain":75.0,"event_name":"World of Goop","player_choice":"Gather Gold","floor":5.0,"gold_loss":0.0,"damage_taken":11.0},{"damage_healed":0.0,"max_hp_gain":0.0,"max_hp_loss":0.0,"gold_gain":30.0,"event_name":"Dead Adventurer","player_choice":"Searched \u00273\u0027 times","floor":14.0,"gold_loss":0.0,"damage_taken":0.0,"relics_obtained":["MawBank"]}],"is_beta":false,"boss_relics":[{"not_picked":["Coffee Dripper","Fusion Hammer"],"picked":"Snecko Eye"}],"items_purged_floors":[2],"is_endless":false,"potions_floor_spawned":[4,7,8,10],"killed_by":"Shell Parasite","ascension_level":7}}