{"host":"5wwct7e0z3l0f094","time":1613355583,"event":{"mods":["AchievementEnabler","BaseMod","Downfall","Highlight Path","Minty Spire (QoL Compilation)","StSLib","SuperFastMode"],"gold_per_floor":[111,129,129,69,88,114,114,134,207,219,219,219],"floor_reached":11,"language":"ENG","playtime":283,"items_purged":[],"score":116,"play_id":"5cad2e08-4bf9-414a-a4be-ae79388205a4","local_time":"20210214211943","is_ascension_mode":true,"campfire_choices":[{"floor":7,"key":"REST"}],"circlet_count":0,"master_deck":["AscendersBane","Strike_B","Strike_B","Strike_B","Defend_B","Defend_B","Defend_B","Defend_B","Zap","Dualcast","Fission"],"relics":["Cracked Core","NeowsBlessing","Shovel","Pen Nib","Mummified Hand"],"acts_visited":["Exordium"],"potions_floor_usage":[],"damage_taken":[{"damage":0,"enemies":"Cultist","floor":1,"turns":1},{"damage":0,"enemies":"Small Slimes","floor":2,"turns":2},{"damage":0,"enemies":"2 Louse","floor":5,"turns":1},{"damage":49,"enemies":"Lagavulin","floor":6,"turns":8},{"damage":4,"enemies":"Red Slaver","floor":8,"turns":5},{"damage":28,"enemies":"3 Louse","floor":10,"turns":4},{"damage":30,"enemies":"3 Sentries","floor":11,"turns":4}],"seed_played":"-5388476780143318060","potions_obtained":[{"floor":1,"key":"FairyPotion"},{"floor":5,"key":"FearPotion"}],"is_trial":false,"path_per_floor":["M","M","?","?","M","E","R","M","T","M","E"],"character_chosen":"DEFECT","items_purchased":[],"campfire_rested":1,"item_purchase_floors":[],"current_hp_per_floor":[68,68,61,61,61,12,34,30,30,2,0,0],"gold":219,"neow_bonus":"THREE_ENEMY_KILL","is_daily":false,"chose_seed":false,"campfire_upgraded":0,"win_rate":0.0,"timestamp":1613355583,"path_taken":["M","?","?","?","M","E","R","M","T","?","E"],"items_purchased_type":[],"build_version":"2020-12-22","purchased_purges":0,"victory":false,"max_hp_per_floor":[75,75,75,75,75,75,75,75,75,75,75,75],"card_choices":[{"not_picked":["BootSequence","FTL","Beam Cell"],"picked":"SKIP","floor":1},{"not_picked":["Blizzard","Steam Power","Undo"],"picked":"SKIP","floor":2},{"not_picked":["Blizzard","Redo","Sweeping Beam"],"picked":"SKIP","floor":5},{"not_picked":["Sunder","Recycle","Steam"],"picked":"SKIP","floor":6},{"not_picked":["Stack","Streamline"],"picked":"Fission","floor":8},{"not_picked":["Beam Cell","Turbo","Rebound"],"picked":"SKIP","floor":10}],"player_experience":310456,"relics_obtained":[{"floor":6,"key":"Pen Nib"},{"floor":9,"key":"Mummified Hand"}],"event_choices":[{"cards_removed":["Strike_B"],"damage_healed":0,"gold_gain":0,"player_choice":"Card Removal","damage_taken":7,"max_hp_gain":0,"max_hp_loss":0,"event_name":"Golden Wing","floor":3,"gold_loss":0},{"damage_healed":0,"gold_gain":0,"player_choice":"Paid Gold","damage_taken":0,"relics_obtained":["Shovel"],"max_hp_gain":0,"max_hp_loss":0,"event_name":"WeMeetAgain","floor":4,"gold_loss":60}],"is_beta":false,"boss_relics":[],"items_purged_floors":[],"is_endless":false,"potions_floor_spawned":[1,5,10],"killed_by":"3 Sentries","ascension_level":11}}