{"host":"0a4nlh1ehg6g254n","time":1613410790,"event":{"mods":["Aspiration","BaseMod","Colored Map","Colored Powertips","Downfall","Friendly Minions","Hermit","Infinite Spire","Marisa????????","Minty Spire (QoL Compilation)","Replay The Spire","StSLib","The Cursed"],"gold_per_floor":[99,118,129,2,13,13,39,39,39,139,29,29,29,42,57,57,57,57],"floor_reached":16,"language":"SPA","playtime":1308,"items_purged":[],"score":90,"play_id":"1a762d64-e382-4fe8-9bc0-c84d86ce91e7","local_time":"20210215143950","is_ascension_mode":false,"campfire_choices":[{"floor":1,"key":"RECALL"},{"data":"Slimebound:GoopSpray","floor":9,"key":"SMITH"},{"floor":12,"key":"REST"}],"circlet_count":0,"master_deck":["Slimebound:Strike_Slimebound","Slimebound:Strike_Slimebound","Slimebound:Tackle","Slimebound:Defend_Slimebound","Slimebound:Defend_Slimebound","Slimebound:Defend_Slimebound","Slimebound:Defend_Slimebound","Slimebound:Split","Slimebound:CorrosiveSpit","Slimebound:SlimeBarrage","Slimebound:GoopTackle","Slimebound:Schlurp","Slimebound:GoopSpray+1","Slimebound:SlimeBarrage","Slimebound:LeechingTouch","Slimebound:RallyTheTroops","Slimebound:LeechingTouch","Slimebound:FlameTackle","Slimebound:SamplingLick","Slimebound:Equalize","Slimebound:ProtectTheBoss"],"relics":["infinitespire:Lucky Rock","downfall:BrokenWingStatue","m_SlimeRing"],"acts_visited":["Exordium"],"potions_floor_usage":[15,16],"damage_taken":[{"damage":7,"enemies":"Jaw Worm","floor":2,"turns":6},{"damage":5,"enemies":"Small Slimes","floor":3,"turns":4},{"damage":6,"enemies":"downfall:FleeingMerchant","floor":4,"turns":4},{"damage":3,"enemies":"2 Louse","floor":5,"turns":2},{"damage":46,"enemies":"downfall:Heads","floor":10,"turns":10},{"damage":11,"enemies":"downfall:FleeingMerchant","floor":11,"turns":4},{"damage":11,"enemies":"Blue Slaver","floor":14,"turns":5},{"damage":6,"enemies":"2 Fungi Beasts","floor":15,"turns":3},{"damage":32,"enemies":"SI_SHIV_ARCHETYPE","floor":16,"turns":5}],"seed_played":"989672290742535509","potions_obtained":[{"floor":14,"key":"Block Potion"},{"floor":15,"key":"sneckomod:MuddlingPotion"}],"is_trial":false,"path_per_floor":["R_BF","M","M","$","M","?","T","?","R","?","$","R","?","M","M","B"],"character_chosen":"SLIMEBOUND","items_purchased":["Slimebound:GoopSpray","Slimebound:SlimeBarrage","Slimebound:FlameTackle","Slimebound:SamplingLick"],"campfire_rested":1,"item_purchase_floors":[4,4,11,11],"current_hp_per_floor":[71,71,68,68,67,67,67,67,67,29,20,41,41,30,28,0,0,0],"gold":57,"neow_bonus":"TEN_PERCENT_HP_BONUS","is_daily":false,"chose_seed":false,"campfire_upgraded":1,"win_rate":0.0,"timestamp":1613410790,"path_taken":["R_BF","M","M","$","M","?","T","?","R","?","$","R","?","M","M","BOSS"],"items_purchased_type":["Card","Card","Card","Card"],"build_version":"2020-12-22","purchased_purges":0,"victory":false,"max_hp_per_floor":[71,71,71,71,71,71,71,71,71,71,71,71,71,71,71,71,71,71],"card_choices":[{"not_picked":["Slimebound:HauntingLick","Slimebound:SamplingLick"],"picked":"Slimebound:SlimeBarrage","floor":2},{"not_picked":["Slimebound:SlimeTap","Slimebound:DisruptingSlam"],"picked":"Slimebound:GoopTackle","floor":3},{"not_picked":["Slimebound:SlimeBrawl","Slimebound:LeechingTouch"],"picked":"Slimebound:Schlurp","floor":4},{"not_picked":["Slimebound:FinishingTackle","Slimebound:SamplingLick"],"picked":"Slimebound:LeechingTouch","floor":5},{"not_picked":["Slimebound:DisruptingSlam","Slimebound:SlimeSpikes"],"picked":"Slimebound:RallyTheTroops","floor":10},{"not_picked":["Slimebound:SpikyOuterGoop","Slimebound:FlameTackle"],"picked":"Slimebound:LeechingTouch","floor":11},{"not_picked":["Slimebound:SlimeBarrage","Endless Agony"],"picked":"Slimebound:Equalize","floor":14},{"not_picked":["Slimebound:Prepare","Slimebound:PressTheAttack"],"picked":"Slimebound:ProtectTheBoss","floor":15}],"player_experience":31387,"relics_obtained":[{"floor":7,"key":"infinitespire:Lucky Rock"}],"event_choices":[],"is_beta":false,"boss_relics":[],"items_purged_floors":[],"is_endless":false,"potions_floor_spawned":[14,15],"killed_by":"SI_SHIV_ARCHETYPE","ascension_level":0}}