{"host":"b5mzvrq4aqyf54kp","time":1613417713,"event":{"mods":["BaseMod","Minty Spire (QoL Compilation)","Relic Stats"],"gold_per_floor":[113,123,136,117,117,142,142,142,142,162,188,206,206,223,223,327,327,341,121,121,121,141,175,35,35,58,95,132,158,183,216,216,317,326,346,375,74,103,103,138,179,206,257,282,316,316,342,342,342,342,342,342,122,149,149],"floor_reached":56,"language":"ENG","playtime":6906,"items_purged":["Strike_R","Strike_R"],"score":2017,"play_id":"d454d181-af2b-493c-a8e3-2a01ad04c5c3","local_time":"20210215213513","is_ascension_mode":true,"campfire_choices":[{"data":"True Grit","floor":8,"key":"SMITH"},{"data":"Uppercut","floor":13,"key":"SMITH"},{"data":"Thunderclap","floor":15,"key":"SMITH"},{"data":"Feed","floor":25,"key":"SMITH"},{"data":"Exhume","floor":32,"key":"SMITH"},{"floor":46,"key":"RECALL"},{"data":"Demon Form","floor":49,"key":"SMITH"},{"data":"Disarm","floor":52,"key":"SMITH"}],"circlet_count":0,"master_deck":["Strike_R","Defend_R","Defend_R","Defend_R","Bash","Demon Form+1","Uppercut+1","Spot Weakness","True Grit+1","Dropkick","Cleave","Anger","Shrug It Off","Thunderclap+1","Impervious","Twin Strike+1","Flame Barrier","Sword Boomerang+1","Shrug It Off+1","Feed+1","Brutality+1","Battle Trance","Pommel Strike+1","Exhume+1","Combust+1","CurseOfTheBell","Flame Barrier+1","Warcry+1","Disarm+1","Warcry+1","Heavy Blade+1","Armaments+1","Impervious","Reaper"],"relics":["Burning Blood","Champion Belt","TungstenRod","Prayer Wheel","Coffee Dripper","Sling","Frozen Egg 2","Meat on the Bone","CeramicFish","Lantern","Sundial","Calling Bell","Anchor","Mummified Hand","WingedGreaves","Torii","Bag of Preparation","Happy Flower","Singing Bowl","Omamori","Pen Nib","Bronze Scales"],"acts_visited":["Exordium","TheCity","TheBeyond","TheEnding"],"potions_floor_usage":[6,6,6,11,16,23,31,31,40,47,55,55],"damage_taken":[{"damage":8,"enemies":"Jaw Worm","floor":1,"turns":5},{"damage":1,"enemies":"Cultist","floor":2,"turns":3},{"damage":11,"enemies":"Small Slimes","floor":3,"turns":6},{"damage":12,"enemies":"Exordium Thugs","floor":4,"turns":5},{"damage":9,"enemies":"Gremlin Nob","floor":6,"turns":4},{"damage":8,"enemies":"Blue Slaver","floor":10,"turns":2},{"damage":4,"enemies":"Lagavulin","floor":11,"turns":7},{"damage":2,"enemies":"Looter","floor":12,"turns":4},{"damage":1,"enemies":"Large Slime","floor":14,"turns":6},{"damage":10,"enemies":"Slime Boss","floor":16,"turns":7},{"damage":4,"enemies":"Shell Parasite","floor":18,"turns":6},{"damage":1,"enemies":"Chosen","floor":22,"turns":4},{"damage":16,"enemies":"Slavers","floor":23,"turns":5},{"damage":23,"enemies":"Gremlin Leader","floor":27,"turns":8},{"damage":1,"enemies":"Shelled Parasite and Fungi","floor":28,"turns":5},{"damage":6,"enemies":"Sentry and Sphere","floor":29,"turns":5},{"damage":6,"enemies":"Snake Plant","floor":30,"turns":6},{"damage":0,"enemies":"Slavers","floor":31,"turns":5},{"damage":38,"enemies":"Champ","floor":33,"turns":8},{"damage":3,"enemies":"3 Shapes","floor":35,"turns":6},{"damage":0,"enemies":"Orb Walker","floor":36,"turns":3},{"damage":7,"enemies":"3 Darklings","floor":38,"turns":4},{"damage":0,"enemies":"Reptomancer","floor":40,"turns":6},{"damage":0,"enemies":"Giant Head","floor":41,"turns":6},{"damage":14,"enemies":"Nemesis","floor":42,"turns":7},{"damage":0,"enemies":"Transient","floor":44,"turns":5},{"damage":0,"enemies":"Giant Head","floor":45,"turns":7},{"damage":27,"enemies":"Reptomancer","floor":47,"turns":5},{"damage":35,"enemies":"Awakened One","floor":50,"turns":9},{"damage":27,"enemies":"Shield and Spear","floor":54,"turns":8},{"damage":30,"enemies":"The Heart","floor":55,"turns":8}],"seed_played":"5032749424484489351","potions_obtained":[{"floor":1,"key":"Block Potion"},{"floor":3,"key":"EntropicBrew"},{"floor":11,"key":"Weak Potion"},{"floor":12,"key":"LiquidBronze"},{"floor":14,"key":"AttackPotion"},{"floor":16,"key":"HeartOfIron"},{"floor":27,"key":"Energy Potion"},{"floor":29,"key":"PowerPotion"},{"floor":30,"key":"SkillPotion"},{"floor":31,"key":"GamblersBrew"},{"floor":35,"key":"Block Potion"},{"floor":42,"key":"Block Potion"}],"is_trial":false,"path_per_floor":["M","M","M","M","?","E","?","R","T","M","E","M","R","M","R","B",null,"M","$","?","?","M","E","$","R","T","E","M","M","M","E","R","B",null,"M","M","$","M","?","E","E","E","T","M","E","R","E","?","R","B",null,"R","$","E","B",null],"character_chosen":"IRONCLAD","items_purchased":["Sling","Feed","Torii","ColorlessPotion","Reaper"],"campfire_rested":0,"item_purchase_floors":[19,24,37,53,53],"current_hp_per_floor":[70,75,70,64,57,54,54,54,54,52,54,58,58,63,63,59,75,77,77,77,77,80,70,70,70,70,57,66,70,74,84,84,68,95,106,116,116,119,119,120,124,118,118,126,128,128,109,130,130,105,127,127,127,140,116],"gold":149,"neow_bonus":"ONE_RANDOM_RARE_CARD","is_daily":false,"chose_seed":false,"campfire_upgraded":7,"win_rate":0.0,"timestamp":1613417713,"path_taken":["M","M","M","M","?","E","?","R","T","M","E","M","R","M","R","BOSS","M","$","?","?","M","E","$","R","T","E","M","M","M","E","R","BOSS","M","M","$","M","?","E","E","E","T","M","E","R","E","?","R","BOSS","R","$","E","BOSS"],"items_purchased_type":["Relic","Card","Relic","Potion","Card"],"build_version":"2020-12-22","purchased_purges":2,"victory":true,"max_hp_per_floor":[80,80,80,80,80,80,80,80,80,80,80,80,80,80,80,80,80,80,80,80,80,80,80,80,80,80,84,88,92,96,100,100,104,104,112,116,116,120,120,120,124,126,126,128,128,128,130,130,130,134,134,134,134,140,140],"relic_stats":{"Torii":76,"Happy Flower":[16],"Singing Bowl":8,"counters":[31,175],"CeramicFish":126,"Pen Nib":[4],"Bag of Preparation":[16],"Burning Blood":163,"Sundial":[10],"Mummified Hand":[42],"Bronze Scales":[96],"Prayer Wheel":11,"Champion Belt":[84],"obtain_stats":[{"Lantern":27,"Torii":37,"Happy Flower":41,"Singing Bowl":42,"CeramicFish":26,"Pen Nib":47,"Bag of Preparation":40,"Omamori":45,"Frozen Egg 2":21,"Sling":19,"Burning Blood":0,"Calling Bell":34,"Anchor":34,"Sundial":31,"Mummified Hand":34,"Bronze Scales":54,"Prayer Wheel":11,"WingedGreaves":34,"Coffee Dripper":17,"Champion Belt":6,"TungstenRod":9,"Meat on the Bone":23},{"Lantern":14,"Torii":21,"Happy Flower":24,"Singing Bowl":25,"CeramicFish":13,"Pen Nib":28,"Bag of Preparation":23,"Omamori":27,"Frozen Egg 2":11,"Sling":11,"Burning Blood":0,"Calling Bell":19,"Anchor":19,"Sundial":18,"Mummified Hand":19,"Bronze Scales":30,"Prayer Wheel":7,"WingedGreaves":19,"Coffee Dripper":10,"Champion Belt":5,"TungstenRod":5,"Meat on the Bone":13},{"Lantern":72,"Torii":110,"Happy Flower":126,"Singing Bowl":133,"CeramicFish":64,"Pen Nib":150,"Bag of Preparation":120,"Omamori":145,"Frozen Egg 2":55,"Sling":55,"Burning Blood":0,"Calling Bell":101,"Anchor":101,"Sundial":93,"Mummified Hand":101,"Bronze Scales":167,"Prayer Wheel":32,"WingedGreaves":101,"Coffee Dripper":49,"Champion Belt":23,"TungstenRod":23,"Meat on the Bone":64}],"TungstenRod":231,"Meat on the Bone":12},"card_choices":[{"not_picked":["Metallicize","Seeing Red"],"picked":"Uppercut","floor":1},{"not_picked":["Entrench","Pommel Strike"],"picked":"Spot Weakness","floor":2},{"not_picked":["Clothesline","Dual Wield"],"picked":"True Grit","floor":3},{"not_picked":["Combust","Feel No Pain"],"picked":"Dropkick","floor":4},{"not_picked":["Hemokinesis","True Grit","Havoc"],"picked":"SKIP","floor":6},{"not_picked":["Metallicize","Shrug It Off"],"picked":"Cleave","floor":10},{"not_picked":["Iron Wave","Barricade"],"picked":"Anger","floor":11},{"not_picked":["Perfected Strike","True Grit"],"picked":"Shrug It Off","floor":12},{"not_picked":["Iron Wave","Intimidate","Combust"],"picked":"SKIP","floor":12},{"not_picked":["Pommel Strike","Sentinel"],"picked":"Thunderclap","floor":14},{"not_picked":["Whirlwind","Uppercut","Combust"],"picked":"SKIP","floor":14},{"not_picked":["Demon Form","Immolate"],"picked":"Impervious","floor":16},{"not_picked":["Perfected Strike","Fire Breathing+1"],"picked":"Twin Strike+1","floor":18},{"not_picked":["Havoc","Entrench","Pummel+1"],"picked":"SKIP","floor":18},{"not_picked":["Warcry","Demon Form+1"],"picked":"Sword Boomerang+1","floor":22},{"not_picked":["Clothesline","Carnage","Sever Soul"],"picked":"SKIP","floor":22},{"not_picked":["Intimidate","Feel No Pain+1"],"picked":"Shrug It Off+1","floor":23},{"not_picked":["Clothesline","Sword Boomerang"],"picked":"Brutality+1","floor":27},{"not_picked":["Anger","Twin Strike"],"picked":"Battle Trance","floor":28},{"not_picked":["Cleave","Shrug It Off"],"picked":"Pommel Strike+1","floor":28},{"not_picked":["Battle Trance","Armaments"],"picked":"Exhume","floor":29},{"not_picked":["Havoc","Dark Embrace+1","Flex"],"picked":"SKIP","floor":29},{"not_picked":["Immolate","Warcry+1"],"picked":"Combust+1","floor":30},{"not_picked":["Sword Boomerang+1","Ghostly Armor","Flex"],"picked":"SKIP","floor":30},{"not_picked":["Cleave","Shrug It Off+1","Sentinel"],"picked":"SKIP","floor":31},{"not_picked":["Second Wind","Twin Strike"],"picked":"Flame Barrier+1","floor":35},{"not_picked":["Flex+1","Havoc+1","True Grit"],"picked":"SKIP","floor":35},{"not_picked":["Juggernaut+1","Spot Weakness+1"],"picked":"Warcry+1","floor":36},{"not_picked":["Sword Boomerang+1","Feel No Pain+1","Blood for Blood"],"picked":"SKIP","floor":36},{"not_picked":["Combust+1","Clash+1"],"picked":"Disarm","floor":38},{"not_picked":["Iron Wave+1","Flex","Shockwave"],"picked":"SKIP","floor":38},{"not_picked":["Flex","Heavy Blade"],"picked":"Warcry+1","floor":40},{"not_picked":["Clash+1","Immolate"],"picked":"Heavy Blade+1","floor":41},{"not_picked":["Cleave","Sentinel","Shockwave+1"],"picked":"Singing Bowl","floor":42},{"not_picked":["Rupture+1","Dark Embrace+1","Thunderclap+1"],"picked":"Singing Bowl","floor":44},{"not_picked":["Clothesline+1","Body Slam"],"picked":"Armaments+1","floor":44},{"not_picked":["Havoc","Thunderclap"],"picked":"Impervious","floor":45},{"not_picked":["Infernal Blade","Warcry+1","Pommel Strike"],"picked":"Singing Bowl","floor":47},{"not_picked":["Intimidate","Flame Barrier","Rampage"],"picked":"Singing Bowl","floor":54}],"player_experience":399561,"relics_obtained":[{"floor":6,"key":"Champion Belt"},{"floor":9,"key":"TungstenRod"},{"floor":11,"key":"Prayer Wheel"},{"floor":23,"key":"Meat on the Bone"},{"floor":26,"key":"CeramicFish"},{"floor":27,"key":"Lantern"},{"floor":31,"key":"Sundial"},{"floor":34,"key":"Anchor"},{"floor":34,"key":"Mummified Hand"},{"floor":34,"key":"WingedGreaves"},{"floor":40,"key":"Bag of Preparation"},{"floor":41,"key":"Happy Flower"},{"floor":42,"key":"Singing Bowl"},{"floor":45,"key":"Omamori"},{"floor":47,"key":"Pen Nib"},{"floor":54,"key":"Bronze Scales"}],"event_choices":[{"cards_removed":["Strike_R"],"damage_healed":0,"gold_gain":0,"player_choice":"Card Removal","damage_taken":7,"max_hp_gain":0,"max_hp_loss":0,"event_name":"Golden Wing","floor":5,"gold_loss":0},{"cards_removed":["Strike_R"],"damage_healed":0,"gold_gain":0,"player_choice":"Offered Basic","damage_taken":0,"max_hp_gain":0,"max_hp_loss":0,"event_name":"Bonfire Elementals","floor":7,"gold_loss":0},{"damage_healed":0,"gold_gain":0,"player_choice":"Read","damage_taken":0,"max_hp_gain":0,"max_hp_loss":0,"event_name":"The Library","floor":20,"gold_loss":0,"cards_obtained":["Flame Barrier"]},{"damage_healed":0,"gold_gain":0,"player_choice":"Gave Potion","damage_taken":0,"relics_obtained":["Frozen Egg 2"],"max_hp_gain":0,"max_hp_loss":0,"event_name":"WeMeetAgain","floor":21,"gold_loss":0},{"cards_removed":["Defend_R"],"damage_healed":0,"gold_gain":0,"player_choice":"Removed Skill","damage_taken":0,"max_hp_gain":0,"max_hp_loss":0,"event_name":"Falling","floor":39,"gold_loss":0},{"damage_healed":33,"gold_gain":0,"player_choice":"Writhe","damage_taken":0,"max_hp_gain":0,"max_hp_loss":0,"event_name":"Winding Halls","floor":48,"gold_loss":0,"cards_obtained":["Writhe"]}],"is_beta":false,"boss_relics":[{"not_picked":["Runic Dome","Philosopher\u0027s Stone"],"picked":"Coffee Dripper"},{"not_picked":["Mark of Pain","Fusion Hammer"],"picked":"Calling Bell"}],"items_purged_floors":[19,53],"is_endless":false,"potions_floor_spawned":[1,3,11,12,14,16,27,29,30,31,35,42,44],"ascension_level":9}}