{"host":"su4bqgzf8ryjohfr","time":1613418586,"event":{"mods":["BaseMod","Minty Spire (QoL Compilation)"],"gold_per_floor":[111,122,139,155,155,155,182,182,182,182,182,1238,1255,1282,1282,1378,1378,1393,1412,647,657,657,685,700,700,700,700,727,1808,1828,1856,1856,1959,1959,1971,1989,2000,2000,2014,2044,1301,1331,1357,1357,846,846,861,875,875,875,875,875,323,348,348],"floor_reached":56,"language":"ENG","playtime":5905,"items_purged":["Strike_B","Strike_B","Defend_B","Strike_B","Regret","All For One"],"score":1530,"play_id":"427fb255-f561-4021-ab36-771c45c67593","local_time":"20210215144946","is_ascension_mode":true,"campfire_choices":[{"data":"Coolheaded","floor":6,"key":"SMITH"},{"data":"Defragment","floor":8,"key":"SMITH"},{"data":"Glacier","floor":11,"key":"SMITH"},{"data":"Compile Driver","floor":15,"key":"SMITH"},{"data":"Electrodynamics","floor":25,"key":"SMITH"},{"data":"Stack","floor":27,"key":"SMITH"},{"data":"Conserve Battery","floor":32,"key":"SMITH"},{"floor":46,"key":"RECALL"},{"data":"Echo Form","floor":49,"key":"SMITH"},{"data":"Creative AI","floor":52,"key":"SMITH"}],"circlet_count":0,"master_deck":["Defend_B+1","Defend_B","Defend_B","Zap","Dualcast","Glacier+1","Coolheaded+1","Barrage","Defragment+1","Sweeping Beam+1","Shame","Stack+1","Coolheaded+1","Rip and Tear","Hologram+1","Compile Driver+1","Reboot","Recycle","Compile Driver","Capacitor","Melter","Streamline","Go for the Eyes","Electrodynamics+1","Shame","Heatsinks","Meteor Strike","Conserve Battery+1","Heatsinks+1","Loop","Creative AI+1","Cold Snap","Conserve Battery+1","Echo Form+1","Loop+1","Hologram+1","Stack+1","Hello World+1","Steam Power+1"],"relics":["Cursed Key","Pen Nib","Gremlin Horn","Strange Spoon","HornCleat","FossilizedHelix","Odd Mushroom","Inserter","Mango","Toy Ornithopter","Ice Cream","Tiny Chest","TheAbacus","Oddly Smooth Stone","StoneCalendar","WingedGreaves","Black Star","Bottled Tornado","Toxic Egg 2","Toolbox","Centennial Puzzle","PreservedInsect","Mercury Hourglass","War Paint","Regal Pillow","Membership Card","MealTicket","Pantograph","Sling","Bottled Flame","Lizard Tail","Blood Vial","Mummified Hand"],"acts_visited":["Exordium","TheCity","TheBeyond","TheEnding"],"potions_floor_usage":[21,21,33,33,35,37,42,42,42,48,50,54,54],"damage_taken":[{"damage":2,"enemies":"2 Louse","floor":1,"turns":3},{"damage":0,"enemies":"Jaw Worm","floor":2,"turns":3},{"damage":2,"enemies":"Cultist","floor":3,"turns":5},{"damage":0,"enemies":"3 Louse","floor":4,"turns":3},{"damage":13,"enemies":"3 Sentries","floor":7,"turns":12},{"damage":0,"enemies":"Large Slime","floor":13,"turns":5},{"damage":0,"enemies":"The Mushroom Lair","floor":14,"turns":3},{"damage":5,"enemies":"Hexaghost","floor":16,"turns":15},{"damage":0,"enemies":"Chosen","floor":18,"turns":6},{"damage":5,"enemies":"3 Byrds","floor":19,"turns":6},{"damage":17,"enemies":"Cultist and Chosen","floor":21,"turns":8},{"damage":42,"enemies":"Slavers","floor":23,"turns":7},{"damage":0,"enemies":"Sentry and Sphere","floor":24,"turns":2},{"damage":17,"enemies":"Gremlin Leader","floor":28,"turns":4},{"damage":0,"enemies":"Snecko","floor":30,"turns":3},{"damage":15,"enemies":"Book of Stabbing","floor":31,"turns":7},{"damage":11,"enemies":"Champ","floor":33,"turns":12},{"damage":11,"enemies":"3 Shapes","floor":35,"turns":4},{"damage":2,"enemies":"Orb Walker","floor":36,"turns":5},{"damage":7,"enemies":"Sphere and 2 Shapes","floor":37,"turns":6},{"damage":41,"enemies":"4 Shapes","floor":39,"turns":6},{"damage":13,"enemies":"Nemesis","floor":40,"turns":9},{"damage":6,"enemies":"Reptomancer","floor":42,"turns":6},{"damage":8,"enemies":"Transient","floor":47,"turns":5},{"damage":2,"enemies":"Jaw Worm Horde","floor":48,"turns":7},{"damage":12,"enemies":"Time Eater","floor":50,"turns":12},{"damage":114,"enemies":"Shield and Spear","floor":54,"turns":7},{"damage":16,"enemies":"The Heart","floor":55,"turns":12}],"seed_played":"-3960755488333118151","potions_obtained":[{"floor":1,"key":"DistilledChaos"},{"floor":3,"key":"EssenceOfDarkness"},{"floor":7,"key":"CultistPotion"},{"floor":22,"key":"BlessingOfTheForge"},{"floor":22,"key":"Swift Potion"},{"floor":33,"key":"LiquidBronze"},{"floor":35,"key":"Dexterity Potion"}],"is_trial":false,"path_per_floor":["M","M","M","M","?","R","E","R","T","?","R","$","M","?","R","B",null,"M","M","$","M","?","E","M","R","T","R","E","$","M","E","R","B",null,"M","M","M","?","M","E","$","E","T","?","$","R","M","M","R","B",null,"R","$","E","B",null],"character_chosen":"DEFECT","items_purchased":["Strange Spoon","HornCleat","FossilizedHelix","Stack","Coolheaded","Rip and Tear","Mango","Toy Ornithopter","Capacitor","Melter","EssenceOfSteel","TheAbacus","Oddly Smooth Stone","StoneCalendar","Meteor Strike","Conserve Battery","Toolbox","Centennial Puzzle","PreservedInsect","Stack+1","Regen Potion","Fire Potion","Membership Card","MealTicket","Pantograph","PowerPotion","FocusPotion","Dexterity Potion","Sling","Bottled Flame","Lizard Tail","LiquidBronze","Energy Potion","Steam Power+1"],"campfire_rested":0,"item_purchase_floors":[12,12,12,12,12,12,20,20,20,20,20,29,29,29,29,29,41,41,41,41,41,41,45,45,45,45,45,45,53,53,53,53,53,53],"current_hp_per_floor":[73,73,71,71,71,71,58,58,58,43,43,43,43,43,43,38,75,75,70,84,72,72,30,30,30,30,30,89,89,89,74,74,73,89,83,81,79,79,38,25,25,49,49,49,49,49,41,44,44,62,85,85,85,29,40],"gold":348,"neow_bonus":"BOSS_RELIC","is_daily":false,"chose_seed":false,"campfire_upgraded":9,"win_rate":0.0,"timestamp":1613418586,"path_taken":["M","M","M","M","?","R","E","R","T","?","R","$","M","?","R","BOSS","M","M","$","M","?","E","?","R","T","R","E","$","M","E","R","BOSS","M","M","M","?","M","E","$","E","T","?","$","R","?","M","R","BOSS","R","$","E","BOSS"],"items_purchased_type":["Relic","Relic","Relic","Card","Card","Card","Relic","Relic","Card","Card","Potion","Relic","Relic","Relic","Card","Card","Relic","Relic","Relic","Card","Potion","Potion","Relic","Relic","Relic","Potion","Potion","Potion","Relic","Relic","Relic","Potion","Potion","Card"],"build_version":"2020-12-22","purchased_purges":6,"victory":true,"max_hp_per_floor":[75,75,75,75,75,75,75,75,75,75,75,75,75,75,75,75,75,75,75,89,89,89,89,89,89,89,89,89,89,89,89,89,89,89,89,89,89,85,85,85,85,85,85,85,85,85,85,85,85,85,85,85,85,85,85],"card_choices":[{"not_picked":["Sweeping Beam","Skim"],"picked":"Glacier","floor":1},{"not_picked":["Rebound","Streamline"],"picked":"Coolheaded","floor":2},{"not_picked":["Beam Cell","Hello World"],"picked":"Barrage","floor":3},{"not_picked":["Rip and Tear","Redo"],"picked":"Defragment","floor":4},{"not_picked":["Hyperbeam","Redo"],"picked":"Sweeping Beam","floor":7},{"not_picked":["Barrage","Gash"],"picked":"Hologram","floor":13},{"not_picked":["Recycle","Melter"],"picked":"Compile Driver","floor":14},{"not_picked":["All For One","Meteor Strike"],"picked":"Reboot","floor":16},{"not_picked":["Leap","Steam Power"],"picked":"Recycle","floor":18},{"not_picked":["Ball Lightning","Barrage"],"picked":"Compile Driver","floor":19},{"not_picked":["Hologram","Leap"],"picked":"Streamline","floor":21},{"not_picked":["Streamline","Beam Cell"],"picked":"Go for the Eyes","floor":23},{"not_picked":["Loop+1","Barrage+1"],"picked":"Electrodynamics","floor":24},{"not_picked":["Lockon+1","Cold Snap"],"picked":"Heatsinks","floor":28},{"not_picked":["Barrage","Go for the Eyes"],"picked":"Heatsinks+1","floor":30},{"not_picked":["Aggregate","Cold Snap"],"picked":"Loop","floor":31},{"not_picked":["Rainbow","Thunder Strike"],"picked":"Creative AI","floor":33},{"not_picked":["Redo","Streamline"],"picked":"Cold Snap","floor":35},{"not_picked":["Cold Snap","Barrage+1"],"picked":"Conserve Battery+1","floor":36},{"not_picked":["Gash","Cold Snap+1"],"picked":"Echo Form","floor":37},{"not_picked":["Leap","Hologram"],"picked":"Loop+1","floor":39},{"not_picked":["Barrage","Recycle+1"],"picked":"Hologram+1","floor":40},{"not_picked":["Hologram+1","Fission+1","Sweeping Beam"],"picked":"SKIP","floor":42},{"not_picked":["Ball Lightning+1","Tempest+1"],"picked":"Hello World+1","floor":47},{"not_picked":["Beam Cell+1","Self Repair","Streamline"],"picked":"SKIP","floor":48},{"not_picked":["Cold Snap","Steam+1","Static Discharge+1"],"picked":"SKIP","floor":54}],"player_experience":76136,"relics_obtained":[{"floor":7,"key":"Pen Nib"},{"floor":9,"key":"Gremlin Horn"},{"floor":14,"key":"Odd Mushroom"},{"floor":23,"key":"Ice Cream"},{"floor":28,"key":"Tiny Chest"},{"floor":31,"key":"WingedGreaves"},{"floor":40,"key":"Bottled Tornado"},{"floor":40,"key":"Toxic Egg 2"},{"floor":42,"key":"Mercury Hourglass"},{"floor":42,"key":"War Paint"},{"floor":43,"key":"Regal Pillow"},{"floor":54,"key":"Blood Vial"},{"floor":54,"key":"Mummified Hand"}],"event_choices":[{"damage_healed":0,"gold_gain":0,"player_choice":"Ignored","damage_taken":0,"max_hp_gain":0,"max_hp_loss":0,"event_name":"Liars Game","floor":5,"gold_loss":0},{"damage_healed":0,"gold_gain":0,"player_choice":"Entered Light","damage_taken":15,"max_hp_gain":0,"max_hp_loss":0,"event_name":"Shining Light","floor":10,"gold_loss":0,"cards_upgraded":["Defend_B","Sweeping Beam"]},{"damage_healed":0,"gold_gain":0,"player_choice":"Fought Mushrooms","damage_taken":0,"max_hp_gain":0,"max_hp_loss":0,"event_name":"Mushrooms","floor":14,"gold_loss":0},{"damage_healed":0,"gold_gain":0,"player_choice":"Got Potions","damage_taken":0,"max_hp_gain":0,"max_hp_loss":0,"event_name":"Lab","floor":22,"gold_loss":0},{"damage_healed":0,"gold_gain":0,"player_choice":"Max HP","damage_taken":0,"max_hp_gain":0,"max_hp_loss":4,"event_name":"Winding Halls","floor":38,"gold_loss":0},{"damage_healed":0,"gold_gain":0,"cards_transformed":["Strike_B"],"player_choice":"Transformed","damage_taken":0,"max_hp_gain":0,"max_hp_loss":0,"event_name":"Transmorgrifier","floor":44,"gold_loss":0,"cards_obtained":["All For One"]}],"is_beta":false,"boss_relics":[{"not_picked":["Philosopher\u0027s Stone","SacredBark"],"picked":"Inserter"},{"not_picked":["Coffee Dripper","Runic Dome"],"picked":"Black Star"}],"items_purged_floors":[12,20,29,41,45,53],"is_endless":false,"potions_floor_spawned":[1,3,7,13,14,19,24,33,35,47],"ascension_level":4}}