{"host":"d52brwsy6af8zvaq","time":1613424620,"event":{"mods":["AchievementEnabler","BaseMod","Bestiary","Highlight Path","Minty Spire (QoL Compilation)","Quick Restart","Relic Stats","ojb\u0027s Better Paths Mod"],"gold_per_floor":[112,112,129,141,60,89,54,54,54,54,54],"floor_reached":10,"language":"ENG","playtime":413,"items_purged":[],"score":132,"play_id":"17da5089-e1a6-4979-bd39-1542a8efcebb","local_time":"20210215143020","is_ascension_mode":true,"campfire_choices":[{"data":"Sunder","floor":8,"key":"SMITH"}],"circlet_count":0,"master_deck":["AscendersBane","Strike_B","Strike_B","Strike_B","Strike_B","Defend_B","Defend_B","Defend_B","Defend_B","Zap","Dualcast","Gash","Gash","Tempest","Gash","Sunder+1","BootSequence"],"relics":["Cracked Core","Du-Vu Doll","StrikeDummy"],"acts_visited":[],"potions_floor_usage":[],"damage_taken":[{"damage":9,"enemies":"Jaw Worm","floor":1,"turns":4},{"damage":0,"enemies":"2 Louse","floor":3,"turns":2},{"damage":7,"enemies":"Small Slimes","floor":4,"turns":3},{"damage":30,"enemies":"3 Sentries","floor":6,"turns":6},{"damage":36,"enemies":"Gremlin Nob","floor":10,"turns":3}],"seed_played":"5048627124452462197","potions_obtained":[{"floor":4,"key":"Ancient Potion"}],"is_trial":false,"path_per_floor":["M","?","M","M","$","E","?","R","T","E"],"character_chosen":"DEFECT","items_purchased":["Sunder"],"campfire_rested":0,"item_purchase_floors":[5],"current_hp_per_floor":[55,55,55,48,48,18,35,35,35,0,0],"gold":54,"neow_bonus":"THREE_CARDS","is_daily":false,"chose_seed":false,"campfire_upgraded":1,"win_rate":0.0,"timestamp":1613424620,"path_taken":["M","?","M","M","$","E","?","R","T","E"],"items_purchased_type":["Card"],"build_version":"2020-12-22","purchased_purges":0,"victory":false,"max_hp_per_floor":[71,71,71,71,71,71,71,71,71,71,71],"relic_stats":{"counters":[5,18],"obtain_stats":[{"Du-Vu Doll":6,"Cracked Core":0,"StrikeDummy":9},{"Du-Vu Doll":4,"Cracked Core":0,"StrikeDummy":4},{"Du-Vu Doll":15,"Cracked Core":0,"StrikeDummy":15}]},"card_choices":[{"not_picked":["White Noise","Go for the Eyes"],"picked":"Gash","floor":0},{"not_picked":["Redo","Rip and Tear"],"picked":"Gash","floor":1},{"not_picked":["Barrage","Steam"],"picked":"Tempest","floor":3},{"not_picked":["Steam Power","Cold Snap"],"picked":"Gash","floor":4},{"not_picked":["Loop","Lockon"],"picked":"BootSequence","floor":6}],"player_experience":2278957,"relics_obtained":[{"floor":6,"key":"Du-Vu Doll"},{"floor":9,"key":"StrikeDummy"}],"event_choices":[{"damage_healed":0,"gold_gain":0,"player_choice":"Ignored","damage_taken":0,"max_hp_gain":0,"max_hp_loss":0,"event_name":"Golden Wing","floor":2,"gold_loss":0},{"damage_healed":17,"gold_gain":0,"player_choice":"Healed","damage_taken":0,"max_hp_gain":0,"max_hp_loss":0,"event_name":"The Cleric","floor":7,"gold_loss":35}],"is_beta":false,"boss_relics":[],"items_purged_floors":[],"is_endless":false,"potions_floor_spawned":[4],"killed_by":"Gremlin Nob","ascension_level":20}}