{"host":"6ulps5ednfgqn0to","time":1613390432,"event":{"mods":["AchievementEnabler","BaseMod","Colored Map","Highlight Path","Minty Spire (QoL Compilation)","Relic Sorter","Relic Stats","StSLib"],"gold_per_floor":[117,130,141,157,108,142,317,317,317,317,13,48,48,61,61,161,161,171,171,171,171,14,14,14],"floor_reached":23,"language":"ENG","playtime":1005,"items_purged":[],"score":247,"play_id":"bd1a11e3-9192-4fd3-b19f-6d60f0ac9c13","local_time":"20210215140032","is_ascension_mode":false,"campfire_choices":[{"data":"Eruption","floor":13,"key":"SMITH"},{"data":"WreathOfFlame","floor":15,"key":"SMITH"}],"circlet_count":0,"master_deck":["Strike_P","Strike_P","Strike_P","Strike_P","Defend_P","Defend_P","Defend_P+1","Defend_P","Eruption+1","Vigilance","ThirdEye+1","Consecrate+1","SashWhip+1","Judgement","Evaluate","BowlingBash","Doubt","WreathOfFlame+1","Ragnarok","Protect"],"relics":["PureWater","NeowsBlessing","MealTicket","Pantograph","Whetstone","Girya","Darkstone Periapt","SlaversCollar","Centennial Puzzle","Blue Candle","War Paint"],"acts_visited":["Exordium","TheCity"],"potions_floor_usage":[16,23],"damage_taken":[{"damage":0,"enemies":"Cultist","floor":1,"turns":1},{"damage":0,"enemies":"2 Louse","floor":2,"turns":1},{"damage":0,"enemies":"Jaw Worm","floor":3,"turns":1},{"damage":0,"enemies":"3 Louse","floor":4,"turns":3},{"damage":24,"enemies":"Gremlin Nob","floor":6,"turns":5},{"damage":2,"enemies":"3 Sentries","floor":12,"turns":6},{"damage":0,"enemies":"Exordium Thugs","floor":14,"turns":3},{"damage":0,"enemies":"Slime Boss","floor":16,"turns":6},{"damage":0,"enemies":"Spheric Guardian","floor":18,"turns":2},{"damage":73,"enemies":"Book of Stabbing","floor":23,"turns":8}],"seed_played":"-1092726582647796124","potions_obtained":[{"floor":1,"key":"AttackPotion"},{"floor":2,"key":"Fire Potion"},{"floor":4,"key":"FearPotion"},{"floor":18,"key":"AttackPotion"}],"is_trial":false,"path_per_floor":["M","M","M","M","$","E","?","?","T","?","$","E","R","M","R","B",null,"M","?","?","?","$","E"],"character_chosen":"WATCHER","items_purchased":["Evaluate","Girya","War Paint"],"campfire_rested":0,"item_purchase_floors":[5,11,22],"current_hp_per_floor":[72,72,72,72,72,48,48,48,48,48,63,61,61,61,61,72,72,72,72,72,72,72,0,0],"gold":14,"neow_bonus":"THREE_ENEMY_KILL","is_daily":false,"chose_seed":false,"campfire_upgraded":2,"win_rate":0.0,"timestamp":1613390432,"path_taken":["M","M","?","M","$","E","?","?","T","?","$","E","R","M","R","BOSS","M","?","?","?","$","E"],"items_purchased_type":["Card","Relic","Relic"],"build_version":"2020-12-22","purchased_purges":0,"victory":false,"max_hp_per_floor":[72,72,72,72,72,72,72,72,72,72,72,72,72,72,72,72,72,72,72,72,72,72,72,72],"relic_stats":{"Darkstone Periapt":0,"Centennial Puzzle":[3],"counters":[10,36],"Pantograph":11,"Blue Candle":[1],"MealTicket":15,"Whetstone":["SashWhip","Consecrate"],"War Paint":["Defend_P","ThirdEye"],"obtain_stats":[{"Darkstone Periapt":12,"Girya":11,"SlaversCollar":17,"Centennial Puzzle":19,"NeowsBlessing":0,"Pantograph":8,"Blue Candle":21,"MealTicket":6,"Whetstone":9,"PureWater":0,"War Paint":22},{"Darkstone Periapt":6,"Girya":5,"SlaversCollar":8,"Centennial Puzzle":9,"NeowsBlessing":0,"Pantograph":5,"Blue Candle":9,"MealTicket":5,"Whetstone":5,"PureWater":0,"War Paint":9},{"Darkstone Periapt":17,"Girya":11,"SlaversCollar":26,"Centennial Puzzle":28,"NeowsBlessing":0,"Pantograph":11,"Blue Candle":28,"MealTicket":11,"Whetstone":11,"PureWater":0,"War Paint":28}]},"card_choices":[{"not_picked":["Vengeance","Weave"],"picked":"ThirdEye","floor":1},{"not_picked":["PathToVictory","Crescendo"],"picked":"Consecrate","floor":2},{"not_picked":["Sanctity","PathToVictory"],"picked":"SashWhip","floor":3},{"not_picked":["EmptyBody","Worship"],"picked":"Judgement","floor":4},{"not_picked":["LikeWater","Swivel"],"picked":"BowlingBash","floor":6},{"not_picked":["WaveOfTheHand","FlyingSleeves","BowlingBash"],"picked":"SKIP","floor":12},{"not_picked":["Sanctity","WaveOfTheHand"],"picked":"WreathOfFlame","floor":14},{"not_picked":["Omniscience","Judgement"],"picked":"Ragnarok","floor":16},{"not_picked":["Evaluate","Pray"],"picked":"Protect","floor":18}],"player_experience":24160,"relics_obtained":[{"floor":6,"key":"MealTicket"},{"floor":9,"key":"Whetstone"},{"floor":12,"key":"Darkstone Periapt"}],"event_choices":[{"damage_healed":0,"gold_gain":175,"player_choice":"AGREE","damage_taken":0,"max_hp_gain":0,"max_hp_loss":0,"event_name":"Liars Game","floor":7,"gold_loss":0,"cards_obtained":["Doubt"]},{"damage_healed":0,"gold_gain":0,"player_choice":"Box","damage_taken":0,"relics_obtained":["Pantograph"],"max_hp_gain":0,"max_hp_loss":0,"event_name":"Big Fish","floor":8,"gold_loss":0,"cards_obtained":["Regret"]},{"cards_removed":["Regret"],"damage_healed":0,"gold_gain":0,"player_choice":"Purged","damage_taken":0,"max_hp_gain":0,"max_hp_loss":0,"event_name":"Purifier","floor":10,"gold_loss":0},{"damage_healed":0,"gold_gain":0,"player_choice":"Opened","damage_taken":0,"relics_obtained":["Centennial Puzzle"],"max_hp_gain":0,"max_hp_loss":0,"event_name":"The Mausoleum","floor":19,"gold_loss":0},{"damage_healed":0,"gold_gain":0,"player_choice":"Ignored","damage_taken":0,"max_hp_gain":0,"max_hp_loss":0,"event_name":"Vampires","floor":20,"gold_loss":0},{"damage_healed":0,"gold_gain":0,"player_choice":"Gave Potion","damage_taken":0,"relics_obtained":["Blue Candle"],"max_hp_gain":0,"max_hp_loss":0,"event_name":"WeMeetAgain","floor":21,"gold_loss":0}],"is_beta":false,"boss_relics":[{"not_picked":["Fusion Hammer","Velvet Choker"],"picked":"SlaversCollar"}],"items_purged_floors":[],"is_endless":false,"potions_floor_spawned":[1,2,4,6,18],"killed_by":"Book of Stabbing","ascension_level":0}}