{"host":"vyjryxuuuxkt43k4","time":1613401217,"event":{"mods":["AchievementEnabler","BaseMod","Colored Map","DeckTracker","Keyboard Shortcuts","Minty Spire (QoL Compilation)","Permanent Neow","Quick Restart","StSLib","SuperFastMode","everything is the same but u backflip on backflip"],"gold_per_floor":[118,136,72,89,103,103,138,157,157,157,157,27,37,56,56,132,132,143,59,59,72,72,72,89,89,89,106,106,21,21,21,21,21,21],"floor_reached":33,"language":"KOR","playtime":1133,"items_purged":["Strike_G"],"score":494,"play_id":"827fb075-b754-4ac7-9130-77113153151d","local_time":"20210216000017","is_ascension_mode":true,"campfire_choices":[{"data":"Neutralize","floor":6.0,"key":"SMITH"},{"floor":11.0,"key":"REST"},{"data":"Deadly Poison","floor":15.0,"key":"SMITH"},{"floor":23,"key":"REST"},{"data":"Acrobatics","floor":28,"key":"SMITH"},{"data":"Concentrate","floor":30,"key":"SMITH"},{"floor":32,"key":"REST"}],"circlet_count":0,"master_deck":["AscendersBane","Defend_G+1","Defend_G","Defend_G","Defend_G","Defend_G","Survivor","Neutralize+1","Reflex","Dash","All Out Attack","Heel Hook","Escape Plan+1","Deadly Poison+1","Concentrate+1","Burst","Storm of Steel+1","Skewer+1","Dagger Throw+1","Calculated Gamble","Acrobatics+1","Footwork"],"relics":["Runic Pyramid","Anchor","Art of War","War Paint","Singing Bowl","Astrolabe","Bottled Tornado","Blood Vial"],"acts_visited":["Exordium","TheCity"],"potions_floor_usage":[16,16,27,33],"damage_taken":[{"damage":4.0,"enemies":"Small Slimes","floor":1.0,"turns":4.0},{"damage":9.0,"enemies":"Cultist","floor":2.0,"turns":6.0},{"damage":0.0,"enemies":"2 Louse","floor":4.0,"turns":2.0},{"damage":1.0,"enemies":"2 Fungi Beasts","floor":5.0,"turns":3.0},{"damage":24.0,"enemies":"Gremlin Nob","floor":7.0,"turns":4.0},{"damage":0.0,"enemies":"3 Louse","floor":8.0,"turns":3.0},{"damage":0.0,"enemies":"Looter","floor":13.0,"turns":3.0},{"damage":0.0,"enemies":"2 Fungi Beasts","floor":14.0,"turns":3.0},{"damage":5,"enemies":"The Guardian","floor":16,"turns":12},{"damage":5,"enemies":"Shell Parasite","floor":18,"turns":5},{"damage":38,"enemies":"Spheric Guardian","floor":21,"turns":7},{"damage":12,"enemies":"Shelled Parasite and Fungi","floor":24,"turns":6},{"damage":1,"enemies":"Snake Plant","floor":27,"turns":4},{"damage":77,"enemies":"Collector","floor":33,"turns":5}],"seed_played":"-2216751479479990808","potions_obtained":[{"floor":5.0,"key":"AttackPotion"},{"floor":7.0,"key":"Block Potion"},{"floor":8.0,"key":"Fire Potion"},{"floor":14.0,"key":"Dexterity Potion"},{"floor":24,"key":"Strength Potion"},{"floor":27,"key":"Swift Potion"}],"is_trial":false,"path_per_floor":["M","M","?","M","M","R","E","M","T","?","R","$","M","M","R","B",null,"M","$","?","M","?","R","M","$","T","M","R","?","R","?","R","B"],"character_chosen":"THE_SILENT","items_purchased":["Energy Potion","Calculated Gamble"],"campfire_rested":3,"item_purchase_floors":[12,19],"current_hp_per_floor":[55,46,46,46,45,45,21,21,21,16,35,35,37,37,37,32,59,56,56,56,18,18,39,27,27,27,28,28,28,28,28,49,0,0],"gold":21,"neow_bonus":"BOSS_RELIC","is_daily":false,"chose_seed":false,"campfire_upgraded":4,"win_rate":0.0,"timestamp":1613401217,"path_taken":["M","M","?","?","?","R","E","M","T","?","R","$","M","M","R","BOSS","M","$","?","M","?","R","M","$","T","M","R","?","R","?","R","BOSS"],"items_purchased_type":["Potion","Card"],"build_version":"2020-12-22","purchased_purges":1,"victory":false,"max_hp_per_floor":[66,66,66,66,66,66,66,66,66,66,66,66,68,68,68,68,68,70,70,70,70,70,70,70,70,70,72,72,72,72,72,72,72,72],"card_choices":[{"not_picked":["Deflect","Underhanded Strike"],"picked":"Reflex","floor":1.0},{"not_picked":["Backstab","Blur"],"picked":"Dash","floor":2.0},{"not_picked":["Bane","Catalyst"],"picked":"All Out Attack","floor":4.0},{"not_picked":["Deadly Poison","Blade Dance"],"picked":"Heel Hook","floor":5.0},{"not_picked":["Deadly Poison","Dagger Spray"],"picked":"Escape Plan","floor":7.0},{"not_picked":["Caltrops","Terror"],"picked":"Deadly Poison","floor":8.0},{"not_picked":["Blade Dance","Poisoned Stab","Flying Knee"],"picked":"Singing Bowl","floor":13.0},{"not_picked":["Leg Sweep","Crippling Poison"],"picked":"Concentrate","floor":14.0},{"not_picked":["Corpse Explosion","Tools of the Trade"],"picked":"Burst","floor":16},{"not_picked":["Sucker Punch","Deadly Poison","Blade Dance"],"picked":"Singing Bowl","floor":18},{"not_picked":["Setup","Escape Plan"],"picked":"Acrobatics","floor":21},{"not_picked":["Sucker Punch+1","Poisoned Stab"],"picked":"Footwork","floor":24},{"not_picked":["Dagger Throw","Endless Agony","Dodge and Roll"],"picked":"Singing Bowl","floor":27}],"player_experience":992748,"relics_obtained":[{"floor":7.0,"key":"Art of War"},{"floor":9.0,"key":"War Paint"},{"floor":26,"key":"Bottled Tornado"}],"event_choices":[{"damage_healed":0.0,"max_hp_gain":0.0,"max_hp_loss":0.0,"gold_gain":0.0,"event_name":"WeMeetAgain","player_choice":"Paid Gold","floor":3.0,"gold_loss":64.0,"damage_taken":0.0,"relics_obtained":["Anchor"]},{"damage_healed":0.0,"max_hp_gain":0.0,"max_hp_loss":0.0,"gold_gain":0.0,"event_name":"Scrap Ooze","player_choice":"Success","floor":10.0,"gold_loss":0.0,"damage_taken":5.0,"relics_obtained":["Singing Bowl"]},{"damage_healed":0,"gold_gain":0,"player_choice":"Ignored","damage_taken":0,"max_hp_gain":0,"max_hp_loss":0,"event_name":"The Mausoleum","floor":20,"gold_loss":0},{"cards_removed":["Strike_G"],"damage_healed":0,"gold_gain":0,"player_choice":"Elegance","damage_taken":0,"max_hp_gain":0,"max_hp_loss":0,"event_name":"Back to Basics","floor":22,"gold_loss":0},{"damage_healed":0,"gold_gain":0,"player_choice":"Obtained Relic","damage_taken":0,"relics_obtained":["Blood Vial"],"max_hp_gain":0,"max_hp_loss":0,"event_name":"Addict","floor":29,"gold_loss":85},{"damage_healed":0,"gold_gain":0,"player_choice":"Ignored","damage_taken":0,"max_hp_gain":0,"max_hp_loss":0,"event_name":"Ghosts","floor":31,"gold_loss":0}],"is_beta":false,"boss_relics":[{"not_picked":["Coffee Dripper","SlaversCollar"],"picked":"Astrolabe"}],"items_purged_floors":[12],"is_endless":false,"potions_floor_spawned":[5,7,8,14,24,27],"killed_by":"Collector","ascension_level":20}}