{"host":"ewns8ifhbubwkcum","time":1613085123,"event":{"mods":["BaseMod","Block Reminder","Colored Map","Colored Powertips","Downfall","Highlight Path","Minty Spire (QoL Compilation)","Permanent Neow","Quick Restart","Random Character Button","StSLib"],"gold_per_floor":[99,99,113,129,35,48,128,128,128,128],"floor_reached":8,"language":"ENG","playtime":486,"items_purged":[],"score":58,"play_id":"5dc6c6f0-6640-475d-8a8d-6c5d2eae5f8f","local_time":"20210211171203","is_ascension_mode":true,"campfire_choices":[{"data":"hexamod:ApocalypticArmor","floor":1,"key":"SMITH"}],"circlet_count":0,"master_deck":["hexamod:Strike","hexamod:Strike","hexamod:Strike","hexamod:Defend","hexamod:Defend","hexamod:Defend","hexamod:Defend","hexamod:Sear","hexamod:Float","hexamod:ApocalypticArmor+1","hexamod:AdvancingGuard","hexamod:HeatMetal","hexamod:Rewind","hexamod:FourthSeal","hexamod:PhantomCloak"],"relics":["hexamod:SpiritBrand","Kunai"],"acts_visited":["Exordium"],"potions_floor_usage":[],"damage_taken":[{"damage":1,"enemies":"Cultist","floor":3,"turns":4},{"damage":2,"enemies":"Jaw Worm","floor":4,"turns":3},{"damage":0,"enemies":"downfall:FleeingMerchant","floor":5,"turns":4},{"damage":0,"enemies":"2 Louse","floor":6,"turns":3},{"damage":78,"enemies":"Gremlin Nob","floor":8,"turns":6}],"seed_played":"2113928967324758847","potions_obtained":[{"floor":3,"key":"Energy Potion"}],"is_trial":false,"path_per_floor":["R","?","M","M","$","M","T","E"],"character_chosen":"THE_SPIRIT","items_purchased":["hexamod:FourthSeal"],"campfire_rested":0,"item_purchase_floors":[5],"current_hp_per_floor":[70,70,69,67,67,67,67,0,0,0],"gold":128,"neow_bonus":"ONE_RANDOM_RARE_CARD","is_daily":false,"chose_seed":false,"campfire_upgraded":1,"win_rate":0.0,"timestamp":1613085123,"path_taken":["R","?","?","M","?","M","T","E"],"items_purchased_type":["Card"],"build_version":"2020-12-22","purchased_purges":0,"victory":false,"max_hp_per_floor":[70,70,70,70,70,70,70,70,70,70],"card_choices":[{"not_picked":["hexamod:NightmareStrike","hexamod:PowerFromBeyond"],"picked":"hexamod:AdvancingGuard","floor":3},{"not_picked":["hexamod:SuperheatedStrike","hexamod:AdvancingGuard"],"picked":"hexamod:HeatMetal","floor":4},{"not_picked":["hexamod:NightmareStrike","hexamod:GhostShield"],"picked":"hexamod:Rewind","floor":5},{"not_picked":["hexamod:FlamesFromBeyond","hexamod:ThermalTransfer"],"picked":"hexamod:PhantomCloak","floor":6}],"player_experience":1182460,"relics_obtained":[{"floor":7,"key":"Kunai"}],"event_choices":[{"cards_removed":["hexamod:Strike"],"damage_healed":0,"gold_gain":0,"player_choice":"Offered Basic","damage_taken":0,"max_hp_gain":0,"max_hp_loss":0,"event_name":"Bonfire Elementals","floor":2,"gold_loss":0}],"is_beta":false,"boss_relics":[],"items_purged_floors":[],"is_endless":false,"potions_floor_spawned":[3],"killed_by":"Gremlin Nob","ascension_level":5}}