{"host":"pgm1p3lvdjflie30","time":1613018003,"event":{"mods":["AchievementEnabler","Alarm Clock","Aspiration","BaseMod","Challenge The Spire","Colored Map","Colored Powertips","Conspire","Dark Map","Energized Spire","GungeonMod","Hermit","HornydragonMod","Minty Spire (QoL Compilation)","Quarter Circle Forward PUNCH!","Quick Restart","Reimu（博???）","Relic Stats","Reliquary","Replay The Spire","Robot Space Explorer","Spicy Shops","StSLib","The Blackbeard","The Bug Knight","The Cursed","The Hayseed","The IronCluck","The Runesmith","Waifu the Spire","Yakumo Yukari mod","【功能Mod】混沌之?修复?丁","篝火指南"],"gold_per_floor":[109,109,128,14,29,29,44,60,108,125,144,144,67,87,87,87,87],"floor_reached":16,"language":"ZHS","playtime":1293,"items_purged":[],"score":96,"play_id":"9f28f747-6664-4895-acbc-96b7428725e8","local_time":"20210211123323","is_ascension_mode":false,"campfire_choices":[{"data":"conspire:DoublingDagger","floor":6,"key":"SMITH"},{"data":"Blade Dance","floor":12,"key":"SMITH"},{"data":"Cloak And Dagger","floor":15,"key":"SMITH"}],"circlet_count":0,"master_deck":["Strike_G","Strike_G+1","Strike_G","Strike_G","Strike_G","Defend_G","Defend_G","Defend_G","Defend_G","Defend_G","Survivor","Neutralize","Blade Dance+1","conspire:DoublingDagger+1","Outmaneuver+1","Dagger Spray","Cloak And Dagger+1","Flying Knee","Dodge and Roll","Flechettes","Deflect","Slice","Prepared","Bane"],"relics":["Ring of the Snake"],"acts_visited":["Exordium"],"potions_floor_usage":[16,16],"damage_taken":[{"damage":2,"enemies":"Small Slimes","floor":1,"turns":4},{"damage":3,"enemies":"Jaw Worm","floor":3,"turns":4},{"damage":6,"enemies":"conspire:RoseBush","floor":5,"turns":4},{"damage":9,"enemies":"Lots of Slimes","floor":7,"turns":4},{"damage":8,"enemies":"Exordium Wildlife","floor":8,"turns":4},{"damage":0,"enemies":"3 Louse","floor":10,"turns":3},{"damage":7,"enemies":"Lots of Slimes","floor":11,"turns":4},{"damage":14,"enemies":"Gremlin Gang","floor":14,"turns":3},{"damage":31,"enemies":"The Guardian","floor":16,"turns":8}],"seed_played":"4160872445575493446","potions_obtained":[{"floor":3,"key":"Elixir"},{"floor":5,"key":"Poison Potion"},{"floor":14,"key":"Block Potion"}],"is_trial":false,"path_per_floor":["M","?","M","$","M","R","M","M","T","M","M","R","$","M","R","B"],"character_chosen":"THE_SILENT","items_purchased":["Outmaneuver+1","Dagger Spray","Slice","Prepared"],"campfire_rested":0,"item_purchase_floors":[4,4,13,13],"current_hp_per_floor":[75,77,74,74,68,68,59,51,51,51,44,44,44,30,30,0,0],"gold":87,"neow_bonus":"TEN_PERCENT_HP_BONUS","is_daily":false,"chose_seed":false,"campfire_upgraded":3,"win_rate":0.0,"timestamp":1613018003,"path_taken":["M","?","M","$","M","R","M","M","T","M","M","R","$","M","R","BOSS"],"items_purchased_type":["Card","Card","Card","Card"],"build_version":"2020-12-22","purchased_purges":0,"victory":false,"max_hp_per_floor":[77,77,77,77,77,77,77,77,77,77,77,77,77,77,77,77,77],"relic_stats":{"counters":[9,38],"obtain_stats":[{"DemoMod:GlassGuonStoneRelic":3,"Ring of the Snake":0},{"DemoMod:GlassGuonStoneRelic":2,"Ring of the Snake":0},{"DemoMod:GlassGuonStoneRelic":8,"Ring of the Snake":0}],"Ring of the Snake":[18]},"card_choices":[{"not_picked":["Dagger Throw","Draining Mist"],"picked":"Blade Dance","floor":1},{"not_picked":["Sucker Punch","Blade Dance"],"picked":"conspire:DoublingDagger","floor":3},{"not_picked":["Expertise","Blur"],"picked":"Cloak And Dagger","floor":5},{"not_picked":["Underhanded Strike","Well Laid Plans"],"picked":"Flying Knee","floor":7},{"not_picked":["Poisoned Stab","Outmaneuver"],"picked":"Dodge and Roll","floor":8},{"not_picked":["Setup","Outmaneuver"],"picked":"Flechettes","floor":10},{"not_picked":["Dagger Throw","Expertise"],"picked":"Deflect","floor":11},{"not_picked":["ReplayTheSpireMod:The Works","Underhanded Strike"],"picked":"Bane","floor":14}],"player_experience":475656,"relics_obtained":[],"event_choices":[],"is_beta":false,"boss_relics":[],"items_purged_floors":[],"is_endless":false,"potions_floor_spawned":[3,5,14],"killed_by":"The Guardian","ascension_level":0}}