{"host":"ln8zowmpyx5bxamj","time":1613080874,"event":{"mods":["Act Like it!","BaseMod","CapriCore","Colored Map","Conspire","Gensokyo","GifTheSpireLib","Hallownest","Hubris","KomeijiMod","Minty Spire (QoL Compilation)","Permanent Neow","Replay The Spire","StSLib","The Immortal","Uncapped","Yuyuko"],"gold_per_floor":[117,14,27,27,27,55,55,55,55,75,75,108,122,122,122,226,226,243,263,281,298,314,314,314,314],"floor_reached":23,"language":"ENG","playtime":3463,"items_purged":[],"score":228,"play_id":"de7d9c93-98b2-4b72-9e5e-7383815f9512","local_time":"20210211160114","is_ascension_mode":false,"campfire_choices":[{"floor":7,"key":"REST"},{"floor":11,"key":"REST"}],"circlet_count":0,"master_deck":["MokouMod:Strike","MokouMod:Strike","MokouMod:Strike","MokouMod:Strike","MokouMod:Defend","MokouMod:Defend","MokouMod:Defend","MokouMod:Defend","MokouMod:HeatSpark","MokouMod:ThermalPressure+1","MokouMod:ResonanceReactor","MokouMod:Stoke","MokouMod:HeatCyclone","Writhe","MokouMod:IgnitionBarrier","MokouMod:BurningHiddenBullet","MokouMod:Burn","MokouMod:HeatCyclone","MokouMod:ResonatingAura","MokouMod:FusionFlare","MokouMod:IgneousBlow+1","MokouMod:BurningDraft+1","Hallownest:attackAdjustingAction","MokouMod:SpontaneousHumanCombustion"],"relics":["MokouMod:PhoenixFeather","Regal Pillow","Mango","Boot","Hallownest:DreamNailRelic","SacredBark"],"acts_visited":["Exordium","Hallownest:Greenpath"],"potions_floor_usage":[10,13,21,22,23],"damage_taken":[{"damage":8,"enemies":"Hallownest:monsterHuskGuard","floor":1,"turns":7},{"damage":4,"enemies":"Hallownest:monsterHuskWarrior","floor":3,"turns":6},{"damage":71,"enemies":"Hallownest:eliteCrystalGuardian","floor":6,"turns":12},{"damage":20,"enemies":"Hallownest:2_Tiktiks_and_1_Crawlid","floor":10,"turns":6},{"damage":10,"enemies":"Hallownest:eliteMossKnight","floor":12,"turns":25},{"damage":0,"enemies":"Hallownest:monsterMossCharger","floor":13,"turns":6},{"damage":44,"enemies":"Hallownest:BossFalseKnight","floor":16,"turns":19},{"damage":20,"enemies":"Hallownest:2_Mistakes","floor":18,"turns":14},{"damage":38,"enemies":"Hallownest:Flukemon_and_Top","floor":19,"turns":13},{"damage":46,"enemies":"Hallownest:monsterShrumalOgre","floor":20,"turns":10},{"damage":6,"enemies":"Hallownest:monsterMisterMushroom","floor":21,"turns":9},{"damage":37,"enemies":"Hallownest:2_Flukemon","floor":22,"turns":12},{"damage":28,"enemies":"Hallownest:eliteWatcherKnight","floor":23,"turns":3}],"seed_played":"-7767137571474514533","potions_obtained":[{"floor":1,"key":"Languid Potion"},{"floor":12,"key":"DistilledChaos"},{"floor":19,"key":"SteroidPotion"},{"floor":20,"key":"BlessingOfTheForge"},{"floor":22,"key":"Strength Potion"}],"is_trial":false,"path_per_floor":["M","$","M","?","?","E","R","?","T","M","R","E","M","?","R_BF","B",null,"M","M","M","M","M","E"],"character_chosen":"MKU","items_purchased":["MokouMod:ResonanceReactor","MokouMod:Stoke"],"campfire_rested":2,"item_purchase_floors":[2,2],"current_hp_per_floor":[67,67,63,72,72,1,41,41,55,35,79,69,69,69,98,54,98,78,40,19,13,24,0,0,0],"gold":314,"neow_bonus":"REMOVE_CARD","is_daily":false,"chose_seed":false,"campfire_upgraded":0,"win_rate":0.0,"timestamp":1613080874,"path_taken":["M","$","M","?","?","E","R","?","T","?","R","E","M","?","R_BF","BOSS","M","M","?","M","?","E"],"items_purchased_type":["Card","Card"],"build_version":"2020-12-22","purchased_purges":0,"victory":false,"max_hp_per_floor":[75,75,75,84,84,84,84,84,98,98,98,98,98,98,98,98,98,98,98,98,98,98,98,98,98],"card_choices":[{"not_picked":["MokouMod:Ember","MokouMod:UncontrollableSolarReaction"],"picked":"MokouMod:ThermalPressure","floor":1},{"not_picked":["MokouMod:IcarusDive","MokouMod:Stoke"],"picked":"MokouMod:HeatCyclone","floor":3},{"not_picked":["MokouMod:Overheat","MokouMod:PhoenixFeathers"],"picked":"MokouMod:IgnitionBarrier","floor":6},{"not_picked":["MokouMod:EternalBurstReactor","MokouMod:FujiyamaVolcano"],"picked":"MokouMod:BurningHiddenBullet","floor":10},{"not_picked":["MokouMod:Stoke","MokouMod:EternalBurstReactor"],"picked":"MokouMod:Burn","floor":12},{"not_picked":["MokouMod:FujiyamaVolcano","MokouMod:BlazingComet"],"picked":"MokouMod:HeatCyclone","floor":13},{"not_picked":["MokouMod:PhoenixForm","MokouMod:Rekindle"],"picked":"MokouMod:ResonatingAura","floor":16},{"not_picked":["MokouMod:AdaptivePyromancy","MokouMod:FlareStarter"],"picked":"MokouMod:FusionFlare","floor":18},{"not_picked":["MokouMod:TemporalFireSeal","MokouMod:FusionFlare"],"picked":"MokouMod:IgneousBlow+1","floor":19},{"not_picked":["MokouMod:RoaringFlare+1","MokouMod:Singe"],"picked":"MokouMod:BurningDraft+1","floor":20},{"not_picked":["MokouMod:Wildfire","MokouMod:Combust"],"picked":"MokouMod:SpontaneousHumanCombustion","floor":21},{"not_picked":["MokouMod:FujiyamaVolcano","MokouMod:AdaptivePyromancy","MokouMod:UncontrollableSolarReaction"],"picked":"SKIP","floor":22}],"player_experience":335035,"relics_obtained":[{"floor":6,"key":"Regal Pillow"},{"floor":9,"key":"Mango"},{"floor":12,"key":"Boot"}],"event_choices":[{"damage_healed":0,"gold_gain":0,"player_choice":"Leave","damage_taken":0,"max_hp_gain":0,"max_hp_loss":0,"event_name":"conspire:Investor","floor":5,"gold_loss":0}],"is_beta":false,"boss_relics":[{"not_picked":["hubris:CrackedHourglass","Replay:Bronze Core"],"picked":"SacredBark"}],"items_purged_floors":[],"is_endless":false,"potions_floor_spawned":[1,12,19,20,22],"killed_by":"Hallownest:eliteWatcherKnight","ascension_level":0}}