{"host":"8d3fefv2347kqkpz","time":1613081114,"event":{"mods":["AchievementEnabler","Act Like it!","BaseMod","Better Vampires","Colored Map","Colored Powertips","Downfall","GifTheSpireLib","Highlight Path","Minty Spire (QoL Compilation)","Quick Restart","Rare Cards Sparkle","Relic Stats","Replay The Spire","Spicy Shops","StSLib","Waifu the Spire"],"gold_per_floor":[115,128,139,139,1,1,32,32,82,110,110,135,135,160,160,263,263,275,68,68,84,98,123,73,104,104,139,149,180,13,45,45,141,191,208,224,224,236,247,247,276,59,136,164,114,114,124,154,154,154],"floor_reached":51,"language":"ZHS","playtime":1982,"items_purged":["Rampage","Headbutt","Whirlwind","Whirlwind"],"score":1159,"play_id":"f2abdef2-a94d-42ae-bddd-a4d330a13f78","local_time":"20210212060514","daily_mods":["SealedDeck","Vintage","Heirloom","DeadlyEvents","Elite Swarm"],"is_ascension_mode":false,"campfire_choices":[{"data":"Inflame","floor":6.0,"key":"SMITH"},{"data":"Defy Death","floor":11.0,"key":"SMITH"},{"data":"Warcry","floor":15.0,"key":"SMITH"},{"data":"Feed","floor":32.0,"key":"PURGE"},{"floor":40.0,"key":"DIG"},{"data":"Berserk","floor":49,"key":"SMITH"}],"circlet_count":0,"master_deck":["Carnage","Defy Death+1","Warcry+1","Warcry+1","Warcry+1","Warcry+1","Rampage","Inflame+1","Limit Break+1","Limit Break+1","Reaper","Impervious+1","Berserk+1"],"relics":["replay:Trail_Library","Shovel","Replay:Mystery Machine","Iron Hammer","Smiling Mask","Replay:M_SmolderingBlood","Replay:Ringing Soul","Replay:Wax Seal","Toxic Egg 2","Snack Pack","Bottled Lightning","Gambling Chip","Toy Ornithopter","Anchor","Pantograph","War Paint","Slimebound:StickyStick","ReplayFunnel","The Courier","StoneCalendar","Sundial","Regal Pillow","Brimstone","Nunchaku","Tiny House","ReplayTheSpireMod:Spearhead","Pen Nib","Turnip","Replay:Rubber Ducky","Chemical X","Bottled Flame","Garlic","bronze:BronzeIdol","Gremlin Food","Bottled Tornado"],"acts_visited":["TheCity","TheBeyond"],"potions_floor_usage":[50,50,50],"damage_taken":[{"damage":11.0,"enemies":"Jaw Worm","floor":1.0,"turns":3.0},{"damage":0.0,"enemies":"Small Slimes","floor":2.0,"turns":2.0},{"damage":0.0,"enemies":"Cultist","floor":3.0,"turns":2.0},{"damage":8.0,"enemies":"Lagavulin","floor":7.0,"turns":3.0},{"damage":0.0,"enemies":"Gremlin Nob","floor":10.0,"turns":2.0},{"damage":9.0,"enemies":"Replay:BlueRogue","floor":12.0,"turns":3.0},{"damage":0.0,"enemies":"Gremlin Nob","floor":14.0,"turns":2.0},{"damage":0.0,"enemies":"The Guardian","floor":16.0,"turns":3.0},{"damage":0.0,"enemies":"Spheric Guardian","floor":18.0,"turns":3.0},{"damage":0.0,"enemies":"Chosen","floor":21.0,"turns":3.0},{"damage":15.0,"enemies":"3 Cultists","floor":22.0,"turns":4.0},{"damage":7.0,"enemies":"Book of Stabbing","floor":23.0,"turns":3.0},{"damage":5.0,"enemies":"Replay:Snechameleon","floor":25.0,"turns":3.0},{"damage":23.0,"enemies":"Book of Stabbing","floor":27.0,"turns":4.0},{"damage":2.0,"enemies":"Shelled Parasite and Fungi","floor":28.0,"turns":3.0},{"damage":12.0,"enemies":"Gremlin Leader","floor":29.0,"turns":3.0},{"damage":0.0,"enemies":"Book of Stabbing","floor":31.0,"turns":2.0},{"damage":4.0,"enemies":"Automaton","floor":33.0,"turns":3.0},{"damage":0.0,"enemies":"3 Shapes","floor":35.0,"turns":2.0},{"damage":1.0,"enemies":"Orb Walker","floor":36.0,"turns":3.0},{"damage":10.0,"enemies":"Sphere and 2 Shapes","floor":38.0,"turns":3.0},{"damage":10.0,"enemies":"4 Shapes","floor":39.0,"turns":2.0},{"damage":0.0,"enemies":"Giant Head","floor":41.0,"turns":5.0},{"damage":3.0,"enemies":"R_Hoarder","floor":44.0,"turns":3.0},{"damage":0.0,"enemies":"Transient","floor":47.0,"turns":4.0},{"damage":18.0,"enemies":"Nemesis","floor":48.0,"turns":5.0},{"damage":16,"enemies":"Time Eater","floor":50,"turns":7}],"seed_played":"-859208181529030262","potions_obtained":[{"floor":3.0,"key":"Strength Potion"},{"floor":7.0,"key":"SneckoOil"},{"floor":10.0,"key":"Adrenaline Potion"},{"floor":12.0,"key":"Explosive Potion"},{"floor":16.0,"key":"Dexterity Potion"},{"floor":31.0,"key":"bronze:BurnAndBuffPotion"}],"is_trial":true,"path_per_floor":["M","M","M","?","$","R","E","?","T","E","R","E","T","E","R","B",null,"M","$","?","M","M","E","$","E","T","E","M","E","$","E","R_BF","B",null,"M","M","$","M","M","R","E","$","T","E","$","?","M","E","R","B",null],"character_chosen":"IRONCLAD","items_purchased":["Inflame","Anchor","Brimstone","Chemical X","Bottled Flame"],"campfire_rested":0,"item_purchase_floors":[5,19,30,42,42],"current_hp_per_floor":[75,80,80,80,80,80,75,75,75,82,82,80,80,86,86,89,104,108,108,108,112,116,113,113,120,120,120,122,132,132,136,136,135,144,144,143,143,144,144,144,144,144,144,141,141,141,141,147,147,146],"gold":154,"neow_bonus":"","is_daily":false,"chose_seed":false,"campfire_upgraded":4,"win_rate":0.0,"timestamp":1613081114,"path_taken":["M","M","M","?","$","R","E","?","T","E","R","E","?","?","R","BOSS","M","?","?","M","?","E","$","E","T","E","M","?","?","E","R_BF","BOSS","M","M","$","M","M","R","E","$","T","E","?","?","M","E","R","BOSS"],"items_purchased_type":["Card","Relic","Relic","Relic","Relic"],"build_version":"2020-12-22","purchased_purges":4,"victory":true,"max_hp_per_floor":[80,80,80,80,80,80,83,83,83,90,90,97,97,101,101,104,104,108,108,108,112,116,120,120,120,120,124,128,132,132,136,136,139,144,144,144,144,144,144,144,144,144,144,144,144,144,144,147,147,147],"relic_stats":{"Regal Pillow":0,"counters":[27,85],"StoneCalendar":[0],"Pen Nib":[1],"War Paint":["Warcry","Warcry"],"Smiling Mask":195,"Nunchaku":[2],"Shovel":1,"Sundial":[22],"Gambling Chip":[28],"Pantograph":0,"Turnip":[0],"Chemical X":[2],"obtain_stats":[{"ReplayFunnel":25,"Regal Pillow":29,"Tiny House":34,"StoneCalendar":27,"Replay:Mystery Machine":1,"Bottled Tornado":48,"Smiling Mask":3,"Burning Blood":0,"Replay:Rubber Ducky":40,"Replay:Ringing Soul":7,"Nunchaku":31,"Shovel":0,"Replay:M_SmolderingBlood":4,"Slimebound:StickyStick":23,"Sundial":28,"Gambling Chip":14,"Pantograph":21,"Iron Hammer":2,"Chemical X":42,"Replay:Wax Seal":9,"Toxic Egg 2":10,"replay:Trail_Library":0,"Gremlin Food":47,"The Courier":26,"Pen Nib":36,"War Paint":22,"bronze:BronzeIdol":44,"Anchor":19,"ReplayTheSpireMod:Spearhead":35,"Bottled Flame":42,"Brimstone":30,"Turnip":38,"Snack Pack":12,"Garlic":43,"Bottled Lightning":13,"Toy Ornithopter":18},{"ReplayFunnel":13,"Regal Pillow":16,"Tiny House":18,"StoneCalendar":14,"Replay:Mystery Machine":1,"Bottled Tornado":26,"Smiling Mask":3,"Burning Blood":0,"Replay:Rubber Ducky":22,"Replay:Ringing Soul":4,"Nunchaku":17,"Shovel":0,"Replay:M_SmolderingBlood":3,"Slimebound:StickyStick":12,"Sundial":15,"Gambling Chip":7,"Pantograph":10,"Iron Hammer":2,"Chemical X":23,"Replay:Wax Seal":4,"Toxic Egg 2":5,"replay:Trail_Library":0,"Gremlin Food":25,"The Courier":13,"Pen Nib":20,"War Paint":11,"bronze:BronzeIdol":24,"Anchor":9,"ReplayTheSpireMod:Spearhead":19,"Bottled Flame":23,"Brimstone":16,"Turnip":21,"Snack Pack":6,"Garlic":23,"Bottled Lightning":6,"Toy Ornithopter":9},{"ReplayFunnel":36,"Regal Pillow":46,"Tiny House":51,"StoneCalendar":40,"Replay:Mystery Machine":3,"Bottled Tornado":78,"Smiling Mask":7,"Burning Blood":0,"Replay:Rubber Ducky":61,"Replay:Ringing Soul":10,"Nunchaku":48,"Shovel":0,"Replay:M_SmolderingBlood":7,"Slimebound:StickyStick":33,"Sundial":43,"Gambling Chip":17,"Pantograph":26,"Iron Hammer":5,"Chemical X":66,"Replay:Wax Seal":10,"Toxic Egg 2":12,"replay:Trail_Library":0,"Gremlin Food":73,"The Courier":36,"Pen Nib":56,"War Paint":30,"bronze:BronzeIdol":69,"Anchor":23,"ReplayTheSpireMod:Spearhead":53,"Bottled Flame":66,"Brimstone":46,"Turnip":59,"Snack Pack":15,"Garlic":66,"Bottled Lightning":15,"Toy Ornithopter":23}],"Toy Ornithopter":15},"card_choices":[{"not_picked":["Ragnarok","Barricade"],"picked":"Feed","floor":7.0},{"not_picked":["Offering+1","Fiend Fire"],"picked":"Limit Break+1","floor":10.0},{"not_picked":["Berserk","Demonic Infusion+1"],"picked":"Limit Break+1","floor":12.0},{"not_picked":["Offering+1","Fiend Fire","Replay:Many Hands+1"],"picked":"SKIP","floor":14.0},{"not_picked":["Demonic Infusion+1","Double Tap+1"],"picked":"Reaper","floor":16.0},{"not_picked":["Bludgeon","Limit Break+1","Brutality"],"picked":"SKIP","floor":23.0},{"not_picked":["Demon Form","Eclipse+1","Fiend Fire"],"picked":"SKIP","floor":25.0},{"not_picked":["Offering+1","Juggernaut","Limit Break+1"],"picked":"SKIP","floor":27.0},{"not_picked":["Exhume+1","Fiend Fire","Limit Break+1"],"picked":"SKIP","floor":29.0},{"not_picked":["Brutality","Berserk","Demon Form"],"picked":"SKIP","floor":31.0},{"not_picked":["Double Tap+1","Feed"],"picked":"Impervious+1","floor":33.0},{"not_picked":["Juggernaut","Feed","Fiend Fire"],"picked":"SKIP","floor":41.0},{"not_picked":["Demonic Infusion+1","Juggernaut","Corruption"],"picked":"SKIP","floor":44.0},{"not_picked":["Brutality","Demon Form"],"picked":"Berserk","floor":48.0}],"player_experience":357099,"relics_obtained":[{"floor":1.0,"key":"Replay:Mystery Machine"},{"floor":2.0,"key":"Iron Hammer"},{"floor":3.0,"key":"Smiling Mask"},{"floor":7.0,"key":"Replay:Ringing Soul"},{"floor":9.0,"key":"Replay:Wax Seal"},{"floor":10.0,"key":"Toxic Egg 2"},{"floor":12.0,"key":"Snack Pack"},{"floor":13.0,"key":"Bottled Lightning"},{"floor":14.0,"key":"Gambling Chip"},{"floor":18.0,"key":"Toy Ornithopter"},{"floor":21.0,"key":"Pantograph"},{"floor":22.0,"key":"War Paint"},{"floor":23.0,"key":"Slimebound:StickyStick"},{"floor":25.0,"key":"ReplayFunnel"},{"floor":26.0,"key":"The Courier"},{"floor":27.0,"key":"StoneCalendar"},{"floor":28.0,"key":"Sundial"},{"floor":29.0,"key":"Regal Pillow"},{"floor":31.0,"key":"Nunchaku"},{"floor":35.0,"key":"ReplayTheSpireMod:Spearhead"},{"floor":36.0,"key":"Pen Nib"},{"floor":38.0,"key":"Turnip"},{"floor":40.0,"key":"Replay:Rubber Ducky"},{"floor":43.0,"key":"Garlic"},{"floor":44.0,"key":"bronze:BronzeIdol"},{"floor":47.0,"key":"Gremlin Food"},{"floor":48.0,"key":"Bottled Tornado"}],"event_choices":[{"damage_healed":0.0,"max_hp_gain":0.0,"max_hp_loss":0.0,"gold_gain":0.0,"event_name":"Shining Light","player_choice":"Ignored","floor":8.0,"gold_loss":0.0,"damage_taken":0.0},{"cards_removed":["Carnage"],"damage_healed":0.0,"max_hp_gain":0.0,"max_hp_loss":0.0,"gold_gain":0.0,"event_name":"Back to Basics","player_choice":"Elegance","floor":20.0,"gold_loss":0.0,"damage_taken":0.0},{"damage_healed":0.0,"max_hp_gain":0.0,"max_hp_loss":0.0,"gold_gain":0.0,"event_name":"SensoryStone","player_choice":"Memory 1","floor":46.0,"gold_loss":0.0,"damage_taken":0.0}],"is_beta":false,"boss_relics":[{"not_picked":["Astrolabe","Runic Cube","Kintsugi"]},{"not_picked":["Fusion Hammer","Calling Bell"],"picked":"Tiny House"}],"items_purged_floors":[19,24,30,45],"is_endless":false,"potions_floor_spawned":[3,7,10,12,16,18,21,25,27,31,35,39,48],"ascension_level":0}}