{"host":"5wwct7e0z3l0f094","time":1613067924,"event":{"mods":["AchievementEnabler","Act Like it!","BaseMod","Downfall","Gensokyo","Hallownest","Hermit","Highlight Path","Marisa????????","Minty Spire (QoL Compilation)","Remilia??????","StSLib","SuperFastMode","The Bug Knight"],"gold_per_floor":[118,18,18,30,30,65,65,94,94,94,114,114,128,1,1,103,103,418,432,682,695,695,695,695,695],"floor_reached":24,"language":"ENG","playtime":1644,"items_purged":[],"score":229,"play_id":"010f4c48-6c9b-4130-a011-92e81506e3cd","local_time":"20210211132524","is_ascension_mode":false,"campfire_choices":[{"data":"FitfulNightmare","floor":7,"key":"SMITH"},{"data":"RedMoon","floor":12,"key":"SMITH"},{"data":"MastersStateliness","floor":15,"key":"SMITH"},{"data":"MiserableFate","floor":23,"key":"SMITH"}],"circlet_count":0,"master_deck":["Strike_RM","Strike_RM","Strike_RM+1","Strike_RM","Defend_RM+1","Defend_RM","Defend_RM+1","Defend_RM","RedMoon+1","ScarletShoot","MastersStateliness+1","Clumsy","RedRainbow","FitfulNightmare+1","ScarletImprint+1","Pain","ScarletImprint+1","Gensokyo:LockedMedkit","TricksterDevil","VampireClaw+1","MiserableFate+1","Shame"],"relics":["ScarletHat","NeowsBlessing","Shuriken","Gensokyo:NagashiBinaDoll","Sundial","Molten Egg 2","Centennial Puzzle","Singing Bowl","Gensokyo:LunaticRedEyes","ScarletEmblem"],"acts_visited":["Exordium","Gensokyo:Gensokyo"],"potions_floor_usage":[16,16,16],"damage_taken":[{"damage":0,"enemies":"Gensokyo:3_Fairies","floor":1,"turns":1},{"damage":0,"enemies":"Gensokyo:Gryphon","floor":4,"turns":1},{"damage":0,"enemies":"Gensokyo:Aya","floor":6,"turns":1},{"damage":25,"enemies":"Gensokyo:Cirno","floor":8,"turns":6},{"damage":1,"enemies":"Gensokyo:2_Kodama","floor":11,"turns":3},{"damage":10,"enemies":"Gensokyo:5_Fairies","floor":13,"turns":7},{"damage":33,"enemies":"Gensokyo:Reimu","floor":16,"turns":15},{"damage":5,"enemies":"Gensokyo:AngelMirror","floor":18,"turns":6},{"damage":0,"enemies":"Gensokyo:CosmicMonolith","floor":19,"turns":4},{"damage":32,"enemies":"Gensokyo:Wraith","floor":21,"turns":5},{"damage":60,"enemies":"Gensokyo:3_Gloops","floor":24,"turns":5}],"seed_played":"-8132482144085285604","potions_obtained":[{"floor":1,"key":"Ancient Potion"},{"floor":6,"key":"EntropicBrew"},{"floor":13,"key":"Block Potion"}],"is_trial":false,"path_per_floor":["M","?","?","M","T","E","R","E","T","?","M","R","M","COS","R","B",null,"M","M","?","M","?","R","M"],"character_chosen":"REMILIA","items_purchased":[],"campfire_rested":0,"item_purchase_floors":[],"current_hp_per_floor":[75,75,75,75,75,75,75,50,50,50,51,51,44,44,44,18,77,75,76,76,51,51,51,0,0],"gold":695,"neow_bonus":"THREE_ENEMY_KILL","is_daily":false,"chose_seed":false,"campfire_upgraded":4,"win_rate":0.0,"timestamp":1613067924,"path_taken":["M","?","?","M","?","E","R","E","T","?","M","R","M","COS","R","BOSS","M","?","?","?","?","R","?"],"items_purchased_type":[],"build_version":"2020-12-22","purchased_purges":0,"victory":false,"max_hp_per_floor":[75,75,75,75,75,75,75,75,75,75,77,77,77,77,77,77,77,77,77,77,79,79,79,79,79],"card_choices":[{"not_picked":["Septette","Stigmanizer"],"picked":"MastersStateliness","floor":1},{"not_picked":["FavorOfDestiny","UltimateOffering"],"picked":"RedRainbow","floor":4},{"not_picked":["VampireKiss+1","Maim"],"picked":"FitfulNightmare","floor":6},{"not_picked":["VampireFantasy","DevilSight"],"picked":"ScarletImprint+1","floor":8},{"not_picked":["ScarletSymphony","FitfulNightmare","ScarletDevil+1"],"picked":"Singing Bowl","floor":11},{"not_picked":["EndlessAdversity+1","CharismaGuard"],"picked":"ScarletImprint+1","floor":13},{"not_picked":["EquivalentExchange","QueenOfMidnight"],"picked":"TricksterDevil","floor":16},{"not_picked":["AfternoonTea","RedMagic"],"picked":"VampireClaw+1","floor":18},{"not_picked":["ScarletDevil+1","VampirishNight+1"],"picked":"MiserableFate","floor":19},{"not_picked":["EmergencyRegeneration","UnstableMagic","MastersStateliness+1"],"picked":"Singing Bowl","floor":21}],"player_experience":317498,"relics_obtained":[{"floor":5,"key":"Sundial"},{"floor":6,"key":"Molten Egg 2"},{"floor":8,"key":"Centennial Puzzle"},{"floor":9,"key":"Singing Bowl"}],"event_choices":[],"is_beta":false,"boss_relics":[{"not_picked":["Astrolabe","Coffee Dripper"],"picked":"ScarletEmblem"}],"items_purged_floors":[],"is_endless":false,"potions_floor_spawned":[1,6,13,18],"killed_by":"Gensokyo:3_Gloops","ascension_level":0}}