{"host":"d7y1n6cxafpq47nx","time":1613009595,"event":{"mods":["BaseMod","Downfall","Marisa£®ÏF”Í°°ƒß¿Ì…≥£©","Minty Spire (QoL Compilation)","Remilia£®¿Ÿ√◊¿Ú—«£©","StSLib","The Bug Knight","The Servant 0.9.4"],"gold_per_floor":[99,99,99,99,99,99,99,99,374,174,185,199,199,219,237,237,237,237],"floor_reached":16,"language":"ZHS","playtime":2067,"items_purged":[],"score":88,"play_id":"b78d0240-daf5-446c-b08a-1ddb0b016f01","local_time":"20210211101315","is_ascension_mode":false,"campfire_choices":[{"floor":1.0,"key":"RECALL"},{"data":"Slimebound:Repurpose","floor":6.0,"key":"SMITH"},{"data":"Slimebound:SpikyOuterGoop","floor":10.0,"key":"SMITH"},{"floor":13.0,"key":"REST"}],"circlet_count":0,"master_deck":["Slimebound:Strike_Slimebound","Slimebound:Strike_Slimebound","Slimebound:Strike_Slimebound","Slimebound:Tackle","Slimebound:Defend_Slimebound","Slimebound:Defend_Slimebound","Slimebound:Defend_Slimebound","Slimebound:Defend_Slimebound","Slimebound:Split","Slimebound:CorrosiveSpit","Slimebound:SplitAcid","Slimebound:CorrosiveSpit","Slimebound:Repurpose+1","Slimebound:SpikyOuterGoop+1","Regret","Slimebound:FormOfPuddle","Slimebound:Teamwork","Slimebound:LivingWall","Slimebound:SlimeTap"],"relics":["Slimebound:AbsorbEndCombat","downfall:HeartsMalice","Blue Candle","downfall:HeartBlessingRed","downfall:HeartBlessingBlue"],"acts_visited":["Exordium"],"potions_floor_usage":[],"damage_taken":[{"damage":0.0,"enemies":"Jaw Worm","floor":2.0,"turns":1.0},{"damage":0.0,"enemies":"Cultist","floor":4.0,"turns":1.0},{"damage":0.0,"enemies":"2 Louse","floor":8.0,"turns":1.0},{"damage":18.0,"enemies":"Red Slaver","floor":11.0,"turns":4.0},{"damage":14.0,"enemies":"3 Louse","floor":12.0,"turns":3.0},{"damage":50.0,"enemies":"Large Slime","floor":14.0,"turns":7.0},{"damage":10.0,"enemies":"2 Fungi Beasts","floor":15.0,"turns":4.0},{"damage":0,"enemies":"WA_ARCHETYPE_RETAIN","floor":16,"turns":1}],"seed_played":"-3621666829396839754","potions_obtained":[{"floor":14.0,"key":"Weak Potion"}],"is_trial":false,"path_per_floor":["R","M","?","M","?","R","T","M","?","R","M","M","R","M","M","B"],"character_chosen":"SLIMEBOUND","items_purchased":[],"campfire_rested":1,"item_purchase_floors":[],"current_hp_per_floor":[65,65,65,65,60,60,60,60,60,70,54,44,66,20,12,12,12,12],"gold":237,"neow_bonus":"THREE_ENEMY_KILL","is_daily":false,"chose_seed":false,"campfire_upgraded":2,"win_rate":0.0,"timestamp":1613009595,"path_taken":["R","M","?","?","?","R","T","M","?","R","M","?","R","M","M","BOSS"],"items_purchased_type":[],"build_version":"2020-12-22","purchased_purges":0,"victory":false,"max_hp_per_floor":[65,65,65,65,65,65,65,65,65,75,75,75,75,75,75,75,75,75],"card_choices":[{"not_picked":["Slimebound:LeechingTouch","Slimebound:FinishingTackle"],"picked":"Slimebound:SplitAcid","floor":2.0},{"not_picked":["Slimebound:ItLooksTasty","Slimebound:PressTheAttack"],"picked":"Slimebound:Repurpose","floor":4.0},{"not_picked":["Slimebound:GoopTackle","Slimebound:SplitLeeching"],"picked":"Slimebound:SpikyOuterGoop","floor":8.0},{"not_picked":["Slimebound:SplitLeeching","Slimebound:SplitAcid"],"picked":"Slimebound:FormOfPuddle","floor":11.0},{"not_picked":["Slimebound:SplitAcid","Slimebound:PressTheAttack"],"picked":"Slimebound:Teamwork","floor":12.0},{"not_picked":["Slimebound:GoopSpray","Slimebound:Schlurp"],"picked":"Slimebound:LivingWall","floor":14.0},{"not_picked":["Slimebound:HauntingLick","Slimebound:MegaLick"],"picked":"Slimebound:SlimeTap","floor":15.0}],"player_experience":83468,"relics_obtained":[],"event_choices":[],"is_beta":false,"boss_relics":[],"items_purged_floors":[],"is_endless":false,"potions_floor_spawned":[14],"killed_by":"WA_ARCHETYPE_RETAIN","ascension_level":0}}