{"host":"04hh9gplt9wkfmr1","time":1613075640,"event":{"mods":["AchievementEnabler","BaseMod","Colored Map","KOR Keyword Fix","Minty Spire (QoL Compilation)","Rare Cards Sparkle","SuperFastMode"],"gold_per_floor":[113,124,124,141,160,160,190,190,190,222,222,222,173,190,190,190,190],"floor_reached":16,"language":"KOR","playtime":517,"items_purged":[],"score":116,"play_id":"52e9f75e-336c-466b-b28c-453b141739f7","local_time":"20210212053400","is_ascension_mode":true,"campfire_choices":[{"data":"MentalFortress","floor":6.0,"key":"SMITH"},{"data":"Eruption","floor":8.0,"key":"SMITH"},{"floor":12.0,"key":"REST"},{"floor":15.0,"key":"REST"}],"circlet_count":0,"master_deck":["Strike_P","Strike_P","Strike_P+1","Strike_P+1","Defend_P","Defend_P","Defend_P","Defend_P","Eruption+1","Vigilance","Crescendo","Evaluate","ClearTheMind","MentalFortress+1","DeusExMachina","FlurryOfBlows","Halt"],"relics":["PureWater","Peace Pipe","Frozen Egg 2","White Beast Statue","Ice Cream"],"acts_visited":["Exordium"],"potions_floor_usage":[16],"damage_taken":[{"damage":6.0,"enemies":"Jaw Worm","floor":1.0,"turns":3.0},{"damage":0.0,"enemies":"Small Slimes","floor":2.0,"turns":3.0},{"damage":0.0,"enemies":"Cultist","floor":4.0,"turns":3.0},{"damage":0.0,"enemies":"Blue Slaver","floor":5.0,"turns":2.0},{"damage":20.0,"enemies":"3 Sentries","floor":7.0,"turns":12.0},{"damage":27.0,"enemies":"Gremlin Nob","floor":10.0,"turns":4.0},{"damage":5.0,"enemies":"Large Slime","floor":14.0,"turns":4.0},{"damage":48,"enemies":"Hexaghost","floor":16,"turns":11}],"seed_played":"-2952504754231106886","potions_obtained":[{"floor":2.0,"key":"Swift Potion"},{"floor":14.0,"key":"Block Potion"}],"is_trial":false,"path_per_floor":["M","M","?","M","M","R","E","R","T","E","?","R","$","M","R","B"],"character_chosen":"WATCHER","items_purchased":["FlurryOfBlows"],"campfire_rested":2,"item_purchase_floors":[13],"current_hp_per_floor":[73,73,57,57,57,57,37,37,37,10,7,30,30,25,48,0,0],"gold":190,"neow_bonus":"TEN_PERCENT_HP_BONUS","is_daily":false,"chose_seed":false,"campfire_upgraded":2,"win_rate":0.0,"timestamp":1613075640,"path_taken":["M","M","?","M","M","R","E","R","T","E","?","R","$","M","R","BOSS"],"items_purchased_type":["Card"],"build_version":"2020-12-22","purchased_purges":0,"victory":false,"max_hp_per_floor":[79,79,79,79,79,79,79,79,79,79,79,79,79,79,79,79,79],"card_choices":[{"not_picked":["Consecrate","SashWhip"],"picked":"Crescendo","floor":1.0},{"not_picked":["ThirdEye","JustLucky"],"picked":"Evaluate","floor":2.0},{"not_picked":["CrushJoints","BowlingBash"],"picked":"ClearTheMind","floor":4.0},{"not_picked":["ReachHeaven","Collect"],"picked":"MentalFortress","floor":5.0},{"not_picked":["Prostrate","FlyingSleeves","Consecrate"],"picked":"SKIP","floor":7.0},{"not_picked":["Swivel","CutThroughFate"],"picked":"DeusExMachina","floor":10.0},{"not_picked":["PathToVictory","BattleHymn+1"],"picked":"Halt","floor":14.0}],"player_experience":148569,"relics_obtained":[{"floor":7.0,"key":"Peace Pipe"},{"floor":9.0,"key":"Frozen Egg 2"},{"floor":10.0,"key":"White Beast Statue"}],"event_choices":[{"damage_healed":0.0,"max_hp_gain":0.0,"max_hp_loss":0.0,"gold_gain":0.0,"event_name":"Shining Light","player_choice":"Entered Light","floor":3.0,"gold_loss":0.0,"damage_taken":16.0,"cards_upgraded":["Strike_P","Strike_P"]},{"damage_healed":0.0,"max_hp_gain":0.0,"max_hp_loss":0.0,"gold_gain":0.0,"event_name":"Scrap Ooze","player_choice":"Success","floor":11.0,"gold_loss":0.0,"damage_taken":3.0,"relics_obtained":["Ice Cream"]}],"is_beta":false,"boss_relics":[],"items_purged_floors":[],"is_endless":false,"potions_floor_spawned":[2,14],"killed_by":"Hexaghost","ascension_level":1}}