{"host":"vyjryxuuuxkt43k4","time":1613005977,"event":{"mods":["AchievementEnabler","BaseMod","Colored Map","DeckTracker","Keyboard Shortcuts","Minty Spire (QoL Compilation)","Permanent Neow","Quick Restart","StSLib","SuperFastMode","everything is the same but u backflip on backflip"],"gold_per_floor":[212,212,223,109,109,134,148,159,159,159,159,159,7,23,23,97,97,108,118,129,149,24,50,50,84,84,84,84,84,84,10,10,87,87,98,98,43,63,79,79,94,94,94,107,107,107],"floor_reached":45,"language":"KOR","playtime":2906,"items_purged":["Strike_B","Pain","Strike_B"],"score":1010,"play_id":"50a3bf72-cc8a-46e8-b708-19168574d33e","local_time":"20210211101257","is_ascension_mode":true,"campfire_choices":[{"floor":12,"key":"REST"},{"data":"Fission","floor":15,"key":"SMITH"},{"data":"Chaos","floor":24,"key":"SMITH"},{"data":"Loop","floor":27,"key":"SMITH"},{"data":"Defragment","floor":30,"key":"SMITH"},{"floor":32,"key":"REST"},{"data":"Dualcast","floor":40,"key":"SMITH"}],"circlet_count":0,"master_deck":["AscendersBane","Strike_B","Strike_B","Defend_B","Defend_B","Defend_B","Defend_B","Zap","Dualcast+1","Darkness+1","Sunder+1","Lockon","Genetic Algorithm","Chaos+1","Fission+1","Coolheaded","Defragment+1","Multi-Cast","Self Repair","Compile Driver","Beam Cell","Double Energy","Reboot","Loop+1","Skim","Buffer","Hologram+1","Turbo","Glacier","Stack"],"relics":["FrozenCore","Cables","TungstenRod","WarpedTongs","CaptainsWheel","Girya","Matryoshka","Runic Pyramid","Anchor"],"acts_visited":["Exordium","TheCity","TheBeyond"],"potions_floor_usage":[6,8,21,23,25,42,45],"damage_taken":[{"damage":7,"enemies":"Jaw Worm","floor":1,"turns":3},{"damage":17,"enemies":"Small Slimes","floor":3,"turns":3},{"damage":40,"enemies":"Lagavulin","floor":6,"turns":4},{"damage":0,"enemies":"Cultist","floor":7,"turns":2},{"damage":0,"enemies":"Looter","floor":8,"turns":2},{"damage":7,"enemies":"Exordium Thugs","floor":14,"turns":3},{"damage":0,"enemies":"The Guardian","floor":16,"turns":9},{"damage":9,"enemies":"Shell Parasite","floor":18,"turns":5},{"damage":5,"enemies":"Chosen","floor":19,"turns":5},{"damage":8,"enemies":"Snecko","floor":20,"turns":7},{"damage":14,"enemies":"Snake Plant","floor":21,"turns":5},{"damage":27,"enemies":"Gremlin Leader","floor":23,"turns":7},{"damage":10,"enemies":"Book of Stabbing","floor":25,"turns":6},{"damage":36,"enemies":"Champ","floor":33,"turns":10},{"damage":0,"enemies":"3 Darklings","floor":35,"turns":7},{"damage":0,"enemies":"3 Shapes","floor":38,"turns":3},{"damage":4,"enemies":"Sphere and 2 Shapes","floor":39,"turns":3},{"damage":13,"enemies":"Spire Growth","floor":41,"turns":8},{"damage":0,"enemies":"Transient","floor":42,"turns":1},{"damage":14,"enemies":"Maw","floor":44,"turns":9},{"damage":67,"enemies":"Reptomancer","floor":45,"turns":2}],"seed_played":"-5373346900557331304","potions_obtained":[{"floor":1,"key":"CultistPotion"},{"floor":7,"key":"AttackPotion"},{"floor":19,"key":"Swift Potion"},{"floor":20,"key":"CultistPotion"},{"floor":21,"key":"BlessingOfTheForge"},{"floor":35,"key":"FearPotion"},{"floor":38,"key":"EssenceOfSteel"},{"floor":39,"key":"SmokeBomb"},{"floor":44,"key":"Explosive Potion"}],"is_trial":false,"path_per_floor":["M","?","M","$","?","E","M","M","T","$","?","R","$","M","R","B",null,"M","M","M","M","$","E","R","E","T","R","?","?","R","$","R","B",null,"M","?","$","M","M","R","M","M","T","M","E"],"character_chosen":"DEFECT","items_purchased":["Lockon","Coolheaded","Skim","Turbo"],"campfire_rested":2,"item_purchase_floors":[4,13,31,37],"current_hp_per_floor":[57,62,45,45,45,5,5,5,5,5,5,27,27,20,20,20,62,53,55,54,47,47,27,27,27,27,27,27,27,27,27,49,20,62,69,69,69,76,72,72,66,66,66,59,0,0],"gold":107,"neow_bonus":"HUNDRED_GOLD","is_daily":false,"chose_seed":false,"campfire_upgraded":5,"win_rate":0.0,"timestamp":1613005977,"path_taken":["M","?","M","$","?","E","?","M","T","?","?","R","$","M","R","BOSS","M","M","M","M","$","E","R","E","T","R","?","?","R","$","R","BOSS","M","?","?","M","M","R","M","?","T","M","E"],"items_purchased_type":["Card","Card","Card","Card"],"build_version":"2020-12-22","purchased_purges":3,"victory":false,"max_hp_per_floor":[71,76,76,76,76,76,76,76,76,76,76,76,76,76,76,76,76,76,76,76,76,76,76,76,76,76,76,76,76,76,76,76,76,76,76,76,76,76,76,76,76,76,76,76,76,76],"card_choices":[{"not_picked":["Rebound","Recycle"],"picked":"Darkness","floor":1},{"not_picked":["Barrage","Leap"],"picked":"Sunder","floor":3},{"not_picked":["Consume","Streamline"],"picked":"Genetic Algorithm","floor":6},{"not_picked":["Stack","Double Energy"],"picked":"Chaos","floor":7},{"not_picked":["Leap","Storm"],"picked":"Fission","floor":8},{"not_picked":["Rip and Tear","Aggregate"],"picked":"Defragment","floor":14},{"not_picked":["Hyperbeam","Buffer"],"picked":"Multi-Cast","floor":16},{"not_picked":["Darkness+1","Streamline"],"picked":"Self Repair","floor":18},{"not_picked":["Beam Cell","Rebound+1"],"picked":"Compile Driver","floor":19},{"not_picked":["Ball Lightning","Steam"],"picked":"Beam Cell","floor":20},{"not_picked":["Streamline+1","Coolheaded"],"picked":"Double Energy","floor":21},{"not_picked":["Conserve Battery","Chill"],"picked":"Reboot","floor":23},{"not_picked":["Streamline","Gash"],"picked":"Loop","floor":25},{"not_picked":["Electrodynamics","Hyperbeam"],"picked":"Buffer","floor":33},{"not_picked":["Turbo","Ball Lightning"],"picked":"Hologram+1","floor":35},{"not_picked":["Conserve Battery","Stack"],"picked":"Glacier","floor":38},{"not_picked":["Gash+1","Redo","Coolheaded"],"picked":"SKIP","floor":39},{"not_picked":["Static Discharge","Thunder Strike","Beam Cell"],"picked":"SKIP","floor":41},{"not_picked":["Coolheaded","Storm+1"],"picked":"Stack","floor":44}],"player_experience":909992,"relics_obtained":[{"floor":6,"key":"Cables"},{"floor":9,"key":"TungstenRod"},{"floor":23,"key":"CaptainsWheel"},{"floor":25,"key":"Girya"},{"floor":26,"key":"Matryoshka"},{"floor":43,"key":"Anchor"}],"event_choices":[{"damage_healed":0,"gold_gain":0,"player_choice":"Donut","damage_taken":0,"max_hp_gain":5,"max_hp_loss":0,"event_name":"Big Fish","floor":2,"gold_loss":0},{"damage_healed":0,"gold_gain":0,"player_choice":"Grow","damage_taken":0,"max_hp_gain":0,"max_hp_loss":0,"event_name":"Living Wall","floor":5,"gold_loss":0,"cards_upgraded":["Sunder"]},{"damage_healed":0,"gold_gain":0,"player_choice":"Rummage","damage_taken":0,"relics_obtained":["WarpedTongs"],"max_hp_gain":0,"max_hp_loss":0,"event_name":"Accursed Blacksmith","floor":11,"gold_loss":0,"cards_obtained":["Pain"]},{"damage_healed":0,"gold_gain":0,"player_choice":"Ignored","damage_taken":0,"max_hp_gain":0,"max_hp_loss":0,"event_name":"Vampires","floor":29,"gold_loss":0},{"damage_healed":0,"gold_gain":0,"player_choice":"Upgraded","damage_taken":0,"max_hp_gain":0,"max_hp_loss":0,"event_name":"Upgrade Shrine","floor":36,"gold_loss":0,"cards_upgraded":["Darkness"]}],"is_beta":false,"boss_relics":[{"not_picked":["Busted Crown","Runic Dome"],"picked":"FrozenCore"},{"not_picked":["Astrolabe","Fusion Hammer"],"picked":"Runic Pyramid"}],"items_purged_floors":[4,13,22],"is_endless":false,"potions_floor_spawned":[1,7,19,20,21,35,38,39,44],"killed_by":"Reptomancer","ascension_level":20}}