{"host":"z2dev7aeib1ulpz6","time":1613016808,"event":{"mods":["2.2 Compatiblity","Abigail Mod","AchievementEnabler","Act Like it!","AlwaysNeverKeys","Aspiration","BaseMod","Beaked The Cultist","Better Altar","Better Match","Better Note","Better Sensory Stone","Better Skull","Better Third Choice","Better Vampires","BetterRewards","CapriCore","Colored Map","Colored Powertips","Conspire","Downfall","Duelist Mod","Elementarium","Emptier Cage","Exacting","Fiend Mod","Friendly Minions","FruityMod","Gensokyo","GifTheSpireLib","Googly Eyes","Hallownest","Highlight Path","Hubris","Infinite Spire","Marisa????????","Menagerie","Minty Spire (QoL Compilation)","Random Character Button","Relic Filter","Relic Sorter","Relic Stats","Replay The Spire","Shop Mod","Spicy Shops","Spikes Relics","StS++","StSLib","Stuff the Spire","SuperFastMode","The Awakened One except there are too many feathers","The Bug Knight","The IronCluck","The Marked","The Mystic","The Problem Sleuth","The Runesmith","The Servant 0.9.4","Trackpad","Transform Curses","Wandering Minibosses","[JumpMod]????","egg","slay the spire mod where everything is the same but ironclad has a cowboy hat","thorton"],"gold_per_floor":[112,130,130,54,278,278,278,289,316,358,258,258,276,276,276,386,386,413,436,436,458,215,241,241,241,281,281,281,506,431,445,445,548,548,583,609,609,609,629,629,655,655,679,703,59,102,220,236,236,236],"floor_reached":51,"language":"ENG","playtime":3405,"items_purged":[],"score":806,"play_id":"b1891938-0b53-4dee-8e4e-3b57df00b81e","local_time":"20210211041328","is_ascension_mode":true,"campfire_choices":[{"floor":6,"key":"REST"},{"data":"hexamod:EtherealExpedition","floor":11,"key":"SMITH"},{"floor":15,"key":"REST"},{"floor":32,"key":"REST"},{"data":"hexamod:ForkedFlame","floor":49,"key":"SMITH"}],"circlet_count":0,"master_deck":["hexamod:Strike+1","hexamod:Strike+1","hexamod:Strike+1","hexamod:Defend+1","hexamod:Defend+1","hexamod:Defend+1","hexamod:Sear","hexamod:Float+1","hexamod:ThirdSeal","hexamod:SpectersWail+1","hexamod:EtherealExpedition+1","hexamod:PhantomFireball","hexamod:InspiringFlames","hexamod:SecondSeal","hexamod:PowerFromBeyond","hexamod:HauntingEcho+1","hexamod:WildfireWeapon+1","hexamod:FourthSeal","hexamod:FastForward","hexamod:FirstSeal","Gensokyo:SlitMouthedWoman","hexamod:RainOfEmbers+1","hexamod:ForkedFlame+1","hexamod:ThermalTransfer+1","hexamod:NightmareStrike+1","hexamod:NightmareStrike+1","hexamod:FifthSeal"],"relics":["hexamod:SpiritBrand","hubris:Icosahedron","HowToJump","Replay:Mystery Machine","trackpad:IceCube","HollowMod:PaleOreRelic","Oddly Smooth Stone","trackpad:Mousetrap","Strawberry","infinitespire:EmpoweringShard","downfall:HeartBlessingGreen","Snack Pack","aspiration:SecretTechniqueScroll","HandDrill","infinitespire:FocusingShard","trackpad:WondrousWand","Sozu","Membership Card","Bronze Scales","hubris:Backtick","Charon\u0027s Ashes","Ring of Hypnosis","ReplayTheSpireMod:Ring of Exchange","conspire:TreasureMap","PreservedInsect","aspiration:PoetsPen_weak","Astrolabe","MiniBlackHole"],"acts_visited":["Menagerie:Menagerie","Gensokyo:Gensokyoer","Gensokyo:Gensokyoest"],"potions_floor_usage":[8,10,16,21,23,31],"damage_taken":[{"damage":0,"enemies":"Menagerie:StygianBoar","floor":1,"turns":3},{"damage":0,"enemies":"Menagerie:WhisperingWraith","floor":2,"turns":4},{"damage":0,"enemies":"downfall:FleeingMerchant","floor":4,"turns":4},{"damage":2,"enemies":"Menagerie:MonstrousExperiment","floor":8,"turns":2},{"damage":2,"enemies":"Menagerie:MENAGERIE_WILDLIFE","floor":9,"turns":4},{"damage":10,"enemies":"Menagerie:Hydra","floor":10,"turns":4},{"damage":4,"enemies":"Menagerie:EntropyWarlock","floor":13,"turns":2},{"damage":52,"enemies":"DF_ARCHETYPE_STREAMLINE","floor":16,"turns":11},{"damage":25,"enemies":"Gensokyo:3_Dogs","floor":18,"turns":6},{"damage":8,"enemies":"Gensokyo:2_Gloops","floor":19,"turns":4},{"damage":11,"enemies":"Gensokyo:Wraith","floor":21,"turns":5},{"damage":0,"enemies":"Gensokyo:Swordslinger","floor":23,"turns":4},{"damage":33,"enemies":"Gensokyo:Tenshi","floor":26,"turns":6},{"damage":7,"enemies":"Gensokyo:Mirror_and_Dog","floor":29,"turns":4},{"damage":5,"enemies":"Gensokyo:3_Gloops","floor":31,"turns":4},{"damage":29,"enemies":"IC_MUSHROOM_ARCHETYPE","floor":33,"turns":6},{"damage":5,"enemies":"Gensokyo:3_Boulders","floor":35,"turns":4},{"damage":5,"enemies":"Gensokyo:AncientGuardian","floor":36,"turns":4},{"damage":8,"enemies":"Gensokyo:3_Boulders","floor":39,"turns":4},{"damage":0,"enemies":"Gensokyo:SeedOfUnknown","floor":43,"turns":3},{"damage":9,"enemies":"Gensokyo:Rafflesia","floor":44,"turns":6},{"damage":1,"enemies":"Gensokyo:Doremy","floor":46,"turns":4},{"damage":0,"enemies":"Gensokyo:AtlasGolem","floor":47,"turns":3},{"damage":0,"enemies":"Gensokyo:SeedOfUnknown","floor":48,"turns":3},{"damage":48,"enemies":"WA_ARCHETYPE_DIVINITY","floor":50,"turns":7}],"seed_played":"4085080149352998913","potions_obtained":[{"floor":2,"key":"FearPotion"},{"floor":9,"key":"hexamod:EctoCoolerPotion"},{"floor":13,"key":"SkillPotion"},{"floor":19,"key":"SkillPotion"},{"floor":19,"key":"Venom Potion"},{"floor":21,"key":"DistilledChaos"},{"floor":23,"key":"Swift Potion"},{"floor":26,"key":"Elixir"}],"is_trial":false,"path_per_floor":["R_BF","M","?","$","?","R","T","M","M","E","R","?","M","T","R","B",null,"M","M","?","M","COS","M","T","?","E","AVR","?","M","?","M","R","B",null,"M","M","?","?","M","AVR","T","?","M","M","COS","E","M","M","R","B",null],"character_chosen":"THE_SPIRIT","items_purchased":["HollowMod:PaleOreRelic"],"campfire_rested":3,"item_purchase_floors":[4],"current_hp_per_floor":[70,70,70,70,26,47,54,52,50,40,40,40,36,36,59,11,77,54,46,54,43,43,45,45,38,14,14,14,16,16,18,39,21,70,65,69,69,69,68,68,68,70,70,70,70,70,70,70,70,35],"gold":236,"neow_bonus":"RANDOM_COMMON_RELIC","is_daily":false,"chose_seed":false,"campfire_upgraded":2,"win_rate":0.0,"timestamp":1613016808,"path_taken":["R_BF","M","?","$","?","R","T","?","?","E","R","?","M","?","R","BOSS","M","M","?","M","COS","?","T","?","E","AVR","?","M","?","M","R","BOSS","M","M","?","?","M","AVR","T","?","M","M","COS","E","?","M","R","BOSS"],"items_purchased_type":["Relic"],"build_version":"2020-12-22","purchased_purges":0,"victory":true,"max_hp_per_floor":[70,70,70,70,70,70,77,77,77,77,77,77,77,77,77,77,77,77,77,77,77,77,77,77,77,77,77,70,70,70,70,70,70,70,70,70,70,70,70,70,70,70,70,70,70,70,70,70,70,70],"relic_stats":{"Sozu":12,"counters":[25,111],"Bronze Scales":[72],"Astrolabe":["hexamod:NightmareStrike","hexamod:NightmareStrike","hexamod:FifthSeal"],"Charon\u0027s Ashes":[159],"PreservedInsect":63,"HandDrill":[40],"obtain_stats":[{"trackpad:Mousetrap":5,"ReplayTheSpireMod:Ring of Exchange":38,"trackpad:IceCube":3,"downfall:HeartBlessingGreen":11,"aspiration:PoetsPen_weak":45,"trackpad:WondrousWand":26,"Replay:Mystery Machine":0,"Sozu":27,"hubris:Backtick":34,"hubris:Icosahedron":37,"Strawberry":7,"MiniBlackHole":46,"HandDrill":22,"HollowMod:PaleOreRelic":4,"hexamod:SpiritBrand":0,"conspire:TreasureMap":40,"HowToJump":0,"Ring of Hypnosis":38,"Astrolabe":45,"Oddly Smooth Stone":5,"infinitespire:FocusingShard":24,"Charon\u0027s Ashes":34,"PreservedInsect":41,"aspiration:SecretTechniqueScroll":17,"Bronze Scales":29,"infinitespire:EmpoweringShard":10,"Snack Pack":14,"Membership Card":27},{"trackpad:Mousetrap":3,"ReplayTheSpireMod:Ring of Exchange":18,"trackpad:IceCube":2,"downfall:HeartBlessingGreen":6,"aspiration:PoetsPen_weak":21,"trackpad:WondrousWand":13,"Replay:Mystery Machine":0,"Sozu":13,"hubris:Backtick":16,"hubris:Icosahedron":18,"Strawberry":3,"MiniBlackHole":22,"HandDrill":11,"HollowMod:PaleOreRelic":3,"hexamod:SpiritBrand":0,"conspire:TreasureMap":19,"HowToJump":0,"Ring of Hypnosis":18,"Astrolabe":21,"Oddly Smooth Stone":3,"infinitespire:FocusingShard":12,"Charon\u0027s Ashes":16,"PreservedInsect":19,"aspiration:SecretTechniqueScroll":8,"Bronze Scales":14,"infinitespire:EmpoweringShard":6,"Snack Pack":7,"Membership Card":13},{"trackpad:Mousetrap":11,"ReplayTheSpireMod:Ring of Exchange":81,"trackpad:IceCube":7,"downfall:HeartBlessingGreen":21,"aspiration:PoetsPen_weak":94,"trackpad:WondrousWand":59,"Replay:Mystery Machine":0,"Sozu":59,"hubris:Backtick":73,"hubris:Icosahedron":81,"Strawberry":11,"MiniBlackHole":98,"HandDrill":49,"HollowMod:PaleOreRelic":11,"hexamod:SpiritBrand":0,"conspire:TreasureMap":85,"HowToJump":0,"Ring of Hypnosis":81,"Astrolabe":94,"Oddly Smooth Stone":11,"infinitespire:FocusingShard":53,"Charon\u0027s Ashes":73,"PreservedInsect":85,"aspiration:SecretTechniqueScroll":34,"Bronze Scales":61,"infinitespire:EmpoweringShard":21,"Snack Pack":23,"Membership Card":59}]},"card_choices":[{"not_picked":["hexamod:RadiantFlame","hexamod:Haunt"],"picked":"hexamod:ThirdSeal","floor":1},{"not_picked":["hexamod:GhostShield","hexamod:NightmareStrike"],"picked":"hexamod:SpectersWail","floor":2},{"not_picked":["hexamod:NightmareStrike","hexamod:GhostShield"],"picked":"hexamod:EtherealExpedition","floor":2},{"not_picked":["hexamod:DynamicBlow","hexamod:CatchUp"],"picked":"hexamod:PhantomFireball","floor":4},{"not_picked":["hexamod:GhostOfSpirePast","hexamod:Incineration"],"picked":"hexamod:InspiringFlames","floor":4},{"not_picked":["hexamod:ShieldOfDarkness","hexamod:RecurringNightmare"],"picked":"hexamod:SecondSeal","floor":8},{"not_picked":["hexamod:GhostflameBarrier","hexamod:SpectralSpark"],"picked":"hexamod:SixthSeal","floor":8},{"not_picked":["hexamod:SecondSeal","hexamod:GhostOfSpirePast","hexamod:GhostflameBarrier"],"picked":"SKIP","floor":9},{"not_picked":["hexamod:Hexaguard","hexamod:SwordOfDarkness","hexamod:DynamicBlow"],"picked":"SKIP","floor":9},{"not_picked":["hexamod:AdvancingGuard","hexamod:RadiantFlame"],"picked":"hexamod:PowerFromBeyond","floor":10},{"not_picked":["hexamod:PowerFromBeyond","hexamod:NightmareStrike","hexamod:ExtraCrispy"],"picked":"SKIP","floor":10},{"not_picked":["hexamod:SuperheatedStrike","hexamod:SpectersWail"],"picked":"hexamod:HauntingEcho","floor":13},{"not_picked":["hexamod:SecondSeal","hexamod:GhostShield","hexamod:AdvancingGuard"],"picked":"SKIP","floor":13},{"not_picked":["hexamod:SixthSeal","hexamod:TimeWarp"],"picked":"hexamod:WildfireWeapon","floor":16},{"not_picked":["hexamod:SkipABeat","hexamod:HauntingEcho"],"picked":"hexamod:FourthSeal","floor":18},{"not_picked":["hexamod:FourthSeal","hexamod:SkipABeat"],"picked":"hexamod:FastForward","floor":18},{"not_picked":["hexamod:ShieldOfDarkness","hexamod:GhostLash","hexamod:HauntingEcho"],"picked":"SKIP","floor":19},{"not_picked":["hexamod:GhostOfSpireFuture+1","hexamod:Firestarter","hexamod:BacktrackSmack"],"picked":"SKIP","floor":19},{"not_picked":["hexamod:Hexaguard+1","hexamod:StepThrough+1","hexamod:GhostShield+1"],"picked":"SKIP","floor":21},{"not_picked":["hexamod:GiftsFromTheDead","hexamod:PowerFromBeyond","hexamod:HeatShield"],"picked":"SKIP","floor":23},{"not_picked":["hexamod:BacktrackSmack","hexamod:SpectralSpark","hexamod:InspiringFlames"],"picked":"SKIP","floor":23},{"not_picked":["hexamod:NightmareStrike+1","hexamod:SpectersWail","hexamod:HeatShield"],"picked":"SKIP","floor":26},{"not_picked":["Gensokyo:LittleGreenMen","Gensokyo:RedCapeBlueCape"],"picked":"Gensokyo:SlitMouthedWoman","floor":28},{"not_picked":["hexamod:HauntingEcho","hexamod:SecondSeal","hexamod:FirstSeal"],"picked":"SKIP","floor":29},{"not_picked":["hexamod:InspiringFlames+1","hexamod:FirstSeal","hexamod:SpectralSpark"],"picked":"SKIP","floor":29},{"not_picked":["hexamod:EtherealExpedition","hexamod:EmpoweredFlame"],"picked":"hexamod:RainOfEmbers","floor":30},{"not_picked":["hexamod:NightmareGuise","hexamod:InspiringFlames+1","hexamod:FlamesFromBeyond+1"],"picked":"SKIP","floor":31},{"not_picked":["hexamod:ParanormalForm","hexamod:HexaLevel"],"picked":"hexamod:ForkedFlame","floor":33},{"not_picked":["hexamod:BacktrackSmack+1","hexamod:Hexaguard"],"picked":"hexamod:ThermalTransfer+1","floor":35},{"not_picked":["hexamod:NightmareGuise","hexamod:SpectralAdrenaline+1","hexamod:ChargedBarrage+1"],"picked":"SKIP","floor":35},{"not_picked":["hexamod:FastForward","hexamod:GhostLash+1","hexamod:GhostOfSpirePast+1"],"picked":"SKIP","floor":36},{"not_picked":["hexamod:SpectralSpark+1","hexamod:InspiringFlames+1","hexamod:ApocalypticArmor"],"picked":"SKIP","floor":36},{"not_picked":["hexamod:BurningTouch+1","hexamod:SpectralAdrenaline+1","hexamod:SuperheatedStrike"],"picked":"SKIP","floor":39},{"not_picked":["hexamod:HeatShield","hexamod:FourthSeal","hexamod:SwordOfDarkness+1"],"picked":"SKIP","floor":39},{"not_picked":["hexamod:Firestarter+1","hexamod:EmpoweredFlame+1","hexamod:Haunt"],"picked":"SKIP","floor":43},{"not_picked":["hexamod:NightmareGuise+1","hexamod:HeatMetal+1","hexamod:SpectersWail"],"picked":"SKIP","floor":43},{"not_picked":["hexamod:SecondSeal","hexamod:NightmareGuise","hexamod:SuperheatedStrike+1"],"picked":"SKIP","floor":44},{"not_picked":["hexamod:GhostShield","hexamod:FirstSeal","hexamod:Haunt"],"picked":"SKIP","floor":46},{"not_picked":["hexamod:GhostOfSpireFuture","hexamod:Incineration+1","hexamod:HeatCrush"],"picked":"SKIP","floor":46},{"not_picked":["hexamod:SpectersWail+1","hexamod:HeatMetal+1","hexamod:GhostLash"],"picked":"SKIP","floor":47},{"not_picked":["hexamod:GhostLash+1","hexamod:PowerFromBeyond+1","hexamod:BurningTouch+1"],"picked":"SKIP","floor":48}],"player_experience":1124949,"relics_obtained":[{"floor":7,"key":"Strawberry"},{"floor":10,"key":"infinitespire:EmpoweringShard"},{"floor":14,"key":"Snack Pack"},{"floor":24,"key":"infinitespire:FocusingShard"},{"floor":26,"key":"trackpad:WondrousWand"},{"floor":38,"key":"Ring of Hypnosis"},{"floor":38,"key":"ReplayTheSpireMod:Ring of Exchange"},{"floor":41,"key":"PreservedInsect"},{"floor":46,"key":"MiniBlackHole"}],"event_choices":[{"damage_healed":0,"gold_gain":224,"player_choice":"RE GO RE GO ","damage_taken":50,"relics_obtained":["Oddly Smooth Stone","trackpad:Mousetrap"],"max_hp_gain":0,"max_hp_loss":0,"event_name":"betterSkull:BetterSkull","floor":5,"gold_loss":0,"cards_upgraded":[]},{"cards_removed":["StuffTheSpire:CuriosityCurse"],"damage_healed":0,"gold_gain":0,"player_choice":"Snake","damage_taken":0,"max_hp_gain":0,"max_hp_loss":0,"event_name":"Menagerie:ThreeAnimals","floor":12,"gold_loss":0},{"damage_healed":0,"gold_gain":0,"player_choice":"1","damage_taken":0,"max_hp_gain":0,"max_hp_loss":0,"event_name":"betterMatch:BetterMatch","floor":30,"gold_loss":0,"cards_obtained":["betterMatch:UncommonCard","betterMatch:CommonCard"]},{"damage_healed":4,"gold_gain":0,"player_choice":"LEAVE ","damage_taken":0,"relics_obtained":[],"max_hp_gain":0,"max_hp_loss":0,"event_name":"betterSkull:BetterSkull","floor":42,"gold_loss":0,"cards_upgraded":[]}],"is_beta":false,"boss_relics":[{"not_picked":["hubris:ScarierMask","StuffTheSpire:Kangaroo"],"picked":"aspiration:SecretTechniqueScroll"},{"not_picked":["conspire:RoyalGoblet","Fusion Hammer"],"picked":"hubris:Backtick"}],"items_purged_floors":[],"is_endless":false,"potions_floor_spawned":[2,9,13,19,26,35,44,47,48],"ascension_level":1}}