{"host":"7ij4m6ehapfophuy","time":1613011959,"event":{"mods":["BaseMod","Bestiary","Curses Come First","Filter the Spire","Minty Spire (QoL Compilation)","Relic Stats","StSLib","ojb\u0027s Better Paths Mod"],"gold_per_floor":[117,134,134,153,172,172,187,187,187,207,532,532,532],"floor_reached":12,"language":"ENG","playtime":913,"items_purged":[],"score":164,"play_id":"0de87af1-7b8d-44c6-81d0-741a886f2db4","local_time":"20210210215239","is_ascension_mode":true,"campfire_choices":[{"data":"Coolheaded","floor":6.0,"key":"SMITH"}],"circlet_count":0,"master_deck":["AscendersBane","Strike_B","Strike_B","Strike_B","Strike_B","Defend_B","Defend_B","Defend_B","Defend_B","Zap","Dualcast","Self Repair","Hologram","Coolheaded+1","Melter","Genetic Algorithm","Ball Lightning"],"relics":["Sozu","WingedGreaves","Old Coin"],"acts_visited":["Exordium"],"potions_floor_usage":[],"damage_taken":[{"damage":0.0,"enemies":"2 Louse","floor":1.0,"turns":2.0},{"damage":7.0,"enemies":"Small Slimes","floor":2.0,"turns":4.0},{"damage":7.0,"enemies":"Jaw Worm","floor":4.0,"turns":3.0},{"damage":2.0,"enemies":"Exordium Wildlife","floor":5.0,"turns":7.0},{"damage":17.0,"enemies":"Lots of Slimes","floor":7.0,"turns":5.0},{"damage":18.0,"enemies":"Large Slime","floor":10.0,"turns":5.0},{"damage":34.0,"enemies":"Lagavulin","floor":11.0,"turns":8.0},{"damage":52,"enemies":"Gremlin Nob","floor":12,"turns":3}],"seed_played":"2377167542215062348","potions_obtained":[],"is_trial":false,"path_per_floor":["M","M","?","M","M","R","M","?","T","M","E","E"],"character_chosen":"DEFECT","items_purchased":[],"campfire_rested":0,"item_purchase_floors":[],"current_hp_per_floor":[64,64,64,57,62,62,52,57,57,46,19,0,0],"gold":532,"neow_bonus":"BOSS_RELIC","is_daily":false,"chose_seed":false,"campfire_upgraded":1,"win_rate":0.0,"timestamp":1613011959,"path_taken":["M","M","?","M","M","R","M","?","T","M","E","E"],"items_purchased_type":[],"build_version":"2020-12-22","purchased_purges":0,"victory":false,"max_hp_per_floor":[71,71,71,71,71,71,71,76,76,76,76,76,76],"relic_stats":{"Sozu":1,"counters":[8,37],"obtain_stats":[{"Sozu":0,"WingedGreaves":9,"Cracked Core":0,"Old Coin":11},{"Sozu":0,"WingedGreaves":5,"Cracked Core":0,"Old Coin":7},{"Sozu":0,"WingedGreaves":21,"Cracked Core":0,"Old Coin":34}]},"card_choices":[{"not_picked":["Loop","Go for the Eyes"],"picked":"Self Repair","floor":1.0},{"not_picked":["Self Repair","Go for the Eyes"],"picked":"Hologram","floor":2.0},{"not_picked":["Go for the Eyes","Gash"],"picked":"Coolheaded","floor":4.0},{"not_picked":["Force Field","Conserve Battery"],"picked":"Melter","floor":5.0},{"not_picked":["Redo","Gash","Leap"],"picked":"SKIP","floor":7.0},{"not_picked":["Reinforced Body","Fusion"],"picked":"Genetic Algorithm","floor":10.0},{"not_picked":["Consume","Go for the Eyes"],"picked":"Ball Lightning","floor":11.0}],"player_experience":1080052,"relics_obtained":[{"floor":9.0,"key":"WingedGreaves"},{"floor":11.0,"key":"Old Coin"}],"event_choices":[{"damage_healed":0.0,"max_hp_gain":0.0,"max_hp_loss":0.0,"gold_gain":0.0,"event_name":"Liars Game","player_choice":"Ignored","floor":3.0,"gold_loss":0.0,"damage_taken":0.0},{"damage_healed":0.0,"max_hp_gain":5.0,"max_hp_loss":0.0,"gold_gain":0.0,"event_name":"Big Fish","player_choice":"Donut","floor":8.0,"gold_loss":0.0,"damage_taken":0.0}],"is_beta":false,"boss_relics":[],"items_purged_floors":[],"is_endless":false,"potions_floor_spawned":[1],"killed_by":"Gremlin Nob","ascension_level":20}}