{"host":"xw7092rw7wabncmm","time":1613012831,"event":{"mods":["AchievementEnabler","BaseMod","Bestiary","Block Reminder","Minty Spire (QoL Compilation)","Quick Restart","Relic Stats","Slay-I","Weighted Paths"],"gold_per_floor":[113,124,124,142,46,74,74,102,102,128,139,139,154,174,174,278,278,290,309,327,345,345,345],"floor_reached":22,"language":"ENG","playtime":1129,"items_purged":[],"score":317,"play_id":"05151731-cc35-4ec0-b743-37ef0c119802","local_time":"20210210220711","is_ascension_mode":true,"campfire_choices":[{"data":"Go for the Eyes","floor":7,"key":"SMITH"},{"data":"Go for the Eyes","floor":12,"key":"SMITH"},{"data":"Core Surge","floor":15,"key":"SMITH"}],"circlet_count":0,"master_deck":["Strike_B","Strike_B","Strike_B","Strike_B","Defend_B","Defend_B","Defend_B","Defend_B","Zap","Dualcast+1","Ball Lightning","Auto Shields","Go for the Eyes+1","Leap","Cold Snap","Core Surge+1","Go for the Eyes+1","Rip and Tear","Loop+1","Reprogram","Biased Cognition+1","Go for the Eyes","Compile Driver","Conserve Battery","Hologram"],"relics":["Cracked Core","Toy Ornithopter","Torii","Frozen Egg 2","Letter Opener","Philosopher\u0027s Stone"],"acts_visited":["Exordium","TheCity"],"potions_floor_usage":[6,6,8,16,19],"damage_taken":[{"damage":1,"enemies":"Cultist","floor":1,"turns":3},{"damage":12,"enemies":"Small Slimes","floor":2,"turns":3},{"damage":3,"enemies":"2 Louse","floor":4,"turns":2},{"damage":6,"enemies":"3 Sentries","floor":6,"turns":5},{"damage":0,"enemies":"Lagavulin","floor":8,"turns":5},{"damage":14,"enemies":"Gremlin Nob","floor":10,"turns":4},{"damage":0,"enemies":"Blue Slaver","floor":11,"turns":3},{"damage":0,"enemies":"2 Fungi Beasts","floor":13,"turns":2},{"damage":1,"enemies":"Red Slaver","floor":14,"turns":2},{"damage":3,"enemies":"Hexaghost","floor":16,"turns":8},{"damage":12,"enemies":"Shell Parasite","floor":18,"turns":3},{"damage":0,"enemies":"3 Byrds","floor":19,"turns":3},{"damage":22,"enemies":"Snake Plant","floor":20,"turns":4},{"damage":18,"enemies":"Centurion and Healer","floor":21,"turns":5},{"damage":28,"enemies":"3 Cultists","floor":22,"turns":3}],"seed_played":"-7621480954889260163","potions_obtained":[{"floor":2,"key":"DistilledChaos"},{"floor":6,"key":"FocusPotion"},{"floor":8,"key":"CultistPotion"},{"floor":14,"key":"FearPotion"},{"floor":16,"key":"FocusPotion"},{"floor":18,"key":"SkillPotion"}],"is_trial":false,"path_per_floor":["M","M","?","M","$","E","R","E","T","E","M","R","M","M","R","B",null,"M","M","M","M","M"],"character_chosen":"DEFECT","items_purchased":["Leap","AttackPotion"],"campfire_rested":0,"item_purchase_floors":[5,5],"current_hp_per_floor":[74,62,62,59,59,53,53,58,58,44,44,44,44,43,43,45,73,61,66,44,26,0,0],"gold":345,"neow_bonus":"TEN_PERCENT_HP_BONUS","is_daily":false,"chose_seed":false,"campfire_upgraded":3,"win_rate":0.0,"timestamp":1613012831,"path_taken":["M","M","?","M","?","E","R","E","T","E","?","R","M","M","R","BOSS","M","?","M","M","M"],"items_purchased_type":["Card","Potion"],"build_version":"2020-12-22","purchased_purges":0,"victory":false,"max_hp_per_floor":[82,82,82,82,82,82,82,82,82,82,82,82,82,82,82,82,82,82,82,82,82,82,82],"relic_stats":{"Torii":15,"counters":[15,53],"Letter Opener":[40],"obtain_stats":[{"Torii":8,"Philosopher\u0027s Stone":17,"Letter Opener":10,"Frozen Egg 2":9,"Cracked Core":0,"Toy Ornithopter":6},{"Torii":5,"Philosopher\u0027s Stone":10,"Letter Opener":6,"Frozen Egg 2":5,"Cracked Core":0,"Toy Ornithopter":4},{"Torii":18,"Philosopher\u0027s Stone":37,"Letter Opener":22,"Frozen Egg 2":18,"Cracked Core":0,"Toy Ornithopter":13}],"Toy Ornithopter":15},"card_choices":[{"not_picked":["Beam Cell","Rebound"],"picked":"Ball Lightning","floor":1},{"not_picked":["Fusion","Scrape"],"picked":"Auto Shields","floor":2},{"not_picked":["Redo","Gash"],"picked":"Go for the Eyes","floor":4},{"not_picked":["Rebound","Sweeping Beam"],"picked":"Cold Snap","floor":6},{"not_picked":["Sunder","Sweeping Beam"],"picked":"Core Surge","floor":8},{"not_picked":["Tempest","Static Discharge+1"],"picked":"Go for the Eyes","floor":10},{"not_picked":["Hologram","Coolheaded"],"picked":"Rip and Tear","floor":11},{"not_picked":["Reinforced Body","Chaos"],"picked":"Loop+1","floor":13},{"not_picked":["Go for the Eyes","Streamline"],"picked":"Reprogram","floor":14},{"not_picked":["Electrodynamics+1","Multi-Cast"],"picked":"Biased Cognition+1","floor":16},{"not_picked":["Redo","Leap"],"picked":"Go for the Eyes","floor":18},{"not_picked":["Turbo","Hologram+1"],"picked":"Compile Driver","floor":19},{"not_picked":["Scrape","Sweeping Beam"],"picked":"Conserve Battery","floor":20},{"not_picked":["Streamline+1","Steam+1"],"picked":"Hologram","floor":21}],"player_experience":1621042,"relics_obtained":[{"floor":6,"key":"Toy Ornithopter"},{"floor":8,"key":"Torii"},{"floor":9,"key":"Frozen Egg 2"},{"floor":10,"key":"Letter Opener"}],"event_choices":[{"damage_healed":0,"gold_gain":0,"player_choice":"Forge","damage_taken":0,"max_hp_gain":0,"max_hp_loss":0,"event_name":"Accursed Blacksmith","floor":3,"gold_loss":0,"cards_upgraded":["Dualcast"]}],"is_beta":false,"boss_relics":[{"not_picked":["Tiny House","Black Star"],"picked":"Philosopher\u0027s Stone"}],"items_purged_floors":[],"is_endless":false,"potions_floor_spawned":[2,6,8,14,16,18],"killed_by":"3 Cultists","ascension_level":7}}