{"host":"7sni158j623xchr2","time":1613026082,"event":{"mods":["BaseMod","Colored Map","Highlight Path","Minty Spire (QoL Compilation)","Permanent Neow","Potion Indicator Mod","Rare Cards Sparkle","Relic Sorter","Relic Stats","StSLib","everything is the same but u backflip on backflip"],"gold_per_floor":[118,118,136,155,11,11,11,38,38,38,72,90,109,436,436,538,538,555,572,572,572,497,497,522,538,561,571,571,585,107,127,127,127,127],"floor_reached":33,"language":"ENG","playtime":899,"items_purged":["Doubt","Pain"],"score":316,"play_id":"f07f196d-2506-4e6d-a57f-33ea9cc20fff","local_time":"20210211004802","is_ascension_mode":true,"campfire_choices":[{"data":"Die Die Die","floor":6,"key":"SMITH"},{"data":"Poisoned Stab","floor":10,"key":"SMITH"},{"data":"Catalyst","floor":15,"key":"SMITH"},{"floor":23,"key":"REST"},{"floor":28,"key":"REST"},{"floor":32,"key":"REST"}],"circlet_count":0,"master_deck":["Strike_G","Strike_G","Strike_G","Strike_G","Strike_G","Defend_G","Defend_G","Defend_G","Defend_G","Survivor","Neutralize","Corpse Explosion+1","Blade Dance","Deflect","Die Die Die+1","Poisoned Stab+1","Well Laid Plans+1","Catalyst+1","After Image+1","Dash","Deadly Poison+1","PiercingWail"],"relics":["Ring of the Snake","Orichalcum","Frozen Egg 2","Vajra","Old Coin","Cursed Key","Nilry\u0027s Codex","Bag of Preparation","Omamori","Strange Spoon"],"acts_visited":["Exordium","TheCity"],"potions_floor_usage":[14,29,33,33,33],"damage_taken":[{"damage":5,"enemies":"Jaw Worm","floor":1,"turns":5},{"damage":0,"enemies":"Cultist","floor":3,"turns":3},{"damage":0,"enemies":"2 Louse","floor":4,"turns":2},{"damage":24,"enemies":"Lagavulin","floor":8,"turns":7},{"damage":10,"enemies":"Gremlin Nob","floor":11,"turns":3},{"damage":0,"enemies":"Looter","floor":12,"turns":2},{"damage":0,"enemies":"2 Fungi Beasts","floor":13,"turns":2},{"damage":9,"enemies":"Lagavulin","floor":14,"turns":5},{"damage":10,"enemies":"The Guardian","floor":16,"turns":7},{"damage":0,"enemies":"Chosen","floor":18,"turns":4},{"damage":12,"enemies":"Shell Parasite","floor":19,"turns":3},{"damage":42,"enemies":"Slavers","floor":24,"turns":3},{"damage":0,"enemies":"Snecko","floor":25,"turns":3},{"damage":0,"enemies":"3 Cultists","floor":27,"turns":2},{"damage":11,"enemies":"Snake Plant","floor":29,"turns":4},{"damage":0,"enemies":"Chosen and Byrds","floor":31,"turns":4},{"damage":43,"enemies":"Automaton","floor":33,"turns":6}],"seed_played":"6914358650535793848","potions_obtained":[{"floor":3,"key":"DuplicationPotion"},{"floor":14,"key":"Swift Potion"},{"floor":16,"key":"Dexterity Potion"},{"floor":24,"key":"Energy Potion"}],"is_trial":false,"path_per_floor":["M","?","M","M","$","R","$","E","T","R","E","M","M","E","R","B",null,"M","M","?","?","?","R","E","M","T","M","R","M","$","M","R","B"],"character_chosen":"THE_SILENT","items_purchased":["Die Die Die","Omamori","Strange Spoon","DuplicationPotion"],"campfire_rested":3,"item_purchase_floors":[5,30,30,30],"current_hp_per_floor":[65,65,65,65,65,65,65,41,41,41,31,31,31,22,22,12,70,70,58,42,29,29,51,9,9,9,9,31,20,20,20,42,0,0],"gold":127,"neow_bonus":"THREE_RARE_CARDS","is_daily":false,"chose_seed":false,"campfire_upgraded":3,"win_rate":0.0,"timestamp":1613026082,"path_taken":["M","?","M","?","$","R","$","E","T","R","E","M","M","E","R","BOSS","M","M","?","?","?","R","E","M","T","?","R","M","$","M","R","BOSS"],"items_purchased_type":["Card","Relic","Relic","Potion"],"build_version":"2020-12-22","purchased_purges":2,"victory":false,"max_hp_per_floor":[70,70,70,70,70,70,70,70,70,70,70,70,70,70,70,70,70,70,70,70,75,75,75,75,75,75,75,75,75,75,75,75,75,75],"relic_stats":{"Strange Spoon":[2],"counters":[17,65],"Bag of Preparation":[10],"Orichalcum":[78],"Cursed Key":1,"obtain_stats":[{"Strange Spoon":30,"Nilry\u0027s Codex":20,"Vajra":11,"Bag of Preparation":24,"Omamori":30,"Orichalcum":8,"Frozen Egg 2":9,"Cursed Key":17,"Ring of the Snake":0,"Old Coin":14},{"Strange Spoon":15,"Nilry\u0027s Codex":11,"Vajra":5,"Bag of Preparation":12,"Omamori":15,"Orichalcum":4,"Frozen Egg 2":4,"Cursed Key":9,"Ring of the Snake":0,"Old Coin":8},{"Strange Spoon":55,"Nilry\u0027s Codex":43,"Vajra":20,"Bag of Preparation":46,"Omamori":55,"Orichalcum":17,"Frozen Egg 2":17,"Cursed Key":36,"Ring of the Snake":0,"Old Coin":29}],"Ring of the Snake":[34]},"card_choices":[{"not_picked":["Die Die Die","Tools of the Trade"],"picked":"Corpse Explosion","floor":0},{"not_picked":["Acrobatics","Bouncing Flask","Dodge and Roll"],"picked":"SKIP","floor":1},{"not_picked":["Outmaneuver","Calculated Gamble"],"picked":"Blade Dance","floor":3},{"not_picked":["Backflip","Sucker Punch"],"picked":"Deflect","floor":4},{"not_picked":["Distraction","Flying Knee"],"picked":"Poisoned Stab","floor":8},{"not_picked":["Quick Slash","Escape Plan"],"picked":"Well Laid Plans+1","floor":11},{"not_picked":["Tactician","Flying Knee","Well Laid Plans+1"],"picked":"SKIP","floor":12},{"not_picked":["Sucker Punch","Concentrate","Blade Dance"],"picked":"SKIP","floor":13},{"not_picked":["Blade Dance","Backstab"],"picked":"Catalyst","floor":14},{"not_picked":["Corpse Explosion","Burst"],"picked":"After Image+1","floor":16},{"not_picked":["Setup","Backflip"],"picked":"Dash","floor":18},{"not_picked":["Terror","Distraction"],"picked":"Deadly Poison+1","floor":19},{"not_picked":["Acrobatics","Blade Dance","Riddle With Holes"],"picked":"SKIP","floor":24},{"not_picked":["All Out Attack","Dagger Throw+1","Cloak And Dagger"],"picked":"SKIP","floor":25},{"not_picked":["Dodge and Roll","Skewer","Corpse Explosion"],"picked":"SKIP","floor":27},{"not_picked":["Poisoned Stab","Dagger Throw+1","Bane"],"picked":"SKIP","floor":29},{"not_picked":["Dagger Throw","Outmaneuver+1"],"picked":"PiercingWail","floor":31}],"player_experience":1782800,"relics_obtained":[{"floor":8,"key":"Orichalcum"},{"floor":9,"key":"Frozen Egg 2"},{"floor":11,"key":"Vajra"},{"floor":14,"key":"Old Coin"},{"floor":20,"key":"Nilry\u0027s Codex"},{"floor":24,"key":"Bag of Preparation"}],"event_choices":[{"damage_healed":0,"gold_gain":0,"player_choice":"Forge","damage_taken":0,"max_hp_gain":0,"max_hp_loss":0,"event_name":"Accursed Blacksmith","floor":2,"gold_loss":0,"cards_upgraded":["Corpse Explosion"]},{"damage_healed":0,"gold_gain":0,"player_choice":"Obtained Book","damage_taken":16,"max_hp_gain":0,"max_hp_loss":0,"event_name":"Cursed Tome","floor":20,"gold_loss":0},{"damage_healed":0,"gold_gain":0,"player_choice":"Shed Blood","damage_taken":18,"max_hp_gain":5,"max_hp_loss":0,"event_name":"Forgotten Altar","floor":21,"gold_loss":0},{"cards_removed":["Defend_G"],"damage_healed":0,"gold_gain":0,"player_choice":"Gave Gold","damage_taken":0,"max_hp_gain":0,"max_hp_loss":0,"event_name":"Beggar","floor":22,"gold_loss":75}],"is_beta":false,"boss_relics":[{"not_picked":["Runic Pyramid","Pandora\u0027s Box"],"picked":"Cursed Key"}],"items_purged_floors":[5,30],"is_endless":false,"potions_floor_spawned":[3,14,16,24,25],"killed_by":"Automaton","ascension_level":2}}