{"host":"njruw0b0uprlitpx","time":1613076882,"event":{"mods":["2.2 Compatiblity","Act Like it!","Aspiration","Bartender","BaseMod","Better Altar","Better Match","Better Note","Better Sensory Stone","Better Skull","Better Third Choice","BetterRewards","Block Reminder","Colored Map","Colored Powertips","Curses Come First","Energized Spire","Hallownest","Jedi Mod","Keyboard Shortcuts","Minty Spire (QoL Compilation)","Quick Restart","Rare Cards Sparkle","Relic Stats","Replay The Spire","SacredBarkPlus","Spicy Shops","StSLib","SuperFastMode","The Blackbeard"],"gold_per_floor":[110,110,122,14,29,29,57,57,81,115,134,154,15,15,15,88,88,102,181,181,191,209,209,229,229,229,244,244,272,301,320,320,393,393,411,426,648,673,687,687,27,27,27,27,39,74,74,74,74,74],"floor_reached":51,"language":"ENG","playtime":3616,"items_purged":["Doubt"],"score":1898,"play_id":"4a4b0ab4-6ac4-4b18-adc3-d83a474efbb0","local_time":"20210211145442","is_ascension_mode":true,"campfire_choices":[{"data":"Establishment","floor":6,"key":"SMITH"},{"data":"Alpha","floor":8,"key":"SMITH"},{"floor":15,"key":"REST"},{"floor":23,"key":"REST"},{"floor":32,"key":"REST"},{"data":"Omniscience","floor":40,"key":"SMITH"},{"data":"Vault","floor":42,"key":"SMITH"},{"data":"Overencumbered","floor":44,"key":"PURGE"},{"data":"BattleHymn","floor":49,"key":"SMITH"}],"circlet_count":0,"master_deck":["AscendersBane","Strike_P","Strike_P","Strike_P","Strike_P","Defend_P","Defend_P","Defend_P","Defend_P","Eruption","Vigilance","Establishment+1","CrushJoints+1","Discovery","CutThroughFate+1","Replay:ManipulateFuture","Replay:BluntJabs","ClearTheMind","Indignation+1","FlurryOfBlows","Alpha+1","FollowUp","EmptyFist","Swivel+1","FollowUp","Omniscience+1","Crescendo","Metamorphosis+1","WaveOfTheHand","SashWhip","Protect","Parasite","Wireheading","ReplayTheSpireMod:Splinters","Weave","Halt","BattleHymn+1","Vault+1","CurseOfTheBell","TalkToTheHand+1","Conclude","JustLucky+1","Tantrum","Amnesia","CarveReality","Wallop"],"relics":["PureWater","Quantum Egg","jedi:Pinwheel","Peace Pipe","jedi:bottledfury","Pet Ghost","Gremlin Food","TeardropLocket","FaceOfCleric","Cursed Key","aspiration:FetidBarrel","jedi:heavyjacket","Power_Wrist","Red Mask","ReplayTheSpireMod:Lightbulb","Calling Bell","Vajra","Sundial","jedi:firstaidkit","aspiration:HatOfInfinitePower","Pondfish Scales","Pen Nib","Strawberry","Protect_Vest"],"acts_visited":["Exordium","TheCity","TheBeyond"],"potions_floor_usage":[7,10,12,16,21,30,38,38,47,50,50],"damage_taken":[{"damage":0,"enemies":"Cultist","floor":1,"turns":1},{"damage":0,"enemies":"Small Slimes","floor":3,"turns":2},{"damage":11,"enemies":"Jaw Worm","floor":5,"turns":2},{"damage":14,"enemies":"Lagavulin","floor":7,"turns":6},{"damage":16,"enemies":"Gremlin Nob","floor":10,"turns":4},{"damage":4,"enemies":"3 Louse","floor":11,"turns":2},{"damage":13,"enemies":"Blue Slaver","floor":12,"turns":2},{"damage":0,"enemies":"Slime Boss","floor":16,"turns":3},{"damage":0,"enemies":"Spheric Guardian","floor":18,"turns":3},{"damage":22,"enemies":"3 Byrds","floor":21,"turns":4},{"damage":7,"enemies":"Snecko","floor":22,"turns":4},{"damage":28,"enemies":"Shelled Parasite and Fungi","floor":24,"turns":4},{"damage":6,"enemies":"Cultist and Chosen","floor":27,"turns":3},{"damage":22,"enemies":"Masked Bandits","floor":29,"turns":4},{"damage":7,"enemies":"Book of Stabbing","floor":30,"turns":4},{"damage":0,"enemies":"3 Cultists","floor":31,"turns":4},{"damage":33,"enemies":"Champ","floor":33,"turns":7},{"damage":1,"enemies":"3 Shapes","floor":35,"turns":2},{"damage":1,"enemies":"3 Darklings","floor":36,"turns":4},{"damage":16,"enemies":"Mind Bloom Boss Battle","floor":38,"turns":5},{"damage":0,"enemies":"Spire Growth","floor":39,"turns":2},{"damage":2,"enemies":"Jaw Worm Horde","floor":45,"turns":3},{"damage":0,"enemies":"Giant Head","floor":46,"turns":5},{"damage":0,"enemies":"Transient","floor":47,"turns":1},{"damage":7,"enemies":"Time Eater","floor":50,"turns":6}],"seed_played":"-8599541274406583303","potions_obtained":[{"floor":3,"key":"SneckoOil"},{"floor":10,"key":"Strength Potion"},{"floor":11,"key":"jedi:StrikingPotion"},{"floor":12,"key":"FairyPotion"},{"floor":18,"key":"EntropicBrew"},{"floor":25,"key":"SmokeBomb"},{"floor":29,"key":"GamblersBrew"},{"floor":31,"key":"FearPotion"},{"floor":33,"key":"Regen Potion"},{"floor":38,"key":"jedi:tentaclejuice"}],"is_trial":false,"path_per_floor":["M","?","M","$","M","R","E","R","T","E","M","M","$","?","R","B",null,"M","T","?","M","M","R","M","?","T","M","T","?","E","M","R","B",null,"M","M","?","?","M","R","$","R","T","R","M","E","M","?","R","B",null],"character_chosen":"WATCHER","items_purchased":["Quantum Egg","jedi:Pinwheel","Establishment","CrushJoints","Discovery","CutThroughFate","Replay:ManipulateFuture","jedi:bottledfury","Weak Potion","Indignation+1","Strength Potion","Swivel","FollowUp","Pondfish Scales","Tantrum","Pen Nib","Strength Potion"],"campfire_rested":3,"item_purchase_floors":[0,0,0,0,0,0,0,0,0,4,4,13,13,41,41,41,41],"current_hp_per_floor":[61,63,63,63,52,52,38,38,38,22,18,5,5,5,25,26,58,59,59,59,38,32,53,26,26,26,21,21,23,17,18,41,9,61,61,63,63,77,78,78,78,78,85,85,84,85,86,86,86,85],"gold":74,"neow_bonus":"","is_daily":false,"chose_seed":false,"campfire_upgraded":5,"win_rate":0.0,"timestamp":1613076882,"path_taken":["M","?","M","$","?","R","E","R","T","E","M","M","$","?","R","BOSS","M","?","?","M","?","R","M","?","T","?","?","?","E","M","R","BOSS","M","M","?","?","M","R","$","R","T","R","M","E","M","?","R","BOSS"],"items_purchased_type":["Relic","Relic","Card","Card","Card","Card","Card","Relic","Potion","Card","Potion","Card","Card","Relic","Card","Relic","Potion"],"build_version":"2020-12-22","purchased_purges":1,"victory":true,"max_hp_per_floor":[68,68,68,68,68,68,68,68,68,68,68,68,68,68,68,69,69,70,70,70,71,72,72,73,73,73,74,74,75,76,77,77,78,78,79,80,80,81,82,82,82,82,89,89,90,91,92,92,92,93],"relic_stats":{"Peace Pipe":1,"FaceOfCleric":18,"counters":[71,238],"Sundial":[0],"Pen Nib":[18],"Cursed Key":4,"obtain_stats":[{"jedi:angrymask":14,"Golden Egg":48,"Tiny House":17,"CeramicFish":8,"Vajra":10,"jedi:bottledfury":28,"Boot":9,"Blood Vial":12,"FaceOfCleric":14,"jedi:paperlyon":34,"jedi:firstaidkit":42,"Sundial":34,"Strawberry":43,"Honey Jar":17,"Toxic Egg 2":20,"Replay:Wax Seal":47,"aspiration:DSix":6,"Replay:Bottled Steam":42,"Girya":31,"Eternal Feather":5,"Pen Nib":7,"aspiration:SeaSaltIceCream":23,"Du-Vu Doll":3,"jedi:heavyjacket":26,"Replay:Baseball":30,"Onion Ring":28,"Black Star":17,"aspiration:HatOfInfinitePower":38,"Lantern":9,"beaked:ShinyBauble":44,"Singing Bowl":39,"Replay:Multitool":0,"TeardropLocket":10,"jedi:Pinwheel":0,"Cursed Key":34,"Power_Wrist":28,"Pet Ghost":7,"Tiny Chest":26,"jedi:cryingmask":41,"Red Mask":37,"aspiration:ChemicalBlood":43,"Potion Belt":3,"Gremlin Food":9,"aspiration:FetidBarrel":19,"Guide Book":20,"Quantum Egg":0,"Circlet":23,"Damaru":43,"Protect_Vest":46,"jedi:crownofsimplicity":0,"Frozen Egg 2":8,"MawBank":38,"Replay:Arrowhead":25,"Peace Pipe":0,"Calling Bell":34,"Pondfish Scales":41,"Bottled Lightning":4,"PureWater":0,"ReplayTheSpireMod:Lightbulb":14},{"jedi:angrymask":8,"Golden Egg":24,"Tiny House":9,"CeramicFish":5,"Vajra":29,"jedi:bottledfury":37,"Boot":29,"Blood Vial":30,"FaceOfCleric":53,"jedi:paperlyon":40,"jedi:firstaidkit":43,"Sundial":63,"Strawberry":67,"Honey Jar":54,"Toxic Egg 2":11,"Replay:Wax Seal":23,"aspiration:DSix":3,"Replay:Bottled Steam":43,"Girya":16,"Eternal Feather":28,"Pen Nib":29,"aspiration:SeaSaltIceCream":35,"Du-Vu Doll":2,"jedi:heavyjacket":58,"Replay:Baseball":15,"Onion Ring":37,"Black Star":32,"aspiration:HatOfInfinitePower":66,"Lantern":5,"beaked:ShinyBauble":21,"Singing Bowl":19,"Replay:Multitool":25,"TeardropLocket":51,"jedi:Pinwheel":46,"Cursed Key":17,"Power_Wrist":59,"Pet Ghost":50,"Tiny Chest":11,"jedi:cryingmask":42,"Red Mask":41,"aspiration:ChemicalBlood":20,"Potion Belt":2,"Gremlin Food":50,"aspiration:FetidBarrel":55,"Guide Book":11,"Quantum Egg":46,"Circlet":35,"Damaru":43,"Protect_Vest":69,"jedi:crownofsimplicity":25,"Frozen Egg 2":29,"MawBank":19,"Replay:Arrowhead":36,"Peace Pipe":46,"Calling Bell":63,"Pondfish Scales":67,"Bottled Lightning":2,"PureWater":0,"ReplayTheSpireMod:Lightbulb":31},{"jedi:angrymask":18,"Golden Egg":84,"Tiny House":25,"CeramicFish":12,"Vajra":95,"jedi:bottledfury":122,"Boot":95,"Blood Vial":96,"FaceOfCleric":170,"jedi:paperlyon":132,"jedi:firstaidkit":141,"Sundial":210,"Strawberry":223,"Honey Jar":173,"Toxic Egg 2":32,"Replay:Wax Seal":79,"aspiration:DSix":8,"Replay:Bottled Steam":141,"Girya":49,"Eternal Feather":92,"Pen Nib":95,"aspiration:SeaSaltIceCream":113,"Du-Vu Doll":4,"jedi:heavyjacket":188,"Replay:Baseball":46,"Onion Ring":122,"Black Star":104,"aspiration:HatOfInfinitePower":221,"Lantern":12,"beaked:ShinyBauble":73,"Singing Bowl":64,"Replay:Multitool":88,"TeardropLocket":166,"jedi:Pinwheel":151,"Cursed Key":58,"Power_Wrist":191,"Pet Ghost":162,"Tiny Chest":32,"jedi:cryingmask":136,"Red Mask":134,"aspiration:ChemicalBlood":69,"Potion Belt":4,"Gremlin Food":162,"aspiration:FetidBarrel":176,"Guide Book":32,"Quantum Egg":151,"Circlet":113,"Damaru":141,"Protect_Vest":231,"jedi:crownofsimplicity":88,"Frozen Egg 2":95,"MawBank":64,"Replay:Arrowhead":118,"Peace Pipe":151,"Calling Bell":210,"Pondfish Scales":223,"Bottled Lightning":4,"PureWater":0,"ReplayTheSpireMod:Lightbulb":101}]},"card_choices":[{"not_picked":["ClearTheMind","Protect"],"picked":"Replay:BluntJabs","floor":1},{"not_picked":["Replay:BluntJabs","Study"],"picked":"ClearTheMind","floor":3},{"not_picked":["Nirvana","SashWhip"],"picked":"FlurryOfBlows","floor":5},{"not_picked":["Replay:BluntJabs","ClearTheMind"],"picked":"Alpha","floor":7},{"not_picked":["EmptyBody","CrushJoints"],"picked":"FollowUp","floor":10},{"not_picked":["Nirvana","Replay:AtTheReady","Indignation"],"picked":"SKIP","floor":11},{"not_picked":["Replay:BluntJabs","Worship"],"picked":"EmptyFist","floor":12},{"not_picked":["jedi:nirvanicrebirth","ConjureBlade"],"picked":"Omniscience","floor":16},{"not_picked":["EmptyBody","FlyingSleeves"],"picked":"Crescendo","floor":18},{"not_picked":["Consecrate","Prostrate"],"picked":"WaveOfTheHand","floor":21},{"not_picked":["Nirvana","EmptyBody"],"picked":"SashWhip","floor":22},{"not_picked":["Collect","Prostrate"],"picked":"Protect","floor":24},{"not_picked":["Prostrate","Crescendo+1"],"picked":"Wireheading","floor":27},{"not_picked":["CrushJoints","EmptyBody"],"picked":"Weave","floor":29},{"not_picked":["JustLucky","PathToVictory"],"picked":"Halt","floor":30},{"not_picked":["PathToVictory","EmptyFist"],"picked":"BattleHymn","floor":31},{"not_picked":["jedi:nirvanicrebirth","Omniscience"],"picked":"Vault","floor":33},{"not_picked":["Consecrate","Adaptation","FollowUp"],"picked":"SKIP","floor":35},{"not_picked":["EmptyFist","ThirdEye+1"],"picked":"TalkToTheHand+1","floor":36},{"not_picked":["MentalFortress","CutThroughFate+1"],"picked":"Conclude","floor":38},{"not_picked":["BowlingBash","Nirvana"],"picked":"JustLucky+1","floor":39},{"not_picked":["FlurryOfBlows+1","Crescendo"],"picked":"CarveReality","floor":45},{"not_picked":["Pray","Conclude"],"picked":"Wallop","floor":46}],"player_experience":1220426,"relics_obtained":[{"floor":7,"key":"Pet Ghost"},{"floor":9,"key":"Gremlin Food"},{"floor":10,"key":"TeardropLocket"},{"floor":19,"key":"aspiration:FetidBarrel"},{"floor":26,"key":"jedi:heavyjacket"},{"floor":28,"key":"Power_Wrist"},{"floor":29,"key":"Red Mask"},{"floor":30,"key":"ReplayTheSpireMod:Lightbulb"},{"floor":34,"key":"Vajra"},{"floor":34,"key":"Sundial"},{"floor":34,"key":"jedi:firstaidkit"},{"floor":38,"key":"aspiration:HatOfInfinitePower"},{"floor":43,"key":"Strawberry"},{"floor":46,"key":"Protect_Vest"}],"event_choices":[{"damage_healed":2,"gold_gain":0,"player_choice":"LEAVE ","damage_taken":0,"relics_obtained":[],"max_hp_gain":0,"max_hp_loss":0,"event_name":"betterSkull:BetterSkull","floor":2,"gold_loss":0,"cards_upgraded":[]},{"damage_healed":0,"gold_gain":0,"player_choice":"Trade","damage_taken":0,"relics_obtained":["FaceOfCleric"],"max_hp_gain":0,"max_hp_loss":0,"event_name":"FaceTrader","floor":14,"gold_loss":0},{"cards_removed":["Discovery"],"damage_healed":0,"gold_gain":0,"player_choice":"Take \u0026 Give","damage_taken":0,"max_hp_gain":0,"max_hp_loss":0,"event_name":"betterNote:BetterNote","floor":20,"gold_loss":0,"cards_obtained":["Metamorphosis"]},{"damage_healed":0,"gold_gain":0,"player_choice":"Got Potions","damage_taken":0,"max_hp_gain":0,"max_hp_loss":0,"event_name":"Lab","floor":25,"gold_loss":0},{"damage_healed":0,"gold_gain":0,"player_choice":"Fought Bandits","damage_taken":0,"max_hp_gain":0,"max_hp_loss":0,"event_name":"Masked Bandits","floor":29,"gold_loss":0},{"damage_healed":0,"gold_gain":222,"player_choice":"Wore Mask","damage_taken":0,"max_hp_gain":0,"max_hp_loss":0,"event_name":"Tomb of Lord Red Mask","floor":37,"gold_loss":0},{"damage_healed":0,"gold_gain":0,"player_choice":"Fight","damage_taken":0,"max_hp_gain":0,"max_hp_loss":0,"event_name":"MindBloom","floor":38,"gold_loss":0},{"damage_healed":0,"gold_gain":0,"player_choice":"Ignored","damage_taken":0,"max_hp_gain":0,"max_hp_loss":0,"event_name":"Mysterious Sphere","floor":48,"gold_loss":0}],"is_beta":false,"boss_relics":[{"not_picked":["aspiration:DefectSkillbook","Ring of Chaos"],"picked":"Honey Jar"},{"not_picked":["Velvet Choker","energizedSpire:CrystalSphere"],"picked":"Calling Bell"}],"items_purged_floors":[0],"is_endless":false,"potions_floor_spawned":[3,10,11,12,18,21,29,31,33,36,38,46],"ascension_level":16}}