{"host":"1c17lcvl7acx821p","time":1613075027,"event":{"mods":["AchievementEnabler","BaseMod","Bestiary","Colored Map","Minty Spire (QoL Compilation)","Quick Restart","Relic Sorter","StSLib","ojb\u0027s Better Paths Mod","ojb\u0027s Info Mod"],"gold_per_floor":[116,116,116,4,21,21,50,66,66,66,11,21,36,51,51,126,126,144,155,169,33,33,33,68,78,103,118,43,43,62,62,62,140,140,153,1152,307,325,275,275,275],"floor_reached":40,"language":"ENG","playtime":1864,"items_purged":["Zap","Normality"],"score":891,"play_id":"225034ed-b3ff-4f49-8a81-f4fffcede579","local_time":"20210211222347","is_ascension_mode":true,"campfire_choices":[{"data":"Reinforced Body","floor":6.0,"key":"SMITH"},{"data":"Fission","floor":10.0,"key":"SMITH"},{"data":"Defragment","floor":15.0,"key":"SMITH"},{"data":"Panacea","floor":23.0,"key":"SMITH"},{"data":"Hologram","floor":29.0,"key":"SMITH"},{"data":"Defragment","floor":32.0,"key":"SMITH"}],"circlet_count":0,"master_deck":["AscendersBane","Defend_B","Defend_B+1","Defend_B+1","Dualcast","Ball Lightning","Loop","Reinforced Body+1","Capacitor","Fission+1","Rip and Tear","Defragment+1","Barrage","Cold Snap","Biased Cognition","Seek+1","Doom and Gloom+1","Doom and Gloom+1","Heatsinks+1","Hologram+1","Defragment+1","Panacea+1","Steam Power","Creative AI+1","Cold Snap+1","Echo Form+1","CurseOfTheBell","Stack+1","Normality","Seek+1","Self Repair+1","BootSequence+1"],"relics":["Cracked Core","NeowsBlessing","Bottled Tornado","Gremlin Horn","Astrolabe","Frozen Egg 2","Strawberry","Calling Bell","Happy Flower","Blue Candle","Du-Vu Doll","Anchor","Runic Capacitor","War Paint"],"acts_visited":["Exordium","TheCity","TheBeyond"],"potions_floor_usage":[35],"damage_taken":[{"damage":0.0,"enemies":"Jaw Worm","floor":1.0,"turns":1.0},{"damage":0.0,"enemies":"Cultist","floor":5.0,"turns":1.0},{"damage":0.0,"enemies":"3 Sentries","floor":7.0,"turns":1.0},{"damage":6.0,"enemies":"Small Slimes","floor":8.0,"turns":3.0},{"damage":3.0,"enemies":"Blue Slaver","floor":12.0,"turns":3.0},{"damage":7.0,"enemies":"Looter","floor":13.0,"turns":3.0},{"damage":0.0,"enemies":"3 Louse","floor":14.0,"turns":2.0},{"damage":15.0,"enemies":"The Guardian","floor":16.0,"turns":10.0},{"damage":0.0,"enemies":"Chosen","floor":18.0,"turns":4.0},{"damage":1.0,"enemies":"3 Byrds","floor":19.0,"turns":4.0},{"damage":17.0,"enemies":"Cultist and Chosen","floor":20.0,"turns":5.0},{"damage":18.0,"enemies":"Gremlin Leader","floor":24.0,"turns":5.0},{"damage":4.0,"enemies":"Centurion and Healer","floor":25.0,"turns":8.0},{"damage":2.0,"enemies":"Snake Plant","floor":27.0,"turns":5.0},{"damage":3.0,"enemies":"3 Cultists","floor":30.0,"turns":4.0},{"damage":11.0,"enemies":"Collector","floor":33.0,"turns":11.0},{"damage":22,"enemies":"Orb Walker","floor":35,"turns":5},{"damage":33,"enemies":"3 Darklings","floor":38,"turns":8},{"damage":38,"enemies":"Nemesis","floor":40,"turns":2}],"seed_played":"4335235653940603003","potions_obtained":[{"floor":5.0,"key":"FocusPotion"},{"floor":7.0,"key":"Weak Potion"},{"floor":16.0,"key":"Swift Potion"},{"floor":19.0,"key":"CultistPotion"},{"floor":25.0,"key":"FearPotion"},{"floor":30.0,"key":"Weak Potion"},{"floor":35,"key":"FearPotion"}],"is_trial":false,"path_per_floor":["M","?","?","$","M","R","E","M","T","R","$","M","M","M","R","B",null,"M","M","M","$","?","R","E","M","T","M","$","R","M","$","R","B",null,"M","?","$","M","?","E"],"character_chosen":"DEFECT","items_purchased":["Loop","Reinforced Body","SkillPotion","Defragment","Panacea","Seek","Anchor","Runic Capacitor","War Paint","Self Repair+1"],"campfire_rested":0,"item_purchase_floors":[4,4,11,21,21,37,37,37,37,37],"current_hp_per_floor":[64,64,64,64,64,64,64,58,58,58,58,55,48,48,48,33,62,62,61,44,44,44,44,26,22,29,27,27,27,24,24,24,13,62,40,40,40,17,17,0,0],"gold":275,"neow_bonus":"THREE_ENEMY_KILL","is_daily":false,"chose_seed":false,"campfire_upgraded":6,"win_rate":0.0,"timestamp":1613075027,"path_taken":["M","?","?","$","?","R","E","M","T","R","$","M","M","M","R","BOSS","M","?","M","?","?","R","E","M","T","M","$","R","M","?","R","BOSS","M","?","$","M","?","E"],"items_purchased_type":["Card","Card","Potion","Card","Card","Card","Relic","Relic","Relic","Card"],"build_version":"2020-12-22","purchased_purges":2,"victory":false,"max_hp_per_floor":[71,71,71,71,71,71,71,71,71,71,71,71,71,71,71,71,71,71,71,71,71,71,71,71,71,78,78,78,78,78,78,78,78,78,78,78,78,78,78,78,78],"card_choices":[{"not_picked":["Barrage","Loop"],"picked":"Ball Lightning","floor":1.0},{"not_picked":["Cold Snap","Coolheaded"],"picked":"Capacitor","floor":5.0},{"not_picked":["Compile Driver","Conserve Battery"],"picked":"Fission","floor":7.0},{"not_picked":["Redo","Go for the Eyes"],"picked":"Rip and Tear","floor":8.0},{"not_picked":["Genetic Algorithm","Blizzard"],"picked":"Defragment","floor":12.0},{"not_picked":["Turbo","Rebound"],"picked":"Barrage","floor":13.0},{"not_picked":["Genetic Algorithm","Streamline"],"picked":"Cold Snap","floor":14.0},{"not_picked":["All For One","Hyperbeam"],"picked":"Biased Cognition","floor":16.0},{"not_picked":["Auto Shields","Compile Driver"],"picked":"Heatsinks+1","floor":18.0},{"not_picked":["Ball Lightning","Consume"],"picked":"Hologram","floor":19.0},{"not_picked":["Genetic Algorithm","FTL","Chaos"],"picked":"SKIP","floor":20.0},{"not_picked":["Rip and Tear","Aggregate","Steam"],"picked":"SKIP","floor":24.0},{"not_picked":["Barrage","Stack"],"picked":"Steam Power","floor":25.0},{"not_picked":["Beam Cell","Compile Driver"],"picked":"Creative AI+1","floor":27.0},{"not_picked":["Barrage+1","Turbo"],"picked":"Cold Snap+1","floor":30.0},{"not_picked":["Amplify","Creative AI+1"],"picked":"Echo Form+1","floor":33.0},{"not_picked":["Beam Cell","Rebound"],"picked":"Stack+1","floor":35},{"not_picked":["Turbo","Genetic Algorithm"],"picked":"BootSequence+1","floor":38}],"player_experience":320223,"relics_obtained":[{"floor":7.0,"key":"Bottled Tornado"},{"floor":9.0,"key":"Gremlin Horn"},{"floor":24.0,"key":"Frozen Egg 2"},{"floor":26.0,"key":"Strawberry"},{"floor":34,"key":"Happy Flower"},{"floor":34,"key":"Blue Candle"},{"floor":34,"key":"Du-Vu Doll"}],"event_choices":[{"cards_removed":["Strike_B"],"damage_healed":0.0,"max_hp_gain":0.0,"max_hp_loss":0.0,"gold_gain":0.0,"event_name":"Living Wall","player_choice":"Forget","floor":2.0,"gold_loss":0.0,"damage_taken":0.0},{"cards_removed":["Strike_B"],"damage_healed":0.0,"max_hp_gain":0.0,"max_hp_loss":0.0,"gold_gain":0.0,"event_name":"Bonfire Elementals","player_choice":"Offered Basic","floor":3.0,"gold_loss":0.0,"damage_taken":0.0},{"damage_healed":0.0,"max_hp_gain":0.0,"max_hp_loss":0.0,"gold_gain":0.0,"event_name":"Ghosts","player_choice":"Ignored","floor":22.0,"gold_loss":0.0,"damage_taken":0.0},{"damage_healed":0,"gold_gain":999,"player_choice":"Gold","damage_taken":0,"max_hp_gain":0,"max_hp_loss":0,"event_name":"MindBloom","floor":36,"gold_loss":0,"cards_obtained":["Normality","Normality"]},{"damage_healed":0,"gold_gain":0,"player_choice":"Upgrade","damage_taken":0,"max_hp_gain":0,"max_hp_loss":0,"event_name":"Designer","floor":39,"gold_loss":50,"cards_upgraded":["Seek"]}],"is_beta":false,"boss_relics":[{"not_picked":["Philosopher\u0027s Stone","Empty Cage"],"picked":"Astrolabe"},{"not_picked":["Pandora\u0027s Box","Coffee Dripper"],"picked":"Calling Bell"}],"items_purged_floors":[28,37],"is_endless":false,"potions_floor_spawned":[5,7,14,16,19,25,30,35],"killed_by":"Nemesis","ascension_level":20}}