{"host":"61scwtj8sjvayefi","time":1613016406,"event":{"mods":["2.2 Compatiblity","BaseMod","Downfall","Koishi","Marisa????????","Minty Spire (QoL Compilation)","Remilia??????","StSLib","The Bug Knight","The Senshi","The Servant 0.9.4"],"gold_per_floor":[114,189,200,180,9,42,61,94,94,108,125,144,144,170,170,275,325,339,438,155,155,155],"floor_reached":21,"language":"ENG","playtime":1769,"items_purged":["Strike_MRS"],"score":235,"play_id":"8a90dec7-0c84-4442-b2b2-88ec7edaadc7","local_time":"20210210220646","is_ascension_mode":true,"campfire_choices":[{"floor":13,"key":"REST"},{"floor":15,"key":"REST"}],"circlet_count":0,"master_deck":["Strike_MRS","Strike_MRS","Strike_MRS","Defend_MRS+1","Defend_MRS","Defend_MRS","Defend_MRS+1","MasterSpark","UpSweep","RefractionSpark","DoubleSpark","DarkSpark","RefractionSpark","IllusionStar+1","SporeBomb","EnergyFlow","Acceleration","MilkyWay","SuperPerseids","Parasite","Parasite","ShootingEcho","JA","ChargingUp","GrandCross+1","PowerUp"],"relics":["MiniHakkero","NeowsBlessing","War Paint","Shovel","theSenshi:FeatherClipsRelic","ShroomBag","Tiny House","Sling"],"acts_visited":["Exordium","TheCity"],"potions_floor_usage":[12,14,18],"damage_taken":[{"damage":0,"enemies":"2 Louse","floor":1,"turns":1},{"damage":0,"enemies":"Cultist","floor":3,"turns":1},{"damage":0,"enemies":"3 Sentries","floor":6,"turns":2},{"damage":0,"enemies":"Small Slimes","floor":7,"turns":1},{"damage":6,"enemies":"Gremlin Nob","floor":8,"turns":3},{"damage":10,"enemies":"Looter","floor":10,"turns":2},{"damage":17,"enemies":"Exordium Thugs","floor":11,"turns":4},{"damage":9,"enemies":"Gremlin Gang","floor":12,"turns":2},{"damage":21,"enemies":"Lagavulin","floor":14,"turns":4},{"damage":40,"enemies":"Slime Boss","floor":16,"turns":8},{"damage":22,"enemies":"Spheric Guardian","floor":18,"turns":5},{"damage":70,"enemies":"3 Byrds","floor":21,"turns":6}],"seed_played":"2286250220447685199","potions_obtained":[{"floor":1,"key":"SteroidPotion"},{"floor":4,"key":"SpeedPotion"},{"floor":6,"key":"DuplicationPotion"},{"floor":14,"key":"Dexterity Potion"},{"floor":17,"key":"BlessingOfTheForge"}],"is_trial":false,"path_per_floor":["M","?","M","?","$","E","M","E","T","M","M","M","R","E","R","B",null,"M","?","$","M"],"character_chosen":"MARISA","items_purchased":["DarkSpark","RefractionSpark","IllusionStar","Sling","PowerUp"],"campfire_rested":2,"item_purchase_floors":[5,5,5,20,20],"current_hp_per_floor":[75,64,64,64,64,64,64,58,58,54,43,40,62,47,69,39,80,66,66,66,0,0],"gold":155,"neow_bonus":"THREE_ENEMY_KILL","is_daily":false,"chose_seed":false,"campfire_upgraded":0,"win_rate":0.0,"timestamp":1613016406,"path_taken":["M","?","M","?","$","E","M","E","T","M","M","?","R","E","R","BOSS","M","?","$","M"],"items_purchased_type":["Card","Card","Card","Relic","Card"],"build_version":"2020-12-22","purchased_purges":1,"victory":false,"max_hp_per_floor":[75,75,75,75,75,75,75,75,75,75,75,75,75,75,75,75,80,80,80,80,80,80],"card_choices":[{"not_picked":["DC","MysteriousBeam"],"picked":"RefractionSpark","floor":1},{"not_picked":["GalacticHalo","MysteriousBeam"],"picked":"DoubleSpark","floor":3},{"not_picked":["BlazingStar","IllusionStar"],"picked":"SporeBomb","floor":6},{"not_picked":["OrrerysSun","GalacticHalo"],"picked":"EnergyFlow","floor":7},{"not_picked":["NonDirectionalLaser","GravityBeat","MilkyWay"],"picked":"SKIP","floor":8},{"not_picked":["LuminesStrike","UnstableBomb"],"picked":"Acceleration","floor":10},{"not_picked":["UnstableBomb","StarlightTyphoon"],"picked":"MilkyWay","floor":11},{"not_picked":["AsteroidBelt","PulseMagic"],"picked":"SuperPerseids","floor":12},{"not_picked":["MillisecondPulsars","LuminesStrike"],"picked":"ShootingEcho","floor":14},{"not_picked":["MaximisePower","MillisecondPulsars"],"picked":"JA","floor":16},{"not_picked":["UnstableBomb","MagicAbsorber"],"picked":"ChargingUp","floor":17},{"not_picked":["SporeBomb","MysteriousBeam"],"picked":"GrandCross+1","floor":18}],"player_experience":52302,"relics_obtained":[{"floor":6,"key":"War Paint"},{"floor":8,"key":"Shovel"},{"floor":9,"key":"theSenshi:FeatherClipsRelic"},{"floor":14,"key":"ShroomBag"}],"event_choices":[{"damage_healed":0,"gold_gain":75,"player_choice":"Gather Gold","damage_taken":11,"max_hp_gain":0,"max_hp_loss":0,"event_name":"World of Goop","floor":2,"gold_loss":0},{"damage_healed":0,"gold_gain":0,"player_choice":"Bought 1 Potion","damage_taken":0,"max_hp_gain":0,"max_hp_loss":0,"event_name":"The Woman in Blue","floor":4,"gold_loss":0},{"damage_healed":0,"gold_gain":99,"player_choice":"Stole From Cult","damage_taken":0,"max_hp_gain":0,"max_hp_loss":0,"event_name":"Nest","floor":19,"gold_loss":0}],"is_beta":false,"boss_relics":[{"not_picked":["Velvet Choker","SacredBark"],"picked":"Tiny House"}],"items_purged_floors":[20],"is_endless":false,"potions_floor_spawned":[1,6,7,11,14],"killed_by":"3 Byrds","ascension_level":1}}