{"host":"aas8f8jvicx6tcxp","time":1613012573,"event":{"mods":["BaseMod","Better Third Choice","BetterRewards","Downfall","Minty Spire (QoL Compilation)","Shop Mod","StSLib","The Construct"],"gold_per_floor":[0,18,18,18,18,18,18,51,116,116,134,154,154,57,76,178,178,178,197,297,309,309,80,105,105,120,149,159,159,259,5,18,122,122,122,134,134,152,165,165,191,382,382,42,75,75,98,130,142,142],"floor_reached":51,"language":"ENG","playtime":4623,"items_purged":[],"score":696,"play_id":"9ae5d2a3-107e-4808-891a-9ef4e3385763","local_time":"20210210210253","is_ascension_mode":false,"campfire_choices":[{"data":"Slimebound:Split","floor":1,"key":"SMITH"},{"data":"Slimebound:CorrosiveSpit","floor":6,"key":"SMITH"},{"floor":10,"key":"REST"},{"floor":13,"key":"REST"},{"data":"Slimebound:LevelUp","floor":18,"key":"SMITH"},{"floor":25,"key":"REST"},{"floor":29,"key":"REST"},{"floor":35,"key":"RECALL"},{"data":"Panache","floor":40,"key":"SMITH"},{"floor":46,"key":"REST"}],"circlet_count":0,"master_deck":["Slimebound:Strike_Slimebound+1","Slimebound:Strike_Slimebound+1","Slimebound:Defend_Slimebound+1","Slimebound:Defend_Slimebound+1","Slimebound:Defend_Slimebound+1","Slimebound:Split+1","Slimebound:CorrosiveSpit+1","Slimebound:PressTheAttack+1","Slimebound:LevelUp+1","Slimebound:ProtectTheBoss","Slimebound:LeechEnergy","Slimebound:SplitLeeching","Slimebound:GrowthPunch","Swift Strike+1","Slimebound:ItLooksTasty+1","Slimebound:FirmFortitude+1","Slimebound:Nibble+1","Slimebound:Repurpose+1","Slimebound:SplitSpecialist+1","Slimebound:DouseInSlime+1","J.A.X.","Slimebound:SlimeSpikes","Panache+1","Slimebound:LeechLife","Slimebound:GrowthPunch","Slimebound:Schlurp","Slimebound:Darklings","Slimebound:SplitMire+1","Slimebound:Nibble","Slimebound:GoopSpray","expansioncontent:DashGenerateEvil","Slimebound:PressTheAttack+1","Slimebound:Schlurp+1"],"relics":["Slimebound:AbsorbEndCombat","construct:RocketBooster","Shuriken","Lantern","Lizard Tail","Sozu","MutagenicStrength","Pen Nib","White Beast Statue","Kunai","construct:WeddingRing","Membership Card","Blue Candle","Toolbox","Dead Branch","Meat on the Bone","PreservedInsect","Dream Catcher"],"acts_visited":["Exordium","TheCity","TheBeyond"],"potions_floor_usage":[9,15,19],"damage_taken":[{"damage":9,"enemies":"Jaw Worm","floor":2,"turns":4},{"damage":40,"enemies":"3 Sentries","floor":8,"turns":8},{"damage":27,"enemies":"Lagavulin Event","floor":9,"turns":6},{"damage":7,"enemies":"2 Louse","floor":11,"turns":2},{"damage":0,"enemies":"Small Slimes","floor":12,"turns":4},{"damage":0,"enemies":"downfall:FleeingMerchant","floor":14,"turns":4},{"damage":9,"enemies":"Exordium Wildlife","floor":15,"turns":4},{"damage":5,"enemies":"WA_ARCHETYPE_RETAIN","floor":16,"turns":6},{"damage":0,"enemies":"Chosen","floor":19,"turns":4},{"damage":28,"enemies":"downfall:Augmenter","floor":20,"turns":5},{"damage":11,"enemies":"Spheric Guardian","floor":21,"turns":4},{"damage":2,"enemies":"downfall:FleeingMerchant","floor":23,"turns":4},{"damage":20,"enemies":"Shelled Parasite and Fungi","floor":26,"turns":4},{"damage":29,"enemies":"Gremlin Leader","floor":27,"turns":7},{"damage":22,"enemies":"Centurion and Healer","floor":28,"turns":5},{"damage":16,"enemies":"downfall:FleeingMerchant","floor":31,"turns":4},{"damage":10,"enemies":"Chosen and Byrds","floor":32,"turns":4},{"damage":20,"enemies":"IC_MUSHROOM_ARCHETYPE","floor":33,"turns":7},{"damage":4,"enemies":"Orb Walker","floor":36,"turns":4},{"damage":3,"enemies":"3 Shapes","floor":38,"turns":3},{"damage":0,"enemies":"Sphere and 2 Shapes","floor":39,"turns":4},{"damage":9,"enemies":"downfall:FleeingMerchant","floor":42,"turns":3},{"damage":38,"enemies":"Giant Head","floor":45,"turns":7},{"damage":9,"enemies":"Nemesis","floor":48,"turns":3},{"damage":11,"enemies":"Writhing Mass","floor":49,"turns":4},{"damage":12,"enemies":"SI_POISON_ARCHETYPE","floor":50,"turns":6}],"seed_played":"-8246287285922235086","potions_obtained":[{"floor":2,"key":"SteroidPotion"},{"floor":11,"key":"SneckoOil"},{"floor":16,"key":"PowerPotion"}],"is_trial":false,"path_per_floor":["R","M","?","?","?","R","T","E","?","R","M","M","R","$","M","B",null,"R","M","?","M","?","$","T","R","M","E","M","R","?","$","M","B",null,"R","M","?","M","M","R","T","$","?","?","E","R","T","E","M","B",null],"character_chosen":"SLIMEBOUND","items_purchased":["Swift Strike","Slimebound:SlimeSpikes","Panache","Kunai","Membership Card","Toolbox","Dead Branch","Slimebound:GoopSpray","expansioncontent:DashGenerateEvil"],"campfire_rested":5,"item_purchase_floors":[14,23,23,31,42,44,44,44,44],"current_hp_per_floor":[65,61,66,66,66,66,66,34,15,36,31,35,56,58,55,58,70,70,70,50,39,39,43,43,64,52,33,25,46,46,36,38,44,70,70,66,66,70,70,70,70,65,60,60,35,56,56,51,62,58],"gold":142,"neow_bonus":"ONE_RARE_RELIC","is_daily":false,"chose_seed":false,"campfire_upgraded":4,"win_rate":0.0,"timestamp":1613012573,"path_taken":["R","M","?","?","?","R","T","E","?","R","M","M","R","?","M","BOSS","R","M","?","M","?","$","T","R","M","E","M","R","?","$","M","BOSS","R","M","?","M","M","R","T","$","?","?","E","R","?","E","M","BOSS"],"items_purchased_type":["Card","Card","Card","Relic","Relic","Relic","Relic","Card","Card"],"build_version":"2020-12-22","purchased_purges":0,"victory":true,"max_hp_per_floor":[65,65,70,70,70,70,70,70,70,70,70,70,70,70,70,70,70,70,70,70,70,70,70,70,70,70,70,70,70,70,70,70,70,70,70,70,70,70,70,70,70,70,70,70,70,70,70,70,70,70],"card_choices":[{"not_picked":["Slimebound:Grow","Slimebound:SlimeSpikes"],"picked":"Slimebound:PressTheAttack","floor":2},{"not_picked":["Slimebound:RollThrough","Slimebound:FlameTackle"],"picked":"Slimebound:LevelUp","floor":8},{"not_picked":["Slimebound:SlimeTap","Slimebound:FinishingTackle"],"picked":"Slimebound:ProtectTheBoss","floor":9},{"not_picked":["Slimebound:SamplingLick","Slimebound:SpikyOuterGoop"],"picked":"Slimebound:LeechEnergy","floor":11},{"not_picked":["Slimebound:SplitAcid","Slimebound:DisruptingSlam"],"picked":"Slimebound:SplitLeeching","floor":12},{"not_picked":["Slimebound:LivingWall","Slimebound:GoopSpray"],"picked":"Slimebound:GrowthPunch","floor":14},{"not_picked":["Slimebound:ForwardTackle","Slimebound:FinishingTackle"],"picked":"Slimebound:ItLooksTasty","floor":15},{"not_picked":["Slimebound:SlimeSlap","Slimebound:LeechLife"],"picked":"Slimebound:FirmFortitude","floor":16},{"not_picked":["Slimebound:FinishingTackle","Slimebound:LivingWall+1"],"picked":"Slimebound:Nibble+1","floor":19},{"not_picked":["Slimebound:ItLooksTasty","Slimebound:Prepare"],"picked":"Slimebound:Repurpose+1","floor":20},{"not_picked":[],"picked":"J.A.X.","floor":20},{"not_picked":["Slimebound:GoopSpray","Slimebound:AcidTongue","Slimebound:SplitMire"],"picked":"SKIP","floor":21},{"not_picked":["Slimebound:SpikyOuterGoop","Slimebound:SlimeBrawl","Slimebound:LeechEnergy"],"picked":"SKIP","floor":23},{"not_picked":["Slimebound:HauntingLick","Slimebound:SplitMire+1"],"picked":"Slimebound:LeechLife","floor":26},{"not_picked":["Slimebound:RejuvenatingLick","Slimebound:ViciousTackle+1"],"picked":"Slimebound:GrowthPunch","floor":27},{"not_picked":["Slimebound:SplitMire","Slimebound:LivingWall","Slimebound:FinishingTackle"],"picked":"SKIP","floor":28},{"not_picked":["Slimebound:Repurpose+1","Slimebound:DisruptingSlam"],"picked":"Slimebound:Schlurp","floor":31},{"not_picked":["Slimebound:SlimeTap","Slimebound:ComboTackle","Slimebound:Chomp+1"],"picked":"SKIP","floor":32},{"not_picked":["Slimebound:DuplicatedForm","Slimebound:FirmFortitude"],"picked":"Slimebound:Darklings","floor":33},{"not_picked":["Slimebound:DivideAndConquer+1","Slimebound:FinishingTackle+1"],"picked":"Slimebound:SplitMire+1","floor":36},{"not_picked":["Slimebound:ItLooksTasty","Slimebound:SplitMire+1","Slimebound:SplitLeeching+1"],"picked":"SKIP","floor":38},{"not_picked":["Slimebound:LeechEnergy","Slimebound:LivingWall+1","Slimebound:LeechingTouch"],"picked":"SKIP","floor":39},{"not_picked":["Slimebound:RejuvenatingLick","Slimebound:SpikyOuterGoop"],"picked":"Slimebound:Nibble","floor":42},{"not_picked":["Slimebound:SplitBruiser","Slimebound:SplitLeeching+1"],"picked":"Slimebound:PressTheAttack+1","floor":45},{"not_picked":["Slimebound:PressTheAttack","Slimebound:LeechLife","Slimebound:ViciousTackle"],"picked":"SKIP","floor":48},{"not_picked":["Slimebound:MegaLick","Slimebound:RollThrough"],"picked":"Slimebound:Schlurp+1","floor":49}],"player_experience":322918,"relics_obtained":[{"floor":7,"key":"Shuriken"},{"floor":8,"key":"Lantern"},{"floor":9,"key":"Lizard Tail"},{"floor":20,"key":"MutagenicStrength"},{"floor":24,"key":"Pen Nib"},{"floor":27,"key":"White Beast Statue"},{"floor":45,"key":"Meat on the Bone"},{"floor":47,"key":"PreservedInsect"},{"floor":48,"key":"Dream Catcher"}],"event_choices":[{"damage_healed":0,"gold_gain":0,"player_choice":"Donut","damage_taken":0,"max_hp_gain":5,"max_hp_loss":0,"event_name":"Big Fish","floor":3,"gold_loss":0},{"damage_healed":0,"gold_gain":0,"player_choice":"Grow","damage_taken":0,"max_hp_gain":0,"max_hp_loss":0,"event_name":"Living Wall","floor":5,"gold_loss":0,"cards_upgraded":["Slimebound:PressTheAttack"]}],"is_beta":false,"boss_relics":[{"not_picked":["Cursed Key","Calling Bell"],"picked":"Sozu"},{"not_picked":["SlaversCollar","Snecko Eye"],"picked":"construct:WeddingRing"}],"items_purged_floors":[],"is_endless":false,"potions_floor_spawned":[2,11,16,19,27,28,31,32,33,36,38,39,42,45,48,49],"ascension_level":0}}