{"host":"dmtlrev5pkc1867p","time":1613072504,"event":{"mods":["A Magickal Journey","AchievementEnabler","BaseMod","Colored Map","Colored Powertips","Downfall","Hermit","Highlight Path","Infinite Spire","Marisa¡]Ãú«B¡@Å]²z¨F¡^","Minty Spire (QoL Compilation)","Permanent Neow","Quick Restart","Rare Cards Sparkle","Relic Sorter","Relic Stats","Replay The Spire","StSLib","SuperFastMode","The Construct","The Cursed","The Disciple","The Hierophant","The Necromancer","The Runesmith","The Servant 0.9.4"],"gold_per_floor":[18,33,33,33,46,46,62,88,88,88,122,122,122,122,122,226,226,243,243,243,256,256,256,289,301,301,375,239,255,274,274,274,375,375,394,115,131,131,141,141,156,32,32,44,44,44,60,77,77,77,77],"floor_reached":50,"language":"ZHS","playtime":1835,"items_purged":[],"score":671,"play_id":"e7a59c98-9941-4aa3-8e97-528dcba3b569","local_time":"20210212034144","is_ascension_mode":true,"campfire_choices":[{"data":"infinitespire:Neurotoxin","floor":6.0,"key":"SMITH"},{"floor":10.0,"key":"REST"},{"floor":13.0,"key":"REST"},{"floor":15.0,"key":"RECALL"},{"floor":23.0,"key":"REST"},{"floor":32.0,"key":"REST"},{"data":"A Thousand Cuts","floor":40.0,"key":"SMITH"},{"data":"Envenom","floor":45.0,"key":"SMITH"},{"data":"Infinite Blades","floor":49.0,"key":"SMITH"}],"circlet_count":0,"master_deck":["Strike_G","Strike_G","Strike_G","Strike_G+1","Strike_G","Defend_G","Defend_G","Defend_G","Defend_G","Defend_G","Survivor","Neutralize","infinitespire:Neurotoxin+1","Toxin Wave","Deflect","Dash","Deflect","Quick Slash","Toxin Wave+1","Envenom+1","Sucker Punch+1","Sucker Punch+1","Night Terror+1","Dodge and Roll+1","A Thousand Cuts+1","Finisher","Backstab+1","Adrenaline+1","Cloak And Dagger+1","Bandage Up+1","infinitespire:Neurotoxin+1","PiercingWail+1","Flying Knee","Replay:Bootleg Shield Generator+1","Infinite Blades+1","Corpse Explosion+1","Neutralize","PiercingWail+1","Caltrops","Infinite Blades+1","Deflect+1","Caltrops","Parasite","Bane","Parasite","Night Terror+1","ReplayTheSpireMod:Speed Training+1"],"relics":["Sizzling Blood","Darkstone Periapt","Toxic Egg 2","White Beast Statue","Ring of Chaos","Enchiridion","Painkiller Herb","PreservedInsect","Strawberry","Turnip","Bottled Lightning","MutagenicStrength","Cursed Key","DollysMirror","ChewingGum","infinitespire:Lychee Nut"],"acts_visited":["Exordium","TheCity","TheBeyond"],"potions_floor_usage":[50,50,50],"damage_taken":[{"damage":0.0,"enemies":"Jaw Worm","floor":1.0,"turns":4.0},{"damage":6.0,"enemies":"2 Louse","floor":2.0,"turns":2.0},{"damage":7.0,"enemies":"Small Slimes","floor":5.0,"turns":4.0},{"damage":3.0,"enemies":"Blue Slaver","floor":7.0,"turns":5.0},{"damage":31.0,"enemies":"Lagavulin","floor":8.0,"turns":8.0},{"damage":25.0,"enemies":"3 Sentries","floor":11.0,"turns":10.0},{"damage":29.0,"enemies":"Hexaghost","floor":16.0,"turns":9.0},{"damage":12.0,"enemies":"Shell Parasite","floor":18.0,"turns":4.0},{"damage":0.0,"enemies":"3 Byrds","floor":21.0,"turns":3.0},{"damage":18.0,"enemies":"Nightmare","floor":24.0,"turns":4.0},{"damage":0.0,"enemies":"Sentry and Sphere","floor":25.0,"turns":2.0},{"damage":23.0,"enemies":"3 Cultists","floor":29.0,"turns":7.0},{"damage":30.0,"enemies":"Centurion and Healer","floor":30.0,"turns":4.0},{"damage":39.0,"enemies":"Automaton","floor":33.0,"turns":8.0},{"damage":0.0,"enemies":"3 Shapes","floor":35.0,"turns":2.0},{"damage":2.0,"enemies":"3 Darklings","floor":37.0,"turns":3.0},{"damage":0.0,"enemies":"Transient","floor":39.0,"turns":5.0},{"damage":0.0,"enemies":"4 Shapes","floor":41.0,"turns":1.0},{"damage":16.0,"enemies":"Spire Growth","floor":44.0,"turns":3.0},{"damage":3.0,"enemies":"Writhing Mass","floor":47.0,"turns":3.0},{"damage":8.0,"enemies":"Jaw Worm Horde","floor":48.0,"turns":4.0},{"damage":77,"enemies":"Time Eater","floor":50,"turns":6}],"seed_played":"-6028161960900565475","potions_obtained":[{"floor":1.0,"key":"Fire Potion"},{"floor":11.0,"key":"DistilledChaos"},{"floor":16.0,"key":"Strength Potion"},{"floor":18.0,"key":"FearPotion"},{"floor":21.0,"key":"SteroidPotion"},{"floor":24.0,"key":"ColorlessPotion"},{"floor":25.0,"key":"Regen Potion"},{"floor":29.0,"key":"Energy Potion"},{"floor":30.0,"key":"GamblersBrew"},{"floor":33.0,"key":"champ:CounterPotion"},{"floor":35.0,"key":"ColorlessPotion"},{"floor":37.0,"key":"Block Potion"},{"floor":39.0,"key":"EssenceOfSteel"},{"floor":44.0,"key":"Fire Potion"},{"floor":47.0,"key":"Guardian:BlockOnCardUsePotion"},{"floor":48.0,"key":"Venom Potion"}],"is_trial":false,"path_per_floor":["M","M","?","$","M","R","M","E","T","R","E","?","R","?","R","B",null,"M","?","?","M","AVR","T","NM","?","T","T","T","?","?","?","T","B",null,"?","T","?","?","?","T","?","T","T","?","T","AVR","?","?","T","B"],"character_chosen":"THE_SILENT","items_purchased":["A Thousand Cuts","Bandage Up+1","DollysMirror","PiercingWail+1","Deflect+1","Caltrops"],"campfire_rested":4,"item_purchase_floors":[28,36,36,36,42,42],"current_hp_per_floor":[63,57,61,61,58,58,59,32,32,54,33,33,55,55,55,30,63,55,55,39,43,43,65,58,62,62,62,62,43,29,29,53,18,65,69,69,71,71,75,75,79,79,85,73,73,65,71,71,71,0,0],"gold":77,"neow_bonus":"THREE_RARE_CARDS","is_daily":false,"chose_seed":false,"campfire_upgraded":4,"win_rate":0.0,"timestamp":1613072504,"path_taken":["M","M","?","$","M","R","M","E","T","R","E","?","R","?","R","BOSS","M","?","?","M","AVR","T","NM","?","T","?","?","?","?","?","T","BOSS","?","T","?","?","?","T","?","T","T","?","T","AVR","?","?","T","BOSS"],"items_purchased_type":["Card","Card","Relic","Card","Card","Card"],"build_version":"2020-12-22","purchased_purges":0,"victory":false,"max_hp_per_floor":[70,70,74,74,74,74,74,74,74,74,74,74,74,74,74,74,74,74,74,74,74,74,74,81,81,81,81,81,81,81,81,81,81,81,81,81,81,81,81,81,81,81,87,87,87,65,71,71,71,71,71],"relic_stats":{"Darkstone Periapt":12,"counters":[22,101],"PreservedInsect":50,"Turnip":[0],"Cursed Key":1,"obtain_stats":[{"Darkstone Periapt":8,"Enchiridion":20,"Painkiller Herb":22,"Ring of Chaos":17,"PreservedInsect":22,"Sizzling Blood":3,"Cursed Key":34,"White Beast Statue":11,"DollysMirror":36,"infinitespire:Lychee Nut":46,"Strawberry":24,"MutagenicStrength":31,"ChewingGum":46,"Turnip":26,"Bottled Lightning":27,"Toxic Egg 2":9,"Ring of the Snake":0},{"Darkstone Periapt":5,"Enchiridion":8,"Painkiller Herb":9,"Ring of Chaos":7,"PreservedInsect":9,"Sizzling Blood":2,"Cursed Key":14,"White Beast Statue":6,"DollysMirror":15,"infinitespire:Lychee Nut":19,"Strawberry":10,"MutagenicStrength":13,"ChewingGum":19,"Turnip":11,"Bottled Lightning":11,"Toxic Egg 2":5,"Ring of the Snake":0},{"Darkstone Periapt":23,"Enchiridion":46,"Painkiller Herb":49,"Ring of Chaos":42,"PreservedInsect":49,"Sizzling Blood":6,"Cursed Key":74,"White Beast Statue":33,"DollysMirror":76,"infinitespire:Lychee Nut":88,"Strawberry":53,"MutagenicStrength":66,"ChewingGum":88,"Turnip":55,"Bottled Lightning":55,"Toxic Egg 2":23,"Ring of the Snake":0}]},"card_choices":[{"not_picked":["Phantasmal Killer","Malaise"],"picked":"infinitespire:Neurotoxin","floor":0.0},{"not_picked":["Flying Knee","Tactician"],"picked":"Toxin Wave","floor":1.0},{"not_picked":["Prepared","Flechettes"],"picked":"Deflect","floor":2.0},{"not_picked":["Flying Knee","Dodge and Roll"],"picked":"Dash","floor":5.0},{"not_picked":["Dodge and Roll","Outmaneuver"],"picked":"Deflect","floor":7.0},{"not_picked":["Night Terror","Deflect"],"picked":"Quick Slash","floor":8.0},{"not_picked":["Masterful Stab","Deflect+1"],"picked":"Toxin Wave+1","floor":11.0},{"not_picked":["Burst+1","Poison Darts+1"],"picked":"Envenom","floor":16.0},{"not_picked":["Finisher","Outmaneuver+1"],"picked":"Sucker Punch+1","floor":18.0},{"not_picked":["PiercingWail+1","Leg Sweep+1"],"picked":"Sucker Punch+1","floor":21.0},{"not_picked":["Calculated Gamble+1","Bouncing Flask+1"],"picked":"Night Terror+1","floor":24.0},{"not_picked":["Sucker Punch","Quick Slash"],"picked":"Dodge and Roll+1","floor":25.0},{"not_picked":["Flechettes+1","Dagger Throw+1"],"picked":"Finisher","floor":29.0},{"not_picked":["Cloak And Dagger+1","Deadly Poison+1"],"picked":"Backstab+1","floor":30.0},{"not_picked":["Phantasmal Killer+1","Unload"],"picked":"Adrenaline+1","floor":33.0},{"not_picked":["Sucker Punch","Dagger Spray+1"],"picked":"Cloak And Dagger+1","floor":35.0},{"not_picked":["Concentrate+1","Slice"],"picked":"Flying Knee","floor":37.0},{"not_picked":["Dodge and Roll+1","Calculated Gamble+1"],"picked":"Caltrops","floor":39.0},{"not_picked":["Setup+1","Escape Plan+1"],"picked":"Infinite Blades+1","floor":41.0},{"not_picked":["Flying Knee+1","Deadly Poison+1"],"picked":"Bane","floor":44.0},{"not_picked":["Backflip+1","Hidden Blade+1"],"picked":"Night Terror+1","floor":47.0},{"not_picked":["Underhanded Strike","Heel Hook+1"],"picked":"ReplayTheSpireMod:Speed Training+1","floor":48.0}],"player_experience":692986,"relics_obtained":[{"floor":8.0,"key":"Darkstone Periapt"},{"floor":9.0,"key":"Toxic Egg 2"},{"floor":11.0,"key":"White Beast Statue"},{"floor":20.0,"key":"Enchiridion"},{"floor":24.0,"key":"Strawberry"},{"floor":26.0,"key":"Turnip"},{"floor":27.0,"key":"Bottled Lightning"}],"event_choices":[{"damage_healed":0.0,"max_hp_gain":0.0,"max_hp_loss":0.0,"gold_gain":0.0,"event_name":"Shining Light","player_choice":"Ignored","floor":14.0,"gold_loss":0.0,"damage_taken":0.0},{"damage_healed":0.0,"max_hp_gain":0.0,"max_hp_loss":0.0,"gold_gain":0.0,"event_name":"Cursed Tome","player_choice":"Obtained Book","floor":20.0,"gold_loss":0.0,"damage_taken":16.0},{"damage_healed":0.0,"max_hp_gain":0.0,"max_hp_loss":0.0,"gold_gain":0.0,"event_name":"Drug Dealer","player_choice":"Inject Mutagens","floor":31.0,"gold_loss":0.0,"damage_taken":0.0,"relics_obtained":["MutagenicStrength"]},{"damage_healed":0.0,"max_hp_gain":0.0,"max_hp_loss":0.0,"gold_gain":0.0,"event_name":"Match and Keep!","player_choice":"5 cards matched","floor":38.0,"gold_loss":0.0,"damage_taken":0.0,"cards_obtained":["Replay:Bootleg Shield Generator","Infinite Blades","Corpse Explosion","Neutralize","PiercingWail"]},{"damage_healed":0.0,"max_hp_gain":0.0,"max_hp_loss":0.0,"gold_gain":0.0,"event_name":"Match and Keep!","player_choice":"5 cards matched","floor":38.0,"gold_loss":0.0,"damage_taken":0.0,"cards_obtained":["Replay:Bootleg Shield Generator","Infinite Blades","Corpse Explosion","Neutralize","PiercingWail"]}],"is_beta":false,"boss_relics":[{"not_picked":["Ectoplasm","Coffee Dripper"],"picked":"Ring of Chaos"},{"not_picked":["Sozu","Calling Bell"],"picked":"Cursed Key"}],"items_purged_floors":[],"is_endless":true,"potions_floor_spawned":[1,11,16,18,21,24,25,29,30,33,35,37,39,41,44,47,48],"killed_by":"Time Eater","ascension_level":6}}