{"host":"42xf941fomyavgzy","time":1613042451,"event":{"mods":["Act Like it!","Astrologer","BaseMod","Colored Map","Minty Spire (QoL Compilation)","Shop Mod","StSLib","SuperFastMode","The Cursed"],"gold_per_floor":[118,118,136,148,159,159,189,189,189,17,17,17,17,28,28,133,133,173,173,210,230,230,230,280,51,101,41,41,68,83,97,97,197,197,217,217,242,271,283,283],"floor_reached":39,"language":"JPN","playtime":2177,"items_purged":["Defend_P+1"],"score":555,"play_id":"8e5341cd-7618-4c32-bef2-01a1ed141f84","local_time":"20210211202051","is_ascension_mode":true,"campfire_choices":[{"floor":6,"key":"REST"},{"data":"CarveReality","floor":8,"key":"SMITH"},{"data":"Fasting2","floor":11,"key":"SMITH"},{"data":"Devotion","floor":13,"key":"SMITH"},{"floor":15,"key":"REST"},{"data":"ThirdEye","floor":23,"key":"SMITH"},{"floor":28,"key":"REST"},{"floor":32,"key":"REST"}],"circlet_count":0,"master_deck":["Strike_P+1","Defend_P+1","Defend_P+1","Eruption","Vigilance","Panacea","CarveReality+1","Prostrate","LikeWater","Meditate","Devotion+1","Fasting2+1","FlurryOfBlows","Wish","Wallop","Blasphemy","Adaptation","ThirdEye+1","Sanctity+1","CrushJoints","Wireheading","Apotheosis","Enlightenment","Devotion","SandsOfTime","Pray","Omniscience","Vengeance+1","ConjureBlade","TalkToTheHand","Tantrum"],"relics":["PureWater","CloakClasp","Mummified Hand","Membership Card","Runic Pyramid","Question Card","Toy Ornithopter","Smiling Mask","SlaversCollar","Potion Belt","MawBank"],"acts_visited":["Exordium","TheCity","TheBeyond"],"potions_floor_usage":[7,21,24,33,38,38,39],"damage_taken":[{"damage":0,"enemies":"Jaw Worm","floor":1,"turns":3},{"damage":1,"enemies":"Cultist","floor":3,"turns":3},{"damage":2,"enemies":"2 Louse","floor":4,"turns":2},{"damage":66,"enemies":"Gremlin Gang","floor":5,"turns":5},{"damage":6,"enemies":"Gremlin Nob","floor":7,"turns":5},{"damage":0,"enemies":"Exordium Thugs","floor":14,"turns":3},{"damage":30,"enemies":"The Guardian","floor":16,"turns":12},{"damage":6,"enemies":"Spheric Guardian","floor":18,"turns":4},{"damage":0,"enemies":"Chosen","floor":20,"turns":4},{"damage":12,"enemies":"Shelled Parasite and Fungi","floor":21,"turns":3},{"damage":4,"enemies":"Book of Stabbing","floor":24,"turns":5},{"damage":33,"enemies":"Slavers","floor":29,"turns":5},{"damage":8,"enemies":"Chosen and Byrds","floor":30,"turns":4},{"damage":0,"enemies":"Snecko","floor":31,"turns":3},{"damage":24,"enemies":"Collector","floor":33,"turns":6},{"damage":27,"enemies":"3 Shapes","floor":35,"turns":4},{"damage":8,"enemies":"Orb Walker","floor":38,"turns":4},{"damage":100033,"enemies":"Writhing Mass","floor":39,"turns":4}],"seed_played":"9189944429527764487","potions_obtained":[{"floor":1,"key":"Energy Potion"},{"floor":5,"key":"Weak Potion"},{"floor":14,"key":"SkillPotion"},{"floor":18,"key":"ColorlessPotion"},{"floor":29,"key":"LiquidMemories"},{"floor":33,"key":"Regen Potion"},{"floor":35,"key":"Energy Potion"}],"is_trial":false,"path_per_floor":["M","?","M","M","M","R","E","R","T","$","R","?","R","M","R","B",null,"M","?","M","M","?","R","E","$","T","?","R","E","M","M","R","B",null,"M","T","T","M","M"],"character_chosen":"WATCHER","items_purchased":["Membership Card","Fasting2","CrushJoints","Wireheading","Apotheosis","Enlightenment"],"campfire_rested":4,"item_purchase_floors":[10,10,25,25,25,25],"current_hp_per_floor":[72,72,71,69,3,24,18,18,18,18,18,11,11,11,32,2,55,49,49,49,37,37,37,33,33,33,33,54,21,13,13,34,15,58,31,31,31,45,0,0],"gold":283,"neow_bonus":"RANDOM_COLORLESS","is_daily":false,"chose_seed":false,"campfire_upgraded":4,"win_rate":0.0,"timestamp":1613042451,"path_taken":["M","?","M","M","?","R","E","R","T","$","R","?","R","?","R","BOSS","M","?","M","M","?","R","E","$","T","?","R","E","M","M","R","BOSS","M","?","?","M","M"],"items_purchased_type":["Relic","Card","Card","Card","Card","Card"],"build_version":"2020-12-22","purchased_purges":1,"victory":false,"max_hp_per_floor":[72,72,72,72,72,72,72,72,72,72,72,72,72,72,72,72,72,72,72,72,72,72,72,72,72,72,72,72,72,72,72,72,72,72,72,72,72,72,72,72],"card_choices":[{"not_picked":["Enlightenment","Purity"],"picked":"Panacea","floor":0},{"not_picked":["Protect","Pray"],"picked":"CarveReality","floor":1},{"not_picked":["Pray","Consecrate"],"picked":"Prostrate","floor":3},{"not_picked":["WindmillStrike","WaveOfTheHand"],"picked":"LikeWater","floor":4},{"not_picked":["Halt","Prostrate"],"picked":"Meditate","floor":5},{"not_picked":["CrushJoints","Vengeance"],"picked":"Devotion","floor":7},{"not_picked":["Prostrate","Study"],"picked":"FlurryOfBlows","floor":14},{"not_picked":["ConjureBlade","Alpha"],"picked":"Wish","floor":16},{"not_picked":["Halt","JustLucky"],"picked":"Wallop","floor":18},{"not_picked":["CarveReality+1","Evaluate","PathToVictory+1"],"picked":"SKIP","floor":20},{"not_picked":["SignatureMove","Perseverance"],"picked":"ThirdEye","floor":21},{"not_picked":["CutThroughFate","FlurryOfBlows"],"picked":"Sanctity+1","floor":24},{"not_picked":["ClearTheMind","CarveReality","FollowUp"],"picked":"Pray","floor":29},{"not_picked":["Crescendo","Protect","EmptyMind"],"picked":"Omniscience","floor":30},{"not_picked":["Swivel","Prostrate","PathToVictory"],"picked":"Vengeance+1","floor":31},{"not_picked":["LessonLearned","Alpha","DeusExMachina"],"picked":"ConjureBlade","floor":33},{"not_picked":["FollowUp+1","Swivel+1","Indignation+1"],"picked":"TalkToTheHand","floor":35},{"not_picked":["FlurryOfBlows","FollowUp","Crescendo"],"picked":"Tantrum","floor":38}],"player_experience":469075,"relics_obtained":[{"floor":7,"key":"CloakClasp"},{"floor":9,"key":"Mummified Hand"},{"floor":24,"key":"Question Card"},{"floor":26,"key":"Toy Ornithopter"},{"floor":29,"key":"Smiling Mask"},{"floor":36,"key":"Potion Belt"},{"floor":37,"key":"MawBank"}],"event_choices":[{"damage_healed":0,"gold_gain":0,"player_choice":"Bought 0 Potions","damage_taken":0,"max_hp_gain":0,"max_hp_loss":0,"event_name":"The Woman in Blue","floor":2,"gold_loss":0},{"damage_healed":0,"gold_gain":0,"player_choice":"Damaged","damage_taken":7,"max_hp_gain":0,"max_hp_loss":0,"event_name":"Wheel of Change","floor":12,"gold_loss":0},{"damage_healed":0,"gold_gain":0,"cards_transformed":["Strike_P","Strike_P"],"player_choice":"Became Test Subject","damage_taken":0,"max_hp_gain":0,"max_hp_loss":0,"event_name":"Drug Dealer","floor":19,"gold_loss":0,"cards_obtained":["Blasphemy","Adaptation"]},{"damage_healed":0,"gold_gain":0,"player_choice":"Simplicity","damage_taken":0,"max_hp_gain":0,"max_hp_loss":0,"event_name":"Back to Basics","floor":22,"gold_loss":0,"cards_upgraded":["Strike_P","Strike_P","Defend_P","Defend_P","Defend_P","Defend_P"]},{"damage_healed":0,"gold_gain":0,"cards_transformed":["Strike_P","Defend_P"],"player_choice":"Transformed Cards","damage_taken":0,"max_hp_gain":0,"max_hp_loss":0,"event_name":"Designer","floor":27,"gold_loss":60,"cards_obtained":["Devotion","SandsOfTime"]}],"is_beta":false,"boss_relics":[{"not_picked":["Sozu","Runic Dome"],"picked":"Runic Pyramid"},{"not_picked":["VioletLotus","Snecko Eye"],"picked":"SlaversCollar"}],"items_purged_floors":[25],"is_endless":false,"potions_floor_spawned":[1,5,14,18,29,33,35],"killed_by":"Writhing Mass","ascension_level":5}}