{"host":"gtkw0hh8g0porc44","time":1613054532,"event":{"mods":["AchievementEnabler","BaseMod","Better Altar","Better Match","Better Note","Better Sensory Stone","Better Skull","BetterRewards","Colored Map","Colored Powertips","DeckTracker","Highlight Path","Minty Spire (QoL Compilation)","Relic Stats","Replay The Spire","StSLib","Synergy Search"],"gold_per_floor":[110,110,124,142,44,44,75,75,75,110,120,120,139,151,151,247,247,247,247],"floor_reached":18,"language":"ENG","playtime":1940,"items_purged":[],"score":207,"play_id":"70a08a13-17c7-48bb-823f-60c329a6c609","local_time":"20210211094212","is_ascension_mode":true,"campfire_choices":[{"data":"Bash","floor":6,"key":"SMITH"},{"floor":8,"key":"REST"},{"floor":15,"key":"REST"}],"circlet_count":0,"master_deck":["Strike_R","Strike_R","Strike_R","Strike_R","Strike_R","Defend_R","Bash+1","Regret","Shrug It Off","Pain","Pommel Strike","Dropkick","Immolate+1","Heavy Blade","Headbutt","Warcry","Defy Death","ReplayTheSpireMod:Stacked","Demonic Infusion","CommonCold"],"relics":["Burning Blood","Gremlin Horn","WarpedTongs","Bottled Lightning","Prayer Wheel","Quantum Egg","Kintsugi"],"acts_visited":["Exordium","TheCity"],"potions_floor_usage":[7,7,11,16],"damage_taken":[{"damage":4,"enemies":"Small Slimes","floor":1,"turns":3},{"damage":19,"enemies":"Cultist","floor":3,"turns":4},{"damage":1,"enemies":"2 Louse","floor":4,"turns":2},{"damage":56,"enemies":"Lagavulin","floor":7,"turns":7},{"damage":34,"enemies":"Gremlin Nob","floor":10,"turns":4},{"damage":19,"enemies":"Lots of Slimes","floor":11,"turns":4},{"damage":0,"enemies":"3 Louse","floor":13,"turns":1},{"damage":13,"enemies":"Exordium Thugs","floor":14,"turns":3},{"damage":24,"enemies":"Fading Forest","floor":16,"turns":11},{"damage":192,"enemies":"3 Byrds","floor":18,"turns":5}],"seed_played":"-8911290530139781145","potions_obtained":[{"floor":4,"key":"Reflective Coating"},{"floor":10,"key":"SteroidPotion"},{"floor":14,"key":"Doom Potion"}],"is_trial":false,"path_per_floor":["M","?","M","M","$","R","E","R","T","E","M","?","M","M","R","B",null,"M"],"character_chosen":"IRONCLAD","items_purchased":["Fruit Juice"],"campfire_rested":2,"item_purchase_floors":[5],"current_hp_per_floor":[80,80,67,72,72,72,27,52,52,24,11,11,17,10,35,39,85,0,0],"gold":247,"neow_bonus":"RANDOM_EVENT","is_daily":false,"chose_seed":false,"campfire_upgraded":1,"win_rate":0.0,"timestamp":1613054532,"path_taken":["M","?","?","M","$","R","E","R","T","E","M","?","?","?","R","BOSS","M"],"items_purchased_type":["Potion"],"build_version":"2020-12-22","purchased_purges":0,"victory":false,"max_hp_per_floor":[80,80,80,80,80,80,85,85,85,85,85,85,85,85,85,85,85,85,85],"relic_stats":{"Gremlin Horn":[14,14],"counters":[10,43],"Prayer Wheel":3,"obtain_stats":[{"Gremlin Horn":0,"Quantum Egg":10,"Prayer Wheel":9,"Bottled Lightning":7,"Kintsugi":17,"Burning Blood":0,"WarpedTongs":2},{"Gremlin Horn":0,"Quantum Egg":5,"Prayer Wheel":4,"Bottled Lightning":4,"Kintsugi":9,"Burning Blood":0,"WarpedTongs":1},{"Gremlin Horn":0,"Quantum Egg":20,"Prayer Wheel":16,"Bottled Lightning":16,"Kintsugi":38,"Burning Blood":0,"WarpedTongs":3}],"Burning Blood":52,"WarpedTongs":[39]},"card_choices":[{"not_picked":["Thunderclap","Run Through"],"picked":"Shrug It Off","floor":1},{"not_picked":["Body Slam","Clothesline","Metallicize"],"picked":"SKIP","floor":3},{"not_picked":["Shrug It Off","Clash","Anger"],"picked":"SKIP","floor":4},{"not_picked":["Reckless Charge","Iron Wave"],"picked":"Pommel Strike","floor":7},{"not_picked":["Clothesline","Wild Strike"],"picked":"Dropkick","floor":10},{"not_picked":["Searing Blow","Heavy Blade"],"picked":"Immolate","floor":11},{"not_picked":["Flex","Perfected Strike"],"picked":"Heavy Blade","floor":11},{"not_picked":["Body Slam","Shrug It Off"],"picked":"Headbutt","floor":13},{"not_picked":["Rampage","Abandon"],"picked":"Warcry","floor":13},{"not_picked":["ReplayTheSpireMod:Strike From Hell","Dual Wield"],"picked":"Defy Death","floor":14},{"not_picked":["Searing Blow","Infernal Blade"],"picked":"ReplayTheSpireMod:Stacked","floor":14},{"not_picked":["Hemogenesis","Fiend Fire"],"picked":"Demonic Infusion","floor":16}],"player_experience":107493,"relics_obtained":[{"floor":7,"key":"Bottled Lightning"},{"floor":9,"key":"Prayer Wheel"},{"floor":10,"key":"Quantum Egg"}],"event_choices":[{"damage_healed":0,"gold_gain":0,"player_choice":"Box","damage_taken":0,"relics_obtained":["Gremlin Horn"],"max_hp_gain":0,"max_hp_loss":0,"event_name":"Big Fish","floor":0,"gold_loss":0,"cards_obtained":["Regret"]},{"damage_healed":0,"gold_gain":0,"player_choice":"Rummage","damage_taken":0,"relics_obtained":["WarpedTongs"],"max_hp_gain":0,"max_hp_loss":0,"event_name":"Accursed Blacksmith","floor":2,"gold_loss":0,"cards_obtained":["Pain"]},{"damage_healed":0,"gold_gain":0,"player_choice":"Upgraded","damage_taken":0,"max_hp_gain":0,"max_hp_loss":0,"event_name":"Upgrade Shrine","floor":12,"gold_loss":0,"cards_upgraded":["Immolate"]}],"is_beta":false,"boss_relics":[{"not_picked":["Ectoplasm","Mark of Pain"],"picked":"Kintsugi"}],"items_purged_floors":[],"is_endless":false,"potions_floor_spawned":[4,10,14],"killed_by":"3 Byrds","ascension_level":1}}