{"host":"hzswyuuwdl03wwzr","time":1613017073,"event":{"mods":["100% Spire Juice","ATMod(∞¢Ë™Mod)","AchievementEnabler","Act Like it!","BaseMod","Bossed Relics","CapriCore","Hallownest","Lobotomy","LobotomyExtend","Luminous","Marisa£®ÏF”Í°°ƒß¿Ì…≥£©","Minty Spire (QoL Compilation)","MostiFishMod","Pale of the Ancients","Quick Restart","Reimu£®≤©¿ˆ¡È√Œ£©","Reliquary","Replay The Spire","StSLib","The Cursed","The Hierophant","The Immortal","The Runesmith","WarShipGirlsR/’ΩΩ¢…Ÿ≈ÆR mod","Warlord Emblem","Youmu£®ªÍ∆«—˝√Œ£©","Yuyuko","°æπ¶ƒ‹Mod°øªÏ„Á÷Æª∑–ﬁ∏¥≤π∂°","°æ“≈ŒÔø®≈∆°øREMEMod"],"gold_per_floor":[119,134,98,108,108,120,132,144,156,168,205,217,245,271,283,295,295],"floor_reached":16,"language":"ZHS","playtime":431,"items_purged":[],"score":100,"play_id":"85c1028e-79e5-4a22-bfe7-e851396f0d45","local_time":"20210211121753","is_ascension_mode":false,"campfire_choices":[{"data":"SwordExtraction","floor":6,"key":"SMITH"},{"data":"SlashOfPresentWorld","floor":8,"key":"SMITH"},{"floor":15,"key":"REST"}],"circlet_count":0,"master_deck":["Strike_YM+1","Strike_YM","Strike_YM","Strike_YM","Defend_YM","Defend_YM","Defend_YM","Defend_YM+1","SlashOfPresentWorld+1","WheelOfPainOfLivingAndDead+1","SwordExtraction+1","ASingleThoughtAndInfiniteKalpas+1","ConstancyOfTheConventionalTruth+1","Defend_YM","SwordExtraction"],"relics":["HalfPhantom","AT_ATBox","REME_ComplimentaryCards","DaveBox","BrkXgEgg","SynthV:TestCard","LetterFromLob","MawBank","ReplayTheSpireMod:Ninjato","reliquary:Boomerang"],"acts_visited":["Exordium"],"potions_floor_usage":[],"damage_taken":[{"damage":1,"enemies":"Cultist","floor":1,"turns":4},{"damage":0,"enemies":"2 Louse","floor":2,"turns":5},{"damage":4,"enemies":"Jaw Worm","floor":4,"turns":6},{"damage":22,"enemies":"Lagavulin","floor":11,"turns":9},{"damage":2,"enemies":"Looter","floor":13,"turns":4},{"damage":10,"enemies":"3 Louse","floor":14,"turns":5},{"damage":0,"enemies":"Fading Forest","floor":16,"turns":1}],"seed_played":"-6576527829844851611","potions_obtained":[{"floor":2,"key":"LiquidBronze"},{"floor":11,"key":"SneckoOil"},{"floor":14,"key":"ZuzhouPotion:ReiMu"}],"is_trial":false,"path_per_floor":["M","M","$","M","?","R","?","R","T","$","E","?","M","M","R","B"],"character_chosen":"YOUMU","items_purchased":["ConstancyOfTheConventionalTruth+1"],"campfire_rested":1,"item_purchase_floors":[3],"current_hp_per_floor":[74,74,74,70,63,63,56,56,56,56,34,19,17,7,29,29,29],"gold":295,"neow_bonus":"UPGRADE_CARD","is_daily":false,"chose_seed":false,"campfire_upgraded":2,"win_rate":0.0,"timestamp":1613017073,"path_taken":["M","M","$","?","?","R","?","R","T","?","E","?","M","M","R","BOSS"],"items_purchased_type":["Card"],"build_version":"2020-12-22","purchased_purges":0,"victory":false,"max_hp_per_floor":[75,75,75,75,75,75,75,75,75,75,75,75,75,75,75,75,75],"card_choices":[{"not_picked":["SlashOfMeditation","ConstancyOfTheConventionalTruth"],"picked":"SwordExtraction","floor":1},{"not_picked":["CherryBlossomFlashing","SpiritCuttingSword","FlashingScatteredFlowers","LifeCuttingSword"],"picked":"ASingleThoughtAndInfiniteKalpas+1","floor":2},{"not_picked":["SanzenSekai","BloodOfAsura","SlashOfMeditation","AsTheSilentNirvana","HumanGodSword"],"picked":"SKIP","floor":4},{"not_picked":["SwordOfBindingDesires","TwoHundredYojanaInOneSlash","ASingleThoughtAndInfiniteKalpas+1","LowerRealmReflectionSlash","CherryBlossomFlashing"],"picked":"SKIP","floor":11},{"not_picked":["SpiritCuttingSword","SlashClearingTheSixSenses","LowerRealmReflectionSlash","SlashOfMeditation"],"picked":"SwordExtraction","floor":13},{"not_picked":["ConstancyOfTheConventionalTruth","ObsessionWithThePresentWorld","SlashOfDelusionalInnerEye","LowerRealmReflectionSlash","CherryBlossomFlashing"],"picked":"SKIP","floor":14}],"player_experience":39664,"relics_obtained":[{"floor":1,"key":"SynthV:TestCard"},{"floor":1,"key":"LetterFromLob"},{"floor":9,"key":"ReplayTheSpireMod:Ninjato"},{"floor":11,"key":"reliquary:Boomerang"}],"event_choices":[{"damage_healed":0,"gold_gain":0,"player_choice":"Success","damage_taken":7,"relics_obtained":["MawBank"],"max_hp_gain":0,"max_hp_loss":0,"event_name":"Scrap Ooze","floor":5,"gold_loss":0},{"damage_healed":0,"gold_gain":0,"player_choice":"Entered Light","damage_taken":15,"max_hp_gain":0,"max_hp_loss":0,"event_name":"Shining Light","floor":12,"gold_loss":0,"cards_upgraded":["Strike_YM","Defend_YM"]}],"is_beta":false,"boss_relics":[],"items_purged_floors":[],"is_endless":false,"potions_floor_spawned":[2,11,14],"killed_by":"Fading Forest","ascension_level":0}}