{"host":"dctolzh6htjtakpc","time":1613044061,"event":{"mods":["2.2 Compatiblity","AchievementEnabler","AlwaysNeverKeys","BaseMod","Block Reminder","DeckTracker","Defuse TimeMaze Blight","Minty Spire (QoL Compilation)","Permanent Neow","Quick Restart","StSLib","SuperFastMode"],"gold_per_floor":[115,190,115,115,15,15,43,62,62,76,31,42,42,59,59,59,59],"floor_reached":16,"language":"ENG","playtime":591,"items_purged":["Defend_G","Defend_G"],"score":160,"play_id":"ee57abdc-7867-4c5e-894a-0b141adecfd0","local_time":"20210211064741","is_ascension_mode":true,"campfire_choices":[{"data":"Concentrate","floor":6,"key":"SMITH"},{"data":"Footwork","floor":13,"key":"SMITH"},{"data":"Reflex","floor":15,"key":"SMITH"}],"circlet_count":0,"master_deck":["AscendersBane","Strike_G","Strike_G","Strike_G","Defend_G","Defend_G","Defend_G","Survivor","Neutralize","Concentrate+1","Footwork+1","Backflip","Deflect","Reflex+1","Quick Slash","Backflip"],"relics":["Ring of the Snake","Prayer Wheel","Meat on the Bone"],"acts_visited":["Exordium"],"potions_floor_usage":[11,11,12],"damage_taken":[{"damage":12,"enemies":"Small Slimes","floor":1,"turns":5},{"damage":56,"enemies":"3 Sentries","floor":7,"turns":20},{"damage":0,"enemies":"2 Louse","floor":8,"turns":4},{"damage":0,"enemies":"Cultist","floor":10,"turns":6},{"damage":1,"enemies":"Looter","floor":11,"turns":5},{"damage":0,"enemies":"Blue Slaver","floor":12,"turns":6},{"damage":5,"enemies":"Red Slaver","floor":14,"turns":6},{"damage":51,"enemies":"Hexaghost","floor":16,"turns":16}],"seed_played":"-4811974890049211087","potions_obtained":[{"floor":1,"key":"GamblersBrew"},{"floor":10,"key":"EntropicBrew"},{"floor":12,"key":"Fruit Juice"}],"is_trial":false,"path_per_floor":["M","?","$","?","$","R","E","M","T","M","M","M","R","M","R","B"],"character_chosen":"THE_SILENT","items_purchased":[],"campfire_rested":0,"item_purchase_floors":[],"current_hp_per_floor":[33,22,22,70,70,70,14,14,14,26,37,42,42,49,49,0,0],"gold":59,"neow_bonus":"REMOVE_TWO","is_daily":false,"chose_seed":false,"campfire_upgraded":3,"win_rate":0.0,"timestamp":1613044061,"path_taken":["M","?","$","?","$","R","E","M","T","M","M","M","R","M","R","BOSS"],"items_purchased_type":[],"build_version":"2020-12-22","purchased_purges":2,"victory":false,"max_hp_per_floor":[70,70,70,70,70,70,70,70,70,70,70,75,75,75,75,75,75],"card_choices":[{"not_picked":["PiercingWail","Deflect"],"picked":"Concentrate","floor":1},{"not_picked":["Leg Sweep","Dagger Spray"],"picked":"Footwork","floor":7},{"not_picked":["Flying Knee","Cloak And Dagger","Sucker Punch"],"picked":"SKIP","floor":8},{"not_picked":["Cloak And Dagger","PiercingWail","Bane"],"picked":"SKIP","floor":8},{"not_picked":["Sucker Punch","Footwork"],"picked":"Backflip","floor":10},{"not_picked":["Dodge and Roll","Quick Slash"],"picked":"Deflect","floor":10},{"not_picked":["PiercingWail","Outmaneuver","Cloak And Dagger"],"picked":"SKIP","floor":11},{"not_picked":["Deflect","Dodge and Roll","Infinite Blades"],"picked":"SKIP","floor":11},{"not_picked":["Backflip","Blade Dance"],"picked":"Reflex","floor":12},{"not_picked":["Deadly Poison","Doppelganger","Catalyst"],"picked":"SKIP","floor":12},{"not_picked":["Cloak And Dagger","Flechettes"],"picked":"Quick Slash","floor":14},{"not_picked":["All Out Attack","Catalyst"],"picked":"Backflip","floor":14}],"player_experience":518970,"relics_obtained":[{"floor":7,"key":"Prayer Wheel"},{"floor":9,"key":"Meat on the Bone"}],"event_choices":[{"damage_healed":0,"gold_gain":75,"player_choice":"Gather Gold","damage_taken":11,"max_hp_gain":0,"max_hp_loss":0,"event_name":"World of Goop","floor":2,"gold_loss":0},{"damage_healed":48,"gold_gain":0,"player_choice":"Full Heal","damage_taken":0,"max_hp_gain":0,"max_hp_loss":0,"event_name":"Wheel of Change","floor":4,"gold_loss":0}],"is_beta":false,"boss_relics":[],"items_purged_floors":[3,5],"is_endless":false,"potions_floor_spawned":[1,10,12],"killed_by":"Hexaghost","ascension_level":12}}