{"host":"8rqsnaeml9gxb0kp","time":1613087755,"event":{"mods":["AchievementEnabler","BaseMod","Dark Map","Minty Spire (QoL Compilation)","Relic Stats","StSLib","slay the spire mod where everything is the same but ironclad has a cowboy hat"],"gold_per_floor":[365,384,55,55,75,108,108,108,161,171,171,204,219,235,235,235,235],"floor_reached":16,"language":"ENG","playtime":1179,"items_purged":[],"score":218,"play_id":"41a713b1-85d4-4a88-b196-940222c27fb4","local_time":"20210211155555","is_ascension_mode":true,"campfire_choices":[{"floor":7,"key":"REST"},{"floor":11,"key":"REST"},{"data":"Shockwave","floor":15,"key":"SMITH"}],"circlet_count":0,"master_deck":["AscendersBane","Strike_R","Strike_R","Strike_R","Strike_R","Strike_R","Defend_R","Defend_R","Defend_R","Defend_R","Bash","Twin Strike","Perfected Strike","Clothesline","Whirlwind","Shockwave+1","Pummel","Hemokinesis"],"relics":["Burning Blood","Membership Card","Mango","Regal Pillow","HornCleat","Tiny Chest","Ornamental Fan"],"acts_visited":["Exordium"],"potions_floor_usage":[6,12,14,16],"damage_taken":[{"damage":14,"enemies":"Jaw Worm","floor":1,"turns":4},{"damage":14,"enemies":"Small Slimes","floor":2,"turns":5},{"damage":6,"enemies":"2 Louse","floor":5,"turns":2},{"damage":55,"enemies":"3 Sentries","floor":6,"turns":10},{"damage":41,"enemies":"Exordium Wildlife","floor":10,"turns":6},{"damage":21,"enemies":"Lagavulin","floor":12,"turns":4},{"damage":7,"enemies":"Blue Slaver","floor":13,"turns":4},{"damage":7,"enemies":"Lots of Slimes","floor":14,"turns":2},{"damage":68,"enemies":"Hexaghost","floor":16,"turns":10}],"seed_played":"-4272691149073391104","potions_obtained":[{"floor":5,"key":"Regen Potion"},{"floor":10,"key":"FearPotion"},{"floor":13,"key":"Swift Potion"},{"floor":14,"key":"GamblersBrew"}],"is_trial":false,"path_per_floor":["M","M","$","?","M","E","R","T","T","M","R","E","M","M","R","B"],"character_chosen":"IRONCLAD","items_purchased":["Membership Card","Mango"],"campfire_rested":2,"item_purchase_floors":[3,3],"current_hp_per_floor":[60,52,66,71,71,37,78,78,78,43,84,69,68,67,67,0,0],"gold":235,"neow_bonus":"TWO_FIFTY_GOLD","is_daily":false,"chose_seed":false,"campfire_upgraded":1,"win_rate":0.0,"timestamp":1613087755,"path_taken":["M","M","$","?","M","E","R","?","T","M","R","E","M","M","R","BOSS"],"items_purchased_type":["Relic","Relic"],"build_version":"2020-12-22","purchased_purges":0,"victory":false,"max_hp_per_floor":[68,68,82,87,87,87,87,87,87,87,87,87,87,87,87,87,87],"relic_stats":{"Regal Pillow":30,"counters":[9,47],"Ornamental Fan":[4],"Tiny Chest":0,"obtain_stats":[{"Regal Pillow":6,"HornCleat":8,"Ornamental Fan":12,"Mango":3,"Tiny Chest":9,"Membership Card":3,"Burning Blood":0},{"Regal Pillow":4,"HornCleat":4,"Ornamental Fan":6,"Mango":2,"Tiny Chest":4,"Membership Card":2,"Burning Blood":0},{"Regal Pillow":21,"HornCleat":21,"Ornamental Fan":31,"Mango":9,"Tiny Chest":21,"Membership Card":9,"Burning Blood":0}],"Burning Blood":48},"card_choices":[{"not_picked":["Pommel Strike","Warcry"],"picked":"Twin Strike","floor":1},{"not_picked":["Dropkick","Warcry"],"picked":"Perfected Strike","floor":2},{"not_picked":["Combust","Heavy Blade"],"picked":"Clothesline","floor":5},{"not_picked":["Metallicize","Intimidate"],"picked":"Whirlwind","floor":6},{"not_picked":["Havoc","Body Slam","Combust"],"picked":"SKIP","floor":10},{"not_picked":["Exhume","Twin Strike"],"picked":"Shockwave","floor":12},{"not_picked":["Anger","Reckless Charge"],"picked":"Pummel","floor":13},{"not_picked":["Cleave","True Grit"],"picked":"Hemokinesis","floor":14}],"player_experience":197039,"relics_obtained":[{"floor":6,"key":"Regal Pillow"},{"floor":8,"key":"HornCleat"},{"floor":9,"key":"Tiny Chest"},{"floor":12,"key":"Ornamental Fan"}],"event_choices":[{"damage_healed":0,"gold_gain":0,"player_choice":"Donut","damage_taken":0,"max_hp_gain":5,"max_hp_loss":0,"event_name":"Big Fish","floor":4,"gold_loss":0}],"is_beta":false,"boss_relics":[],"items_purged_floors":[],"is_endless":false,"potions_floor_spawned":[5,10,13,14],"killed_by":"Hexaghost","ascension_level":19}}