{"host":"i09pxcjttd31eh4q","time":1613061847,"event":{"mods":["AchievementEnabler","BaseMod","Colored Map","Keyboard Shortcuts","Minty Spire (QoL Compilation)","StSLib","SuperFastMode"],"gold_per_floor":[365,375,375,31,31,31,31,50,76,76,92,92,107,13,13,90,90,100,134,153,153,25,25,25,43,43,53,53,53,84,84,84,156,156,170,193,207,34,59,92,92,118,144,159,189,204,235,246,246,246,246,246,246,42,70,70,70],"floor_reached":56,"language":"KOR","playtime":1482,"items_purged":["Strike_G","Strike_G","Strike_G","Strike_G"],"score":2321,"play_id":"8a141215-f520-4920-b35a-ea62872a2017","local_time":"20210212014407","is_ascension_mode":true,"campfire_choices":[{"data":"Cloak And Dagger","floor":6.0,"key":"SMITH"},{"data":"Infinite Blades","floor":10.0,"key":"SMITH"},{"data":"Cloak And Dagger","floor":12.0,"key":"SMITH"},{"data":"Accuracy","floor":15.0,"key":"SMITH"},{"data":"Blade Dance","floor":23.0,"key":"SMITH"},{"data":"Cloak And Dagger","floor":28.0,"key":"SMITH"},{"data":"Burst","floor":32,"key":"SMITH"},{"data":"Accuracy","floor":41,"key":"SMITH"},{"floor":49,"key":"RECALL"},{"data":"Cloak And Dagger","floor":53,"key":"SMITH"}],"circlet_count":0,"master_deck":["AscendersBane","Defend_G","Defend_G","Survivor","Neutralize","Cloak And Dagger+1","Infinite Blades+1","Cloak And Dagger+1","Terror","Accuracy+1","Accuracy+1","Burst+1","Cloak And Dagger+1","Accuracy+1","Blade Dance+1","Acrobatics","Leg Sweep+1","Well Laid Plans","Storm of Steel","Cloak And Dagger+1","Finesse","PiercingWail+1","Backflip+1","Purity+1","PiercingWail+1"],"relics":["Ring of the Snake","Ornamental Fan","Smiling Mask","Sozu","Red Mask","Matryoshka","Busted Crown","PreservedInsect","Anchor","Snake Skull","Toxic Egg 2","Dream Catcher","Juzu Bracelet","HornCleat","Blue Candle","Vajra"],"acts_visited":["Exordium","TheCity","TheBeyond","TheEnding"],"potions_floor_usage":[50],"damage_taken":[{"damage":5.0,"enemies":"Cultist","floor":1.0,"turns":5.0},{"damage":6.0,"enemies":"Small Slimes","floor":2.0,"turns":4.0},{"damage":0.0,"enemies":"2 Louse","floor":8.0,"turns":4.0},{"damage":0.0,"enemies":"Looter","floor":11.0,"turns":4.0},{"damage":3.0,"enemies":"Large Slime","floor":13.0,"turns":5.0},{"damage":0.0,"enemies":"Slime Boss","floor":16.0,"turns":4.0},{"damage":0.0,"enemies":"3 Byrds","floor":18.0,"turns":6.0},{"damage":18.0,"enemies":"Masked Bandits","floor":19.0,"turns":4.0},{"damage":10.0,"enemies":"Spheric Guardian","floor":20.0,"turns":4.0},{"damage":0.0,"enemies":"Centurion and Healer","floor":25.0,"turns":4.0},{"damage":9.0,"enemies":"Shelled Parasite and Fungi","floor":27.0,"turns":3.0},{"damage":3.0,"enemies":"Book of Stabbing","floor":30.0,"turns":3.0},{"damage":0,"enemies":"Automaton","floor":33,"turns":6},{"damage":19,"enemies":"3 Shapes","floor":35,"turns":4},{"damage":0,"enemies":"Orb Walker","floor":37,"turns":3},{"damage":0,"enemies":"Mind Bloom Boss Battle","floor":39,"turns":7},{"damage":0,"enemies":"Giant Head","floor":40,"turns":4},{"damage":0,"enemies":"Nemesis","floor":42,"turns":3},{"damage":0,"enemies":"3 Darklings","floor":44,"turns":4},{"damage":0,"enemies":"Giant Head","floor":45,"turns":4},{"damage":0,"enemies":"Writhing Mass","floor":46,"turns":4},{"damage":0,"enemies":"Reptomancer","floor":47,"turns":4},{"damage":0,"enemies":"Spire Growth","floor":48,"turns":2},{"damage":26,"enemies":"Awakened One","floor":50,"turns":8},{"damage":11,"enemies":"Donu and Deca","floor":51,"turns":5},{"damage":21,"enemies":"Shield and Spear","floor":55,"turns":5},{"damage":6,"enemies":"The Heart","floor":56,"turns":3}],"seed_played":"-6969115258898146008","potions_obtained":[{"floor":8.0,"key":"Explosive Potion"},{"floor":11.0,"key":"ColorlessPotion"},{"floor":13.0,"key":"BlessingOfTheForge"}],"is_trial":false,"path_per_floor":["M","M","?","$","?","R","?","M","T","R","M","R","M","$","R","B",null,"M","?","M","?","$","R","?","M","T","M","R","?","E","?","R","B",null,"M","T","M","$","?","E","R","E","T","M","E","M","E","M","R","B","B",null,"R","$","E","B"],"character_chosen":"THE_SILENT","items_purchased":["Ornamental Fan","Cloak And Dagger","Accuracy","Blade Dance","Acrobatics","Cloak And Dagger","Finesse","Purity+1","PiercingWail+1"],"campfire_rested":0,"item_purchase_floors":[4,4,14,22,22,38,38,54,54],"current_hp_per_floor":[39,33,26,26,26,26,31,31,31,31,31,31,28,28,28,28,60,60,42,32,32,32,32,32,32,32,23,23,23,20,20,20,20,58,39,39,39,39,39,39,39,39,39,39,39,39,39,39,39,13,2,54,54,54,33,27,27],"gold":70,"neow_bonus":"TWO_FIFTY_GOLD","is_daily":false,"chose_seed":false,"campfire_upgraded":9,"win_rate":0.0,"timestamp":1613061847,"path_taken":["M","M","?","$","?","R","?","M","T","R","M","R","M","$","R","BOSS","M","?","M","?","$","R","?","?","T","M","R","?","E","?","R","BOSS","M","?","M","$","?","E","R","E","T","M","E","M","E","M","R","BOSS","BOSS","R","$","E","BOSS"],"items_purchased_type":["Relic","Card","Card","Card","Card","Card","Card","Card","Card"],"build_version":"2020-12-22","purchased_purges":4,"victory":false,"max_hp_per_floor":[66,66,66,66,66,66,71,71,71,71,71,71,71,71,71,71,71,71,71,71,71,71,71,71,71,71,71,71,71,71,71,71,71,71,71,71,71,71,71,71,71,71,71,71,71,71,71,71,71,71,71,71,71,71,71,71,71],"card_choices":[{"not_picked":["Outmaneuver","Deadly Poison"],"picked":"Cloak And Dagger","floor":1.0},{"not_picked":["Infinite Blades","Slice","Underhanded Strike"],"picked":"SKIP","floor":2.0},{"not_picked":["Slice","Underhanded Strike"],"picked":"Infinite Blades","floor":2.0},{"not_picked":["Reflex","Underhanded Strike","Deflect"],"picked":"SKIP","floor":8.0},{"not_picked":["Footwork","Bane"],"picked":"Terror","floor":11.0},{"not_picked":["Poisoned Stab","Dodge and Roll"],"picked":"Accuracy","floor":13.0},{"not_picked":["Corpse Explosion","Bullet Time"],"picked":"Burst","floor":16.0},{"not_picked":["Dash","PiercingWail"],"picked":"Cloak And Dagger","floor":18.0},{"not_picked":["Backstab","Leg Sweep"],"picked":"Accuracy+1","floor":19.0},{"not_picked":["Choke+1","Dagger Throw","Deadly Poison"],"picked":"SKIP","floor":20.0},{"not_picked":["Tactician","Dagger Spray","Infinite Blades"],"picked":"SKIP","floor":25.0},{"not_picked":["Outmaneuver","Dagger Spray"],"picked":"Leg Sweep+1","floor":27.0},{"not_picked":["Expertise","Poisoned Stab","Heel Hook"],"picked":"SKIP","floor":30.0},{"not_picked":["Bullet Time","Doppelganger"],"picked":"Storm of Steel","floor":33},{"not_picked":["Deadly Poison"],"picked":"SKIP","floor":35},{"not_picked":["Slice"],"picked":"SKIP","floor":37},{"not_picked":["A Thousand Cuts"],"picked":"SKIP","floor":40},{"not_picked":[],"picked":"PiercingWail+1","floor":42},{"not_picked":[],"picked":"Backflip+1","floor":44},{"not_picked":["Flying Knee"],"picked":"SKIP","floor":45},{"not_picked":["Poisoned Stab"],"picked":"SKIP","floor":46},{"not_picked":["Masterful Stab+1"],"picked":"SKIP","floor":47},{"not_picked":["Deflect+1"],"picked":"SKIP","floor":48},{"not_picked":["Slice"],"picked":"SKIP","floor":55}],"player_experience":902404,"relics_obtained":[{"floor":9.0,"key":"Smiling Mask"},{"floor":19.0,"key":"Red Mask"},{"floor":30.0,"key":"Matryoshka"},{"floor":36,"key":"PreservedInsect"},{"floor":36,"key":"Anchor"},{"floor":40,"key":"Snake Skull"},{"floor":42,"key":"Toxic Egg 2"},{"floor":43,"key":"Dream Catcher"},{"floor":43,"key":"Juzu Bracelet"},{"floor":45,"key":"HornCleat"},{"floor":47,"key":"Blue Candle"},{"floor":55,"key":"Vajra"}],"event_choices":[{"cards_removed":["Strike_G"],"damage_healed":0.0,"max_hp_gain":0.0,"max_hp_loss":0.0,"gold_gain":0.0,"event_name":"Golden Wing","player_choice":"Card Removal","floor":3.0,"gold_loss":0.0,"damage_taken":7.0},{"cards_removed":["Defend_G"],"damage_healed":0.0,"max_hp_gain":0.0,"max_hp_loss":0.0,"gold_gain":0.0,"event_name":"Living Wall","player_choice":"Forget","floor":5.0,"gold_loss":0.0,"damage_taken":0.0},{"damage_healed":0.0,"max_hp_gain":5.0,"max_hp_loss":0.0,"gold_gain":0.0,"event_name":"Big Fish","player_choice":"Donut","floor":7.0,"gold_loss":0.0,"damage_taken":0.0},{"damage_healed":0.0,"max_hp_gain":0.0,"max_hp_loss":0.0,"gold_gain":0.0,"event_name":"Masked Bandits","player_choice":"Fought Bandits","floor":19.0,"gold_loss":0.0,"damage_taken":0.0},{"damage_healed":0.0,"max_hp_gain":0.0,"max_hp_loss":0.0,"gold_gain":0.0,"event_name":"Ghosts","player_choice":"Ignored","floor":21.0,"gold_loss":0.0,"damage_taken":0.0},{"cards_removed":["Defend_G"],"damage_healed":0.0,"max_hp_gain":0.0,"max_hp_loss":0.0,"gold_gain":0.0,"event_name":"Bonfire Elementals","player_choice":"Offered Basic","floor":24.0,"gold_loss":0.0,"damage_taken":0.0},{"cards_removed":["Defend_G"],"damage_healed":0.0,"max_hp_gain":0.0,"max_hp_loss":0.0,"gold_gain":0.0,"event_name":"Back to Basics","player_choice":"Elegance","floor":29.0,"gold_loss":0.0,"damage_taken":0.0},{"damage_healed":0,"gold_gain":0,"player_choice":"1 cards matched","damage_taken":0,"max_hp_gain":0,"max_hp_loss":0,"event_name":"Match and Keep!","floor":31,"gold_loss":0,"cards_obtained":["Well Laid Plans"]},{"damage_healed":0,"gold_gain":0,"player_choice":"Fight","damage_taken":0,"max_hp_gain":0,"max_hp_loss":0,"event_name":"MindBloom","floor":39,"gold_loss":0}],"is_beta":false,"boss_relics":[{"not_picked":["Velvet Choker","Coffee Dripper"],"picked":"Sozu"},{"not_picked":["HoveringKite","SlaversCollar"],"picked":"Busted Crown"}],"items_purged_floors":[14,22,38,54],"is_endless":false,"potions_floor_spawned":[8,11,13,25,27,33,37,39,44,45],"killed_by":"The Heart","ascension_level":20}}