{"host":"c3go1wdw7e87ramg","time":1613021275,"event":{"mods":["Act Like it!","BaseMod","Minty Spire (QoL Compilation)","StSLib"],"gold_per_floor":[18,18,43,68,68,107,107,146,146,146,167,206,221,236,236,362,425,444,444,444,457,156,195,195,195,195,228,153,153,105,119,119,220,220,236,291,87,137,150,182,182,194,194,194,39,69,69,81,81,81],"floor_reached":51,"language":"ZHS","playtime":3031,"items_purged":["Limit Break","Defend_R"],"score":918,"play_id":"71c314af-af81-45e6-8898-97cf8caec761","local_time":"20210211132755","is_ascension_mode":true,"campfire_choices":[{"data":"Bash","floor":7.0,"key":"SMITH"},{"floor":10.0,"key":"REST"},{"data":"Flex","floor":15.0,"key":"SMITH"},{"data":"Perfected Strike","floor":25.0,"key":"SMITH"},{"data":"Ghostly","floor":32.0,"key":"SMITH"},{"data":"Ghostly","floor":41.0,"key":"SMITH"},{"data":"Ghostly","floor":44.0,"key":"SMITH"},{"data":"Ghostly","floor":47.0,"key":"SMITH"},{"data":"Clash","floor":49,"key":"SMITH"}],"circlet_count":0,"master_deck":["Strike_R","Strike_R","Strike_R+1","Strike_R+1","Strike_R","Defend_R+1","Defend_R+1","Defend_R","Bash+1","Flex+1","Flex+1","Clash","Clash+1","Perfected Strike+1","Warcry","Pommel Strike","Clash","Ghostly+1","Ghostly+1","Ghostly+1","Ghostly+1","Twin Strike"],"relics":["Burning Blood","Gambling Chip","Bloody Idol","Shuriken","Mercury Hourglass","Whetstone","Bottled Lightning","Blood Vial","Tiny House","Enchiridion","Membership Card","Paper Frog","War Paint","Art of War","Blue Candle","SacredBark","Ginger","Happy Flower","ClockworkSouvenir","Ice Cream","Orichalcum","Eternal Feather","Unceasing Top","Nunchaku"],"acts_visited":["Exordium","TheCity","TheBeyond"],"potions_floor_usage":[50,50,50,50],"damage_taken":[{"damage":3.0,"enemies":"2 Louse","floor":1.0,"turns":5.0},{"damage":1.0,"enemies":"Small Slimes","floor":3.0,"turns":4.0},{"damage":2.0,"enemies":"Jaw Worm","floor":4.0,"turns":3.0},{"damage":20.0,"enemies":"Lagavulin","floor":6.0,"turns":5.0},{"damage":26.0,"enemies":"Gremlin Nob","floor":8.0,"turns":4.0},{"damage":0.0,"enemies":"2 Fungi Beasts","floor":11.0,"turns":1.0},{"damage":20.0,"enemies":"Lagavulin","floor":12.0,"turns":4.0},{"damage":0.0,"enemies":"3 Louse","floor":13.0,"turns":2.0},{"damage":6.0,"enemies":"Looter","floor":14.0,"turns":2.0},{"damage":42.0,"enemies":"The Guardian","floor":16.0,"turns":6.0},{"damage":7.0,"enemies":"2 Thieves","floor":18.0,"turns":3.0},{"damage":16.0,"enemies":"3 Byrds","floor":21.0,"turns":4.0},{"damage":6.0,"enemies":"Gremlin Leader","floor":23.0,"turns":4.0},{"damage":12.0,"enemies":"Book of Stabbing","floor":27.0,"turns":5.0},{"damage":7.0,"enemies":"3 Cultists","floor":31.0,"turns":5.0},{"damage":44.0,"enemies":"Collector","floor":33.0,"turns":7.0},{"damage":3.0,"enemies":"3 Darklings","floor":35.0,"turns":4.0},{"damage":10.0,"enemies":"2 Orb Walkers","floor":36.0,"turns":5.0},{"damage":10.0,"enemies":"Mind Bloom Boss Battle","floor":38.0,"turns":5.0},{"damage":8.0,"enemies":"3 Shapes","floor":39.0,"turns":2.0},{"damage":25.0,"enemies":"Nemesis","floor":40.0,"turns":7.0},{"damage":5.0,"enemies":"Sphere and 2 Shapes","floor":42.0,"turns":5.0},{"damage":12.0,"enemies":"Reptomancer","floor":46.0,"turns":4.0},{"damage":0,"enemies":"Jaw Worm Horde","floor":48,"turns":3},{"damage":92,"enemies":"Awakened One","floor":50,"turns":9}],"seed_played":"-7889394719070677600","potions_obtained":[{"floor":4.0,"key":"DuplicationPotion"},{"floor":6.0,"key":"SpeedPotion"},{"floor":8.0,"key":"SpeedPotion"},{"floor":11.0,"key":"Fruit Juice"},{"floor":16.0,"key":"Ancient Potion"},{"floor":33.0,"key":"EntropicBrew"}],"is_trial":false,"path_per_floor":["M","?","M","M","?","E","R","E","T","R","M","E","M","M","R","B",null,"M","?","?","M","$","E","?","R","T","E","?","?","$","M","R","B",null,"M","?","$","?","M","E","R","M","T","R","$","E","R","M","R","B",null],"character_chosen":"IRONCLAD","items_purchased":["Membership Card","Paper Frog","FairyPotion","Happy Flower","ClockworkSouvenir","Unceasing Top"],"campfire_rested":1,"item_purchase_floors":[22,22,30,37,37,45],"current_hp_per_floor":[80,60,65,69,57,43,43,23,23,47,58,44,52,54,54,20,90,89,89,73,65,65,67,45,45,45,39,39,39,39,45,45,12,45,45,45,45,45,45,31,31,39,39,45,45,44,45,45,45,7],"gold":81,"neow_bonus":"ONE_RARE_RELIC","is_daily":false,"chose_seed":false,"campfire_upgraded":8,"win_rate":0.0,"timestamp":1613021275,"path_taken":["M","?","M","M","?","E","R","E","T","R","M","E","M","M","R","BOSS","M","?","?","M","$","E","?","R","T","E","?","?","$","M","R","BOSS","M","?","$","?","M","E","R","M","T","R","?","E","R","?","R","BOSS"],"items_purchased_type":["Relic","Relic","Potion","Relic","Relic","Relic"],"build_version":"2020-12-22","purchased_purges":2,"victory":true,"max_hp_per_floor":[80,80,80,80,80,80,80,80,80,80,85,85,85,85,85,85,90,90,90,90,90,90,90,45,45,45,45,45,45,45,45,45,45,45,45,45,45,45,45,45,45,45,45,45,45,45,45,45,45,45],"card_choices":[{"not_picked":["Searing Blow","Wild Strike"],"picked":"Flex","floor":1.0},{"not_picked":["Second Wind","Flame Barrier"],"picked":"Flex","floor":3.0},{"not_picked":["Armaments","Warcry"],"picked":"Clash","floor":4.0},{"not_picked":["Power Through","Flex","Anger"],"picked":"SKIP","floor":6.0},{"not_picked":["Metallicize","Heavy Blade"],"picked":"Clash","floor":8.0},{"not_picked":["Uppercut","Rupture"],"picked":"Perfected Strike","floor":11.0},{"not_picked":["Ghostly Armor","Iron Wave","Headbutt"],"picked":"SKIP","floor":12.0},{"not_picked":["Carnage","Flex","Corruption"],"picked":"SKIP","floor":13.0},{"not_picked":["Hemokinesis","Thunderclap"],"picked":"Warcry","floor":14.0},{"not_picked":["Feed","Offering"],"picked":"Limit Break","floor":16.0},{"not_picked":["Headbutt","Carnage"],"picked":"Pommel Strike","floor":18.0},{"not_picked":["Thunderclap","Rage+1","Clothesline"],"picked":"SKIP","floor":21.0},{"not_picked":["Feed","Sever Soul+1","Iron Wave+1"],"picked":"SKIP","floor":23.0},{"not_picked":["Thunderclap","Power Through","Clothesline+1"],"picked":"SKIP","floor":27.0},{"not_picked":["Heavy Blade","Anger+1","Bloodletting"],"picked":"SKIP","floor":31.0},{"not_picked":["Fire Breathing+1","True Grit+1","Thunderclap+1"],"picked":"SKIP","floor":35.0},{"not_picked":["Feel No Pain+1","Juggernaut","Dark Embrace+1"],"picked":"SKIP","floor":39.0},{"not_picked":["Carnage","Seeing Red","True Grit"],"picked":"SKIP","floor":40.0},{"not_picked":["Headbutt+1","Sword Boomerang","Inflame"],"picked":"SKIP","floor":42.0},{"not_picked":["Infernal Blade+1","Reaper"],"picked":"Twin Strike","floor":46.0},{"not_picked":["Heavy Blade+1","True Grit+1","Body Slam"],"picked":"SKIP","floor":48}],"player_experience":409718,"relics_obtained":[{"floor":6.0,"key":"Mercury Hourglass"},{"floor":8.0,"key":"Whetstone"},{"floor":9.0,"key":"Bottled Lightning"},{"floor":12.0,"key":"Blood Vial"},{"floor":20.0,"key":"Enchiridion"},{"floor":23.0,"key":"War Paint"},{"floor":26.0,"key":"Art of War"},{"floor":27.0,"key":"Blue Candle"},{"floor":36.0,"key":"Ginger"},{"floor":38.0,"key":"Ice Cream"},{"floor":40.0,"key":"Orichalcum"},{"floor":43.0,"key":"Eternal Feather"},{"floor":46.0,"key":"Nunchaku"}],"event_choices":[{"damage_healed":0.0,"max_hp_gain":0.0,"max_hp_loss":0.0,"gold_gain":0.0,"event_name":"Golden Idol","player_choice":"Take Damage","floor":2.0,"gold_loss":0.0,"damage_taken":20.0,"relics_obtained":["Golden Idol"]},{"damage_healed":0.0,"max_hp_gain":0.0,"max_hp_loss":0.0,"gold_gain":0.0,"event_name":"Scrap Ooze","player_choice":"Success","floor":5.0,"gold_loss":0.0,"damage_taken":12.0,"relics_obtained":["Shuriken"]},{"damage_healed":0.0,"max_hp_gain":0.0,"max_hp_loss":0.0,"gold_gain":0.0,"event_name":"The Library","player_choice":"Read","floor":19.0,"gold_loss":0.0,"damage_taken":0.0,"cards_obtained":["Clash"]},{"damage_healed":0.0,"max_hp_gain":0.0,"max_hp_loss":0.0,"gold_gain":0.0,"event_name":"Cursed Tome","player_choice":"Obtained Book","floor":20.0,"gold_loss":0.0,"damage_taken":16.0},{"damage_healed":0.0,"max_hp_gain":0.0,"max_hp_loss":45.0,"gold_gain":0.0,"event_name":"Ghosts","player_choice":"Became a Ghost","floor":24.0,"gold_loss":0.0,"damage_taken":0.0,"cards_obtained":["Ghostly","Ghostly","Ghostly","Ghostly","Ghostly"]},{"cards_removed":["Ghostly"],"damage_healed":0.0,"max_hp_gain":0.0,"max_hp_loss":0.0,"gold_gain":0.0,"event_name":"Beggar","player_choice":"Gave Gold","floor":28.0,"gold_loss":75.0,"damage_taken":0.0},{"damage_healed":0.0,"max_hp_gain":0.0,"max_hp_loss":0.0,"gold_gain":0.0,"event_name":"Forgotten Altar","player_choice":"Gave Idol","floor":29.0,"relics_lost":["Golden Idol"],"gold_loss":0.0,"damage_taken":0.0,"relics_obtained":["Bloody Idol"]},{"damage_healed":0.0,"max_hp_gain":0.0,"max_hp_loss":0.0,"gold_gain":0.0,"event_name":"Mysterious Sphere","player_choice":"Fight","floor":36.0,"gold_loss":0.0,"damage_taken":0.0},{"damage_healed":0.0,"max_hp_gain":0.0,"max_hp_loss":0.0,"gold_gain":0.0,"event_name":"MindBloom","player_choice":"Fight","floor":38.0,"gold_loss":0.0,"damage_taken":0.0}],"is_beta":false,"boss_relics":[{"not_picked":["Mark of Pain","Runic Pyramid"],"picked":"Tiny House"},{"not_picked":["Runic Cube","Empty Cage"],"picked":"SacredBark"}],"items_purged_floors":[22,37],"is_endless":false,"potions_floor_spawned":[4,6,8,11,16,18,33,35,36,38,46],"ascension_level":3}}