{"host":"fiyb7gvx7tok3jeh","time":1613074110,"event":{"mods":["BaseMod","Colored Map","Colored Powertips","DeckTracker","Googly Eyes","Highlight Path","Minty Spire (QoL Compilation)"],"gold_per_floor":[110,126,301,301,376,376,454,490,517,517,517,538,177,216,216,355,355,382,415,424,467,3,47,67,67,67,67,95,95,95,117,117,117,117],"floor_reached":33,"language":"ENG","playtime":1398,"items_purged":["Defend_P"],"score":339,"play_id":"0fde33e9-49f1-45ea-8f0d-c2ad025a7df1","local_time":"20210211220830","is_ascension_mode":true,"campfire_choices":[{"data":"Eruption","floor":6,"key":"SMITH"},{"floor":11,"key":"REST"},{"data":"BattleHymn","floor":15,"key":"SMITH"},{"data":"ConjureBlade","floor":25,"key":"SMITH"},{"floor":30,"key":"REST"},{"floor":32,"key":"REST"}],"circlet_count":0,"master_deck":["Strike_P+1","Strike_P+1","Strike_P","Defend_P","Defend_P","Defend_P","Eruption+1","Vigilance","FollowUp","Evaluate","Doubt","Injury","Protect","FlurryOfBlows","BattleHymn+1","Ragnarok","FollowUp+1","EmptyFist+1","RitualDagger","EmptyBody","ConjureBlade+1","FlurryOfBlows","FearNoEvil+1"],"relics":["PureWater","Du-Vu Doll","Golden Idol","Ornamental Fan","Vajra","Regal Pillow","Kunai","CeramicFish","Black Star","Red Mask","Chemical X","Gambling Chip","Whetstone","Darkstone Periapt","GoldenEye"],"acts_visited":["Exordium","TheCity"],"potions_floor_usage":[18,23,28,33],"damage_taken":[{"damage":0,"enemies":"Jaw Worm","floor":1,"turns":3},{"damage":0,"enemies":"2 Louse","floor":2,"turns":1},{"damage":48,"enemies":"Lagavulin","floor":8,"turns":11},{"damage":5,"enemies":"Small Slimes","floor":12,"turns":6},{"damage":5,"enemies":"3 Sentries","floor":14,"turns":3},{"damage":18,"enemies":"Hexaghost","floor":16,"turns":5},{"damage":29,"enemies":"3 Byrds","floor":18,"turns":5},{"damage":0,"enemies":"Spheric Guardian","floor":19,"turns":2},{"damage":0,"enemies":"Masked Bandits","floor":21,"turns":2},{"damage":11,"enemies":"Slavers","floor":23,"turns":5},{"damage":0,"enemies":"3 Cultists","floor":24,"turns":3},{"damage":11,"enemies":"Snake Plant","floor":28,"turns":4},{"damage":17,"enemies":"Centurion and Healer","floor":31,"turns":2},{"damage":64,"enemies":"Automaton","floor":33,"turns":8}],"seed_played":"9014295977189199976","potions_obtained":[{"floor":2,"key":"FairyPotion"},{"floor":8,"key":"FearPotion"},{"floor":14,"key":"ColorlessPotion"},{"floor":19,"key":"Explosive Potion"},{"floor":23,"key":"LiquidMemories"}],"is_trial":false,"path_per_floor":["M","M","?","?","?","R","T","E","T","?","R","M","$","E","R","B",null,"M","M","?","?","$","E","M","R","T","?","M","$","R","M","R","B"],"character_chosen":"WATCHER","items_purchased":["Kunai","BattleHymn","Chemical X","Gambling Chip"],"campfire_rested":3,"item_purchase_floors":[13,13,22,22],"current_hp_per_floor":[51,51,51,51,40,40,40,21,21,21,57,52,52,47,47,29,61,32,32,26,26,26,15,15,15,15,15,4,4,40,23,59,0,0],"gold":117,"neow_bonus":"ONE_RARE_RELIC","is_daily":false,"chose_seed":false,"campfire_upgraded":3,"win_rate":0.0,"timestamp":1613074110,"path_taken":["M","M","?","?","?","R","?","E","T","?","R","M","$","E","R","BOSS","M","?","?","?","$","E","M","R","T","?","M","?","R","M","R","BOSS"],"items_purchased_type":["Relic","Card","Relic","Relic"],"build_version":"2020-12-22","purchased_purges":1,"victory":false,"max_hp_per_floor":[72,72,72,72,72,72,72,72,72,72,72,72,72,72,72,72,72,72,72,72,72,72,72,72,72,72,72,72,72,72,72,72,72,72],"card_choices":[{"not_picked":["Prostrate","BowlingBash"],"picked":"FollowUp","floor":1},{"not_picked":["Vengeance","ClearTheMind"],"picked":"Evaluate","floor":2},{"not_picked":["ThirdEye","SignatureMove"],"picked":"Protect","floor":8},{"not_picked":["ClearTheMind","CrushJoints"],"picked":"FlurryOfBlows","floor":12},{"not_picked":["WindmillStrike","Halt","Prostrate"],"picked":"SKIP","floor":14},{"not_picked":["Judgement","Alpha"],"picked":"Ragnarok","floor":16},{"not_picked":["Prostrate","WheelKick"],"picked":"FollowUp+1","floor":18},{"not_picked":["Consecrate","CrushJoints"],"picked":"EmptyFist+1","floor":19},{"not_picked":["ReachHeaven","Evaluate"],"picked":"EmptyBody","floor":21},{"not_picked":["Perseverance","CutThroughFate+1"],"picked":"ConjureBlade","floor":23},{"not_picked":["Prostrate","JustLucky+1","Nirvana+1"],"picked":"SKIP","floor":24},{"not_picked":["ThirdEye","Weave"],"picked":"FlurryOfBlows","floor":28},{"not_picked":["CutThroughFate","Pray"],"picked":"FearNoEvil+1","floor":31}],"player_experience":286454,"relics_obtained":[{"floor":7,"key":"Ornamental Fan"},{"floor":8,"key":"Vajra"},{"floor":9,"key":"Regal Pillow"},{"floor":14,"key":"CeramicFish"},{"floor":21,"key":"Red Mask"},{"floor":23,"key":"Whetstone"},{"floor":23,"key":"Darkstone Periapt"},{"floor":26,"key":"GoldenEye"}],"event_choices":[{"damage_healed":0,"gold_gain":175,"player_choice":"AGREE","damage_taken":0,"max_hp_gain":0,"max_hp_loss":0,"event_name":"Liars Game","floor":3,"gold_loss":0,"cards_obtained":["Doubt"]},{"damage_healed":0,"gold_gain":0,"player_choice":"Take Wound","damage_taken":0,"relics_obtained":["Golden Idol"],"max_hp_gain":0,"max_hp_loss":0,"event_name":"Golden Idol","floor":4,"gold_loss":0,"cards_obtained":["Injury"]},{"damage_healed":0,"gold_gain":75,"player_choice":"Gather Gold","damage_taken":11,"max_hp_gain":0,"max_hp_loss":0,"event_name":"World of Goop","floor":5,"gold_loss":0},{"damage_healed":0,"gold_gain":0,"player_choice":"0 cards matched","damage_taken":0,"max_hp_gain":0,"max_hp_loss":0,"event_name":"Match and Keep!","floor":10,"gold_loss":0,"cards_obtained":[]},{"damage_healed":0,"gold_gain":0,"player_choice":"Joined the Cult","damage_taken":6,"max_hp_gain":0,"max_hp_loss":0,"event_name":"Nest","floor":20,"gold_loss":0,"cards_obtained":["RitualDagger"]},{"damage_healed":0,"gold_gain":0,"player_choice":"Fought Bandits","damage_taken":0,"max_hp_gain":0,"max_hp_loss":0,"event_name":"Masked Bandits","floor":21,"gold_loss":0},{"cards_removed":["Strike_P"],"damage_healed":0,"gold_gain":0,"player_choice":"Elegance","damage_taken":0,"max_hp_gain":0,"max_hp_loss":0,"event_name":"Back to Basics","floor":27,"gold_loss":0}],"is_beta":false,"boss_relics":[{"not_picked":["Snecko Eye","Fusion Hammer"],"picked":"Black Star"}],"items_purged_floors":[13],"is_endless":false,"potions_floor_spawned":[2,8,14,19,23],"killed_by":"Automaton","ascension_level":5}}