{"host":"1avr1135to2copjv","time":1613059748,"event":{"mods":["BaseMod","Colored Map","Colored Powertips","Minty Spire (QoL Compilation)","Relic Stats","StSLib"],"gold_per_floor":[118,135,152,164,164,191,191,191,191],"floor_reached":8,"language":"ENG","playtime":319,"items_purged":[],"score":113,"play_id":"2e93bc02-51ee-4a41-8f7d-bb10c8281438","local_time":"20210211190908","is_ascension_mode":true,"campfire_choices":[{"floor":7,"key":"REST"}],"circlet_count":0,"master_deck":["AscendersBane","Strike_G","Strike_G","Strike_G","Strike_G","Strike_G","Defend_G","Defend_G","Defend_G","Defend_G","Defend_G","Survivor","Neutralize","Blur","Dash","Deadly Poison","Bane","Skewer"],"relics":["Ring of the Snake","NeowsBlessing","MealTicket"],"acts_visited":["Exordium"],"potions_floor_usage":[6],"damage_taken":[{"damage":0,"enemies":"2 Louse","floor":1,"turns":1},{"damage":0,"enemies":"Cultist","floor":2,"turns":1},{"damage":0,"enemies":"Small Slimes","floor":3,"turns":1},{"damage":0,"enemies":"2 Fungi Beasts","floor":4,"turns":5},{"damage":44,"enemies":"3 Sentries","floor":6,"turns":18},{"damage":60,"enemies":"Gremlin Nob","floor":8,"turns":4}],"seed_played":"6913880629907685514","potions_obtained":[{"floor":1,"key":"DuplicationPotion"}],"is_trial":false,"path_per_floor":["M","M","M","M","?","E","R","E"],"character_chosen":"THE_SILENT","items_purchased":[],"campfire_rested":1,"item_purchase_floors":[],"current_hp_per_floor":[59,59,59,59,59,15,34,0,0],"gold":191,"neow_bonus":"THREE_ENEMY_KILL","is_daily":false,"chose_seed":false,"campfire_upgraded":0,"win_rate":0.0,"timestamp":1613059748,"path_taken":["M","M","M","M","?","E","R","E"],"items_purchased_type":[],"build_version":"2020-12-22","purchased_purges":0,"victory":false,"max_hp_per_floor":[66,66,66,66,66,66,66,66,66],"relic_stats":{"counters":[6,30],"MealTicket":0,"obtain_stats":[{"NeowsBlessing":0,"MealTicket":6,"Ring of the Snake":0},{"NeowsBlessing":0,"MealTicket":5,"Ring of the Snake":0},{"NeowsBlessing":0,"MealTicket":26,"Ring of the Snake":0}],"Ring of the Snake":[12]},"card_choices":[{"not_picked":["Backflip","Dodge and Roll"],"picked":"Blur","floor":1},{"not_picked":["Riddle With Holes","Flying Knee"],"picked":"Dash","floor":2},{"not_picked":["Outmaneuver","Quick Slash"],"picked":"Deadly Poison","floor":3},{"not_picked":["Outmaneuver","Distraction"],"picked":"Bane","floor":4},{"not_picked":["Sucker Punch","PiercingWail"],"picked":"Skewer","floor":6}],"player_experience":1022507,"relics_obtained":[{"floor":6,"key":"MealTicket"}],"event_choices":[{"damage_healed":0,"gold_gain":0,"player_choice":"Ignored","damage_taken":0,"max_hp_gain":0,"max_hp_loss":0,"event_name":"Liars Game","floor":5,"gold_loss":0}],"is_beta":false,"boss_relics":[],"items_purged_floors":[],"is_endless":false,"potions_floor_spawned":[1],"killed_by":"Gremlin Nob","ascension_level":19}}