{"host":"wshh0nphwn6jv7vj","time":1613036658,"event":{"mods":["BaseMod","Bestiary","Minty Spire (QoL Compilation)","Relic Stats"],"gold_per_floor":[112,112,71,71,91,91,120,140,140,166,181,80,105,136,136,209,209,229,267,307,349,349,349],"floor_reached":22,"language":"ENG","playtime":1392,"items_purged":["Strike_P"],"score":381,"play_id":"7b69a165-3330-4329-bd83-ff23d2cda011","local_time":"20210211044418","is_ascension_mode":true,"campfire_choices":[{"data":"Ragnarok","floor":6,"key":"SMITH"},{"data":"Crescendo","floor":15,"key":"SMITH"}],"circlet_count":0,"master_deck":["AscendersBane","Defend_P","Defend_P","Defend_P","Defend_P","Eruption","Vigilance","FollowUp","Fasting2","Ragnarok+1","CutThroughFate","CutThroughFate","Swivel","Crescendo+1","Protect","Wish","ThirdEye","Evaluate+1","Wallop"],"relics":["Sozu","Bottled Flame","HornCleat","InkBottle","Smiling Mask","Potion Belt","Empty Cage"],"acts_visited":["Exordium","TheCity"],"potions_floor_usage":[],"damage_taken":[{"damage":2,"enemies":"Small Slimes","floor":1,"turns":4},{"damage":0,"enemies":"Cultist","floor":5,"turns":2},{"damage":18,"enemies":"3 Sentries","floor":7,"turns":9},{"damage":0,"enemies":"Jaw Worm","floor":8,"turns":1},{"damage":12,"enemies":"Lagavulin","floor":10,"turns":4},{"damage":0,"enemies":"Blue Slaver","floor":11,"turns":1},{"damage":2,"enemies":"Gremlin Nob","floor":14,"turns":3},{"damage":10,"enemies":"The Guardian","floor":16,"turns":8},{"damage":0,"enemies":"Spheric Guardian","floor":18,"turns":1},{"damage":22,"enemies":"Shell Parasite","floor":19,"turns":4},{"damage":24,"enemies":"Snake Plant","floor":20,"turns":4},{"damage":9,"enemies":"Chosen and Byrds","floor":21,"turns":7},{"damage":23,"enemies":"Centurion and Healer","floor":22,"turns":1}],"seed_played":"18906516508262163","potions_obtained":[],"is_trial":false,"path_per_floor":["M","?","$","?","M","R","E","M","T","E","M","$","T","E","R","B",null,"M","M","M","M","M"],"character_chosen":"WATCHER","items_purchased":["Fasting2","Protect"],"campfire_rested":0,"item_purchase_floors":[3,12],"current_hp_per_floor":[59,68,68,68,68,68,50,50,50,38,38,38,38,36,36,26,58,58,36,12,3,0,0],"gold":349,"neow_bonus":"BOSS_RELIC","is_daily":false,"chose_seed":false,"campfire_upgraded":2,"win_rate":0.0,"timestamp":1613036658,"path_taken":["M","?","?","?","M","R","E","M","T","E","M","$","?","E","R","BOSS","M","M","M","M","M"],"items_purchased_type":["Card","Card"],"build_version":"2020-12-22","purchased_purges":1,"victory":false,"max_hp_per_floor":[68,68,68,68,68,68,68,68,68,68,68,68,68,68,68,68,68,68,68,68,68,68,68],"relic_stats":{"Sozu":4,"counters":[13,49],"Smiling Mask":0,"obtain_stats":[{"Sozu":0,"Potion Belt":14,"Bottled Flame":7,"HornCleat":9,"PureWater":0,"Smiling Mask":13,"Empty Cage":17,"InkBottle":10},{"Sozu":0,"Potion Belt":7,"Bottled Flame":3,"HornCleat":4,"PureWater":0,"Smiling Mask":6,"Empty Cage":8,"InkBottle":5},{"Sozu":0,"Potion Belt":24,"Bottled Flame":15,"HornCleat":16,"PureWater":0,"Smiling Mask":21,"Empty Cage":32,"InkBottle":20}],"InkBottle":[8]},"card_choices":[{"not_picked":["Consecrate","Prostrate"],"picked":"FollowUp","floor":1},{"not_picked":["Prostrate","Evaluate"],"picked":"CutThroughFate","floor":5},{"not_picked":["EmptyFist","MasterReality"],"picked":"CutThroughFate","floor":7},{"not_picked":["BowlingBash","EmptyBody"],"picked":"Swivel","floor":8},{"not_picked":["SashWhip","EmptyFist"],"picked":"Crescendo","floor":10},{"not_picked":["FlyingSleeves","BowlingBash","Weave"],"picked":"SKIP","floor":11},{"not_picked":["EmptyBody","Crescendo","FlyingSleeves"],"picked":"SKIP","floor":14},{"not_picked":["SpiritShield","Devotion"],"picked":"Wish","floor":16},{"not_picked":["SashWhip+1","DeceiveReality"],"picked":"ThirdEye","floor":18},{"not_picked":["Crescendo","PathToVictory","WaveOfTheHand"],"picked":"SKIP","floor":19},{"not_picked":["WindmillStrike","ForeignInfluence"],"picked":"Evaluate+1","floor":20},{"not_picked":["FollowUp","Swivel"],"picked":"Wallop","floor":21}],"player_experience":1645221,"relics_obtained":[{"floor":7,"key":"Bottled Flame"},{"floor":9,"key":"HornCleat"},{"floor":10,"key":"InkBottle"},{"floor":13,"key":"Smiling Mask"},{"floor":14,"key":"Potion Belt"}],"event_choices":[{"damage_healed":9,"gold_gain":0,"player_choice":"Full Heal","damage_taken":0,"max_hp_gain":0,"max_hp_loss":0,"event_name":"Wheel of Change","floor":2,"gold_loss":0},{"damage_healed":0,"gold_gain":0,"cards_transformed":["Strike_P"],"player_choice":"Change","damage_taken":0,"max_hp_gain":0,"max_hp_loss":0,"event_name":"Living Wall","floor":4,"gold_loss":0,"cards_obtained":["Ragnarok"]}],"is_beta":false,"boss_relics":[{"not_picked":["Cursed Key","Philosopher\u0027s Stone"],"picked":"Empty Cage"}],"items_purged_floors":[12],"is_endless":false,"potions_floor_spawned":[5,10,14,19],"killed_by":"Centurion and Healer","ascension_level":17}}