{"host":"kcvncuxxsb6xpuus","time":1613035438,"event":{"mods":["BaseMod","Minty Spire (QoL Compilation)","Replay The Spire","StSLib"],"gold_per_floor":[118,132,82,7,62,62,89,89,167,167,18,37,53,53,53,184,184,197,97,97,118,217,255,255,315,342,342,379,379,379,436,436,617,617,686,145,145,58,103,157,0,0,0,32,32,32,75,119,119,157,157,185],"floor_reached":53,"language":"ZHS","playtime":2490,"items_purged":["Defend_R","Strike_R+1"],"score":1092,"play_id":"4b89ce34-2ba4-4a1c-a7f5-0a4823ca8ae0","local_time":"20210211172358","is_ascension_mode":true,"campfire_choices":[{"data":"Inflame","floor":6,"key":"SMITH"},{"data":"Bash","floor":8,"key":"SMITH"},{"data":"Heavy Blade","floor":10,"key":"SMITH"},{"data":"Brutality","floor":15,"key":"SMITH"},{"data":"Double Tap","floor":24,"key":"SMITH"},{"floor":27,"key":"REST"},{"floor":29,"key":"DIG"},{"floor":32,"key":"REST"},{"floor":49,"key":"DIG"},{"floor":51,"key":"DIG"}],"circlet_count":0,"master_deck":["Strike_R+1","Strike_R+1","Strike_R+1","Defend_R+1","Defend_R+1","Bash+1","Inflame+1","Heavy Blade+1","Brutality+1","Double Tap+1","Sword Boomerang+1","Reaper","Trip"],"relics":["Burning Blood","Replay:Bottled Eggs","Toy Ornithopter","Bottled Tornado","War Paint","Golden Idol","Electric Blood","Incense Burner","Replay:Bandana","Shovel","Bronze Scales","ReplayTheSpireMod:Lightbulb","Runic Cube","Replay:Towering Pillar of Hats","Onion Ring","Lantern","Replay:Mystery Machine","ReplayTheSpireMod:Shallot","Replay:Rubber Ducky","Oddly Smooth Stone"],"acts_visited":["Exordium","TheCity","TheBeyond"],"potions_floor_usage":[7,23,33,44,44,47,52],"damage_taken":[{"damage":11,"enemies":"2 Louse","floor":1,"turns":3},{"damage":3,"enemies":"Jaw Worm","floor":2,"turns":5},{"damage":11,"enemies":"Gremlin Nob","floor":7,"turns":3},{"damage":2,"enemies":"Small Slimes","floor":12,"turns":4},{"damage":3,"enemies":"3 Louse","floor":13,"turns":3},{"damage":35,"enemies":"Slime Boss","floor":16,"turns":10},{"damage":15,"enemies":"Spheric Guardian","floor":18,"turns":3},{"damage":17,"enemies":"3 Byrds","floor":21,"turns":3},{"damage":22,"enemies":"Book of Stabbing","floor":23,"turns":3},{"damage":35,"enemies":"Slavers","floor":25,"turns":5},{"damage":7,"enemies":"Snake Plant","floor":28,"turns":2},{"damage":14,"enemies":"Centurion and Healer","floor":31,"turns":4},{"damage":39,"enemies":"Pondfish","floor":33,"turns":6},{"damage":22,"enemies":"3 Darklings","floor":35,"turns":3},{"damage":32,"enemies":"3 Shapes","floor":39,"turns":2},{"damage":15,"enemies":"R_Hoarder","floor":40,"turns":4},{"damage":19,"enemies":"Writhing Mass","floor":44,"turns":2},{"damage":29,"enemies":"Sphere and 2 Shapes","floor":47,"turns":2},{"damage":47,"enemies":"4 Shapes","floor":48,"turns":3},{"damage":8,"enemies":"Spire Growth","floor":50,"turns":2},{"damage":65,"enemies":"Time Eater","floor":52,"turns":6}],"seed_played":"4545270318648005403","potions_obtained":[{"floor":1,"key":"Swift Potion"},{"floor":2,"key":"SteroidPotion"},{"floor":18,"key":"FearPotion"},{"floor":23,"key":"SneckoOil"},{"floor":25,"key":"Languid Potion"},{"floor":33,"key":"SteroidPotion"},{"floor":37,"key":"FairyPotion"},{"floor":37,"key":"LifebloodPotion"},{"floor":44,"key":"PowerPotion"},{"floor":47,"key":"Elixir"},{"floor":48,"key":"SkillPotion"}],"is_trial":false,"path_per_floor":["M","M","?","$","?","R","E","R","T","R","$","M","M","?","R","B",null,"M","$","?","M","?","E","R","E","T","R","M","R","?","M","R","B",null,"M","$","?","$","M","E","$","PTL","PTL","M","T","$","M","M","R","M","R","B",null],"character_chosen":"IRONCLAD","items_purchased":["War Paint","Replay:Towering Pillar of Hats","Onion Ring","Trip","Replay:Mystery Machine"],"campfire_rested":2,"item_purchase_floors":[11,36,36,38,41],"current_hp_per_floor":[83,86,86,86,86,86,81,81,81,81,81,85,88,66,66,37,88,79,79,79,68,68,57,57,28,28,54,53,53,53,45,71,43,88,80,80,80,80,70,61,61,61,61,64,64,64,72,76,76,87,87,32],"gold":185,"neow_bonus":"TEN_PERCENT_HP_BONUS","is_daily":false,"chose_seed":false,"campfire_upgraded":5,"win_rate":0.0,"timestamp":1613035438,"path_taken":["M","M","?","$","?","R","E","R","T","R","$","M","M","?","R","BOSS","M","$","?","M","?","E","R","E","T","R","M","R","?","M","R","BOSS","M","?","?","$","?","E","$","PTL","PTL","M","T","?","?","M","R","M","R","BOSS"],"items_purchased_type":["Relic","Relic","Relic","Card","Relic"],"build_version":"2020-12-22","purchased_purges":2,"victory":true,"max_hp_per_floor":[88,88,88,88,88,88,88,88,88,88,88,88,88,88,88,88,88,88,88,88,88,88,88,88,88,88,88,88,88,88,88,88,88,88,88,88,88,88,88,88,88,88,88,88,88,88,88,88,88,88,88,88],"card_choices":[{"not_picked":["Defy Death","ReplayTheSpireMod:Strike From Hell","Fire Breathing"],"picked":"SKIP","floor":1},{"not_picked":["ReplayTheSpireMod:Stacked","Headbutt"],"picked":"Inflame","floor":2},{"not_picked":["Shrug It Off","True Grit"],"picked":"Heavy Blade","floor":5},{"not_picked":["Warcry","Clothesline","Anger"],"picked":"SKIP","floor":7},{"not_picked":["Carnage","Armaments"],"picked":"Brutality","floor":12},{"not_picked":["Iron Wave","Replay:Undeath\u0027s Touch","Havoc"],"picked":"SKIP","floor":13},{"not_picked":["Barricade","Berserk"],"picked":"Double Tap","floor":16},{"not_picked":["Headbutt","Battle Trance+1"],"picked":"Sword Boomerang+1","floor":18},{"not_picked":["Dropkick","Sentinel","Run Through"],"picked":"SKIP","floor":21},{"not_picked":["True Grit","Second Wind","Intimidate"],"picked":"SKIP","floor":23},{"not_picked":["Headbutt","True Grit","Heavy Blade"],"picked":"SKIP","floor":25},{"not_picked":["Replay:Undeath\u0027s Touch","Armaments","Feed"],"picked":"SKIP","floor":28},{"not_picked":["Perfected Strike+1","Power Through","Iron Wave"],"picked":"SKIP","floor":31},{"not_picked":["Immolate","Offering"],"picked":"Reaper","floor":33},{"not_picked":["Twin Strike+1","Pummel","Anger+1"],"picked":"SKIP","floor":35},{"not_picked":["Clothesline+1","Sever Soul","Iron Wave"],"picked":"SKIP","floor":39},{"not_picked":["Twin Strike+1","Replay:Undeath\u0027s Touch","Anger+1"],"picked":"SKIP","floor":40},{"not_picked":["Iron Wave","Evolve","Pommel Strike+1"],"picked":"SKIP","floor":44},{"not_picked":["True Grit+1","Flex+1","Iron Wave"],"picked":"SKIP","floor":47},{"not_picked":["True Grit+1","Dropkick","ReplayTheSpireMod:Strike From Hell+1"],"picked":"SKIP","floor":48},{"not_picked":["Rage","Perfected Strike+1","Entrench+1"],"picked":"SKIP","floor":50}],"player_experience":88955,"relics_obtained":[{"floor":5,"key":"Replay:Bottled Eggs"},{"floor":7,"key":"Toy Ornithopter"},{"floor":9,"key":"Bottled Tornado"},{"floor":23,"key":"Replay:Bandana"},{"floor":25,"key":"Shovel"},{"floor":26,"key":"Bronze Scales"},{"floor":29,"key":"ReplayTheSpireMod:Lightbulb"},{"floor":40,"key":"Lantern"},{"floor":45,"key":"ReplayTheSpireMod:Shallot"},{"floor":49,"key":"Replay:Rubber Ducky"},{"floor":51,"key":"Oddly Smooth Stone"}],"event_choices":[{"cards_removed":["Strike_R"],"damage_healed":0,"gold_gain":0,"player_choice":"Card Removal","damage_taken":0,"max_hp_gain":0,"max_hp_loss":0,"event_name":"The Cleric","floor":3,"gold_loss":50},{"damage_healed":0,"gold_gain":0,"player_choice":"Take Damage","damage_taken":22,"relics_obtained":["Golden Idol"],"max_hp_gain":0,"max_hp_loss":0,"event_name":"Golden Idol","floor":14,"gold_loss":0},{"damage_healed":0,"gold_gain":99,"player_choice":"Stole From Cult","damage_taken":0,"max_hp_gain":0,"max_hp_loss":0,"event_name":"Nest","floor":22,"gold_loss":0},{"cards_removed":["Defend_R"],"damage_healed":0,"gold_gain":0,"player_choice":"Purged","damage_taken":0,"max_hp_gain":0,"max_hp_loss":0,"event_name":"Purifier","floor":30,"gold_loss":0},{"damage_healed":0,"gold_gain":0,"player_choice":"Got Potions","damage_taken":0,"max_hp_gain":0,"max_hp_loss":0,"event_name":"Lab","floor":37,"gold_loss":0}],"is_beta":false,"boss_relics":[{"not_picked":["Replay:Wanted Poster","Honey Jar"],"picked":"Electric Blood"},{"not_picked":["Ring of Chaos","Mark of Pain"],"picked":"Runic Cube"}],"items_purged_floors":[4,19],"is_endless":false,"potions_floor_spawned":[1,2,18,23,25,33,44,47,48,50],"ascension_level":1}}