{"host":"og6lam4kt3nibbw0","time":1613068200,"event":{"mods":["AchievementEnabler","BaseMod","Colored Map","DeckTracker","Highlight Path","Keyboard Shortcuts","Minty Spire (QoL Compilation)","Permanent Neow","Quick Restart","StSLib","SuperFastMode"],"gold_per_floor":[113,127,143,143,143,143,162,13,61,86,86,86,27,50,50,149,149,174,89,89,105,129,129,145,145,145],"floor_reached":25,"language":"KOR","playtime":715,"items_purged":["Strike_B"],"score":390,"play_id":"aea0b587-107d-42f6-9566-8bef1997f516","local_time":"20210212033000","is_ascension_mode":true,"campfire_choices":[{"data":"Loop","floor":6,"key":"SMITH"},{"floor":11,"key":"REST"},{"floor":15,"key":"REST"},{"data":"Coolheaded","floor":23,"key":"SMITH"}],"circlet_count":0,"master_deck":["AscendersBane","Strike_B+1","Strike_B+1","Defend_B","Defend_B","Defend_B","Defend_B","Zap","Dualcast","Genetic Algorithm","Coolheaded+1","Loop+1","Ball Lightning","Skim","Cold Snap","Leap","Echo Form","Doom and Gloom+1","Rebound","Turbo"],"relics":["Inserter","Golden Idol","Whetstone","Coffee Dripper","PreservedInsect"],"acts_visited":["Exordium","TheCity"],"potions_floor_usage":[16,16,24],"damage_taken":[{"damage":4.0,"enemies":"Small Slimes","floor":1.0,"turns":4.0},{"damage":6.0,"enemies":"Cultist","floor":2.0,"turns":4.0},{"damage":5.0,"enemies":"2 Louse","floor":3.0,"turns":3.0},{"damage":20,"enemies":"Exordium Wildlife","floor":7,"turns":6},{"damage":24,"enemies":"Lots of Slimes","floor":10,"turns":6},{"damage":20,"enemies":"Exordium Thugs","floor":14,"turns":6},{"damage":11,"enemies":"The Guardian","floor":16,"turns":12},{"damage":6,"enemies":"Spheric Guardian","floor":18,"turns":6},{"damage":19,"enemies":"Shell Parasite","floor":21,"turns":6},{"damage":8,"enemies":"Snecko","floor":22,"turns":5},{"damage":9,"enemies":"3 Cultists","floor":24,"turns":4},{"damage":14,"enemies":"Snake Plant","floor":25,"turns":1}],"seed_played":"5904107050286066998","potions_obtained":[{"floor":1.0,"key":"SpeedPotion"},{"floor":2.0,"key":"LiquidBronze"},{"floor":18,"key":"PotionOfCapacity"},{"floor":21,"key":"EssenceOfDarkness"}],"is_trial":false,"path_per_floor":["M","M","M","?","?","R","M","$","T","M","R","?","$","M","R","B",null,"M","?","?","M","M","R","M","M"],"character_chosen":"DEFECT","items_purchased":["Skim","Cold Snap"],"campfire_rested":2,"item_purchase_floors":[8,13],"current_hp_per_floor":[60,54,49,49,49,49,29,29,29,5,24,24,24,4,23,12,51,45,45,45,26,18,18,9,0,0],"gold":145,"neow_bonus":"BOSS_RELIC","is_daily":false,"chose_seed":false,"campfire_upgraded":2,"win_rate":0.0,"timestamp":1613068200,"path_taken":["M","M","M","?","?","R","M","$","T","M","R","?","$","?","R","BOSS","M","?","?","M","?","R","M","?"],"items_purchased_type":["Card","Card"],"build_version":"2020-12-22","purchased_purges":1,"victory":false,"max_hp_per_floor":[71,71,71,71,64,64,64,64,64,64,64,64,64,64,64,64,64,64,64,64,64,64,64,64,64,64],"card_choices":[{"not_picked":["Compile Driver","Go for the Eyes"],"picked":"Genetic Algorithm","floor":1.0},{"not_picked":["BootSequence","Chaos"],"picked":"Coolheaded","floor":2.0},{"not_picked":["Streamline","Stack"],"picked":"Loop","floor":3.0},{"not_picked":["Recycle","Redo"],"picked":"Ball Lightning","floor":7},{"not_picked":["Recycle","Gash","Rip and Tear"],"picked":"SKIP","floor":10},{"not_picked":["Reboot","Turbo"],"picked":"Leap","floor":14},{"not_picked":["Multi-Cast","All For One"],"picked":"Echo Form","floor":16},{"not_picked":["Stack","Chaos"],"picked":"Doom and Gloom+1","floor":18},{"not_picked":["Auto Shields","Coolheaded"],"picked":"Rebound","floor":21},{"not_picked":["Leap","White Noise","Go for the Eyes"],"picked":"SKIP","floor":22},{"not_picked":["Ball Lightning","Melter"],"picked":"Turbo","floor":24}],"player_experience":719365,"relics_obtained":[{"floor":9,"key":"Whetstone"}],"event_choices":[{"damage_healed":0,"gold_gain":0,"player_choice":"Ignored","damage_taken":0,"max_hp_gain":0,"max_hp_loss":0,"event_name":"Shining Light","floor":4,"gold_loss":0},{"damage_healed":0,"gold_gain":0,"player_choice":"Lose Max HP","damage_taken":0,"relics_obtained":["Golden Idol"],"max_hp_gain":0,"max_hp_loss":7,"event_name":"Golden Idol","floor":5,"gold_loss":0},{"cards_removed":["Strike_B"],"damage_healed":0,"gold_gain":0,"player_choice":"Purged","damage_taken":0,"max_hp_gain":0,"max_hp_loss":0,"event_name":"Purifier","floor":12,"gold_loss":0},{"damage_healed":0,"gold_gain":0,"player_choice":"Obtained Relic","damage_taken":0,"relics_obtained":["PreservedInsect"],"max_hp_gain":0,"max_hp_loss":0,"event_name":"Addict","floor":19,"gold_loss":85},{"damage_healed":0,"gold_gain":0,"player_choice":"Ignored","damage_taken":0,"max_hp_gain":0,"max_hp_loss":0,"event_name":"Vampires","floor":20,"gold_loss":0}],"is_beta":false,"boss_relics":[{"not_picked":["Snecko Eye","Black Star"],"picked":"Coffee Dripper"}],"items_purged_floors":[8],"is_endless":false,"potions_floor_spawned":[1,2,3,18,21],"killed_by":"Snake Plant","ascension_level":20}}