{"host":"fxrgx7wt2cpkbhka","time":1613016907,"event":{"mods":["AchievementEnabler","BaseMod","Colored Powertips","Dark Map","Minty Spire (QoL Compilation)","Permanent Neow","Quick Restart","Slay-I","StSLib","Waifu the Spire"],"gold_per_floor":[117,35,35,49,49,49,68,68,68,68,68,98,110,126,126,198,198,218,61,77,4,4,4,4],"floor_reached":23,"language":"ENG","playtime":570,"items_purged":[],"score":321,"play_id":"5ab48e6b-5a81-4c66-b763-23b59eed4a6f","local_time":"20210210201507","is_ascension_mode":true,"campfire_choices":[{"data":"Storm","floor":6,"key":"SMITH"},{"data":"Dualcast","floor":8,"key":"SMITH"},{"data":"Zap","floor":10,"key":"SMITH"},{"data":"Cold Snap","floor":15,"key":"SMITH"}],"circlet_count":0,"master_deck":["AscendersBane","Strike_B","Strike_B","Strike_B","Strike_B","Defend_B","Defend_B","Defend_B","Defend_B","Zap+1","Dualcast+1","Loop+1","Ball Lightning","Storm+1","Cold Snap+1","Auto Shields","Capacitor","Leap","Defragment","Storm","Ball Lightning"],"relics":["Cracked Core","The Courier","Meat on the Bone","Omamori","Cursed Key","Membership Card"],"acts_visited":["Exordium","TheCity"],"potions_floor_usage":[16,16,23],"damage_taken":[{"damage":12,"enemies":"Jaw Worm","floor":1,"turns":3},{"damage":1,"enemies":"Cultist","floor":4,"turns":4},{"damage":0,"enemies":"2 Louse","floor":7,"turns":3},{"damage":25,"enemies":"Lagavulin","floor":12,"turns":5},{"damage":14,"enemies":"Red Slaver","floor":13,"turns":3},{"damage":9,"enemies":"Exordium Wildlife","floor":14,"turns":4},{"damage":22,"enemies":"Hexaghost","floor":16,"turns":7},{"damage":27,"enemies":"Shell Parasite","floor":18,"turns":4},{"damage":37,"enemies":"2 Thieves","floor":20,"turns":4},{"damage":18,"enemies":"Book of Stabbing","floor":23,"turns":4}],"seed_played":"1256302534100383249","potions_obtained":[{"floor":3,"key":"PowerPotion"},{"floor":3,"key":"Explosive Potion"},{"floor":16,"key":"Dexterity Potion"},{"floor":20,"key":"Ancient Potion"}],"is_trial":false,"path_per_floor":["M","$","?","M","?","R","M","R","T","R","?","E","M","M","R","B",null,"M","$","M","$","?","E"],"character_chosen":"DEFECT","items_purchased":["Loop","Ball Lightning","Membership Card","Capacitor","Defragment","Storm","Ball Lightning"],"campfire_rested":0,"item_purchase_floors":[2,2,19,19,21,21,21],"current_hp_per_floor":[59,59,59,58,58,58,58,58,58,58,58,45,43,46,46,36,68,41,41,16,16,16,0,0],"gold":4,"neow_bonus":"TEN_PERCENT_HP_BONUS","is_daily":false,"chose_seed":false,"campfire_upgraded":4,"win_rate":0.0,"timestamp":1613016907,"path_taken":["M","$","?","?","?","R","M","R","T","R","?","E","M","M","R","BOSS","M","$","M","$","?","E"],"items_purchased_type":["Card","Card","Relic","Card","Card","Card","Card"],"build_version":"2020-12-22","purchased_purges":0,"victory":false,"max_hp_per_floor":[78,78,78,78,78,78,78,78,78,78,78,78,78,78,78,78,78,78,78,78,78,78,78,78],"card_choices":[{"not_picked":["Coolheaded","Hologram","Beam Cell"],"picked":"SKIP","floor":1},{"not_picked":["Barrage","Rebound"],"picked":"Storm","floor":4},{"not_picked":["Turbo","Redo","Loop"],"picked":"SKIP","floor":7},{"not_picked":["Sunder","Barrage","Thunder Strike"],"picked":"SKIP","floor":12},{"not_picked":["Sweeping Beam","Redo","Lockon"],"picked":"SKIP","floor":13},{"not_picked":["Conserve Battery","Aggregate"],"picked":"Cold Snap","floor":14},{"not_picked":["Aggregate","Force Field"],"picked":"Auto Shields","floor":18},{"not_picked":["Rip and Tear","Force Field"],"picked":"Leap","floor":20}],"player_experience":765393,"relics_obtained":[{"floor":9,"key":"The Courier"},{"floor":11,"key":"Meat on the Bone"},{"floor":12,"key":"Omamori"}],"event_choices":[{"damage_healed":0,"gold_gain":0,"player_choice":"Got Potions","damage_taken":0,"max_hp_gain":0,"max_hp_loss":0,"event_name":"Lab","floor":3,"gold_loss":0},{"damage_healed":0,"gold_gain":0,"player_choice":"Grow","damage_taken":0,"max_hp_gain":0,"max_hp_loss":0,"event_name":"Living Wall","floor":5,"gold_loss":0,"cards_upgraded":["Loop"]},{"damage_healed":0,"gold_gain":0,"player_choice":"Relic","damage_taken":0,"max_hp_gain":0,"max_hp_loss":0,"event_name":"Wheel of Change","floor":11,"gold_loss":0},{"damage_healed":0,"gold_gain":0,"player_choice":"Ignored","damage_taken":0,"max_hp_gain":0,"max_hp_loss":0,"event_name":"Cursed Tome","floor":22,"gold_loss":0}],"is_beta":false,"boss_relics":[{"not_picked":["Pandora\u0027s Box","Ectoplasm"],"picked":"Cursed Key"}],"items_purged_floors":[],"is_endless":false,"potions_floor_spawned":[12,16,20],"killed_by":"Book of Stabbing","ascension_level":14}}