{"host":"dvdvdvm357cut69v","time":1613036707,"event":{"mods":["BaseMod","Minty Spire (QoL Compilation)","StSLib"],"gold_per_floor":[116,116,116,7,20,20,54,64,364,374,401,433,45,62,62,137,137,155,27,27,47,47,47,61,61,61,61,61,61],"floor_reached":28,"language":"ENG","playtime":981,"items_purged":["Defend_B"],"score":443,"play_id":"18e74dcf-aa2f-41b3-bdbb-54ad386c7d07","local_time":"20210211124507","is_ascension_mode":true,"campfire_choices":[{"floor":6,"key":"REST"},{"floor":15,"key":"REST"},{"floor":23,"key":"REST"},{"floor":27,"key":"REST"}],"circlet_count":0,"master_deck":["AscendersBane","Defend_B","Defend_B","Defend_B","Zap","Dualcast","Go for the Eyes+1","Compile Driver","Steam","Coolheaded","Leap","Creative AI","Beam Cell","Rebound","Double Energy","Conserve Battery","Cold Snap","Biased Cognition","Chill","Hologram+1","White Noise","Stack","Bite","Bite","Bite","Bite","Bite"],"relics":["Cracked Core","Torii","Old Coin","Dream Catcher","Pantograph","Runic Pyramid","Bottled Lightning"],"acts_visited":["Exordium","TheCity"],"potions_floor_usage":[16,24,28],"damage_taken":[{"damage":3,"enemies":"2 Louse","floor":1,"turns":2},{"damage":2,"enemies":"Small Slimes","floor":5,"turns":3},{"damage":16,"enemies":"Lagavulin","floor":7,"turns":11},{"damage":1,"enemies":"Jaw Worm","floor":8,"turns":3},{"damage":1,"enemies":"Looter","floor":10,"turns":3},{"damage":33,"enemies":"Gremlin Nob","floor":12,"turns":5},{"damage":0,"enemies":"Large Slime","floor":14,"turns":6},{"damage":22,"enemies":"The Guardian","floor":16,"turns":15},{"damage":12,"enemies":"Shell Parasite","floor":18,"turns":6},{"damage":3,"enemies":"Spheric Guardian","floor":21,"turns":6},{"damage":48,"enemies":"3 Cultists","floor":24,"turns":8},{"damage":83,"enemies":"Gremlin Leader","floor":28,"turns":11}],"seed_played":"3543572385720759948","potions_obtained":[{"floor":12,"key":"AttackPotion"},{"floor":16,"key":"SpeedPotion"}],"is_trial":false,"path_per_floor":["M","?","?","$","M","R","E","M","T","M","T","E","$","M","R","B",null,"M","$","?","M","$","R","M","?","T","R","E"],"character_chosen":"DEFECT","items_purchased":["Steam","Coolheaded","Pantograph","Conserve Battery","FocusPotion","Weak Potion"],"campfire_rested":4,"item_purchase_floors":[4,4,13,13,13,19],"current_hp_per_floor":[68,45,45,45,43,66,50,49,49,48,48,17,17,19,42,47,70,60,60,38,37,37,61,15,15,15,39,0,0],"gold":61,"neow_bonus":"TEN_PERCENT_HP_BONUS","is_daily":false,"chose_seed":false,"campfire_upgraded":0,"win_rate":0.0,"timestamp":1613036707,"path_taken":["M","?","?","$","M","R","E","M","T","M","?","E","$","M","R","BOSS","M","$","?","M","$","R","M","?","T","R","E"],"items_purchased_type":["Card","Card","Relic","Card","Potion","Potion"],"build_version":"2020-12-13","purchased_purges":1,"victory":false,"max_hp_per_floor":[78,78,78,78,78,78,78,78,78,78,78,78,78,78,78,78,78,78,78,83,83,83,83,83,83,83,83,83,83],"card_choices":[{"not_picked":["Conserve Battery","Stack"],"picked":"Go for the Eyes","floor":1},{"not_picked":["Hologram","Coolheaded"],"picked":"Leap","floor":5},{"not_picked":["Capacitor","Steam Power"],"picked":"Creative AI","floor":7},{"not_picked":["Ball Lightning","Blizzard"],"picked":"Beam Cell","floor":8},{"not_picked":["Barrage","Storm"],"picked":"Rebound","floor":10},{"not_picked":["Ball Lightning","Force Field"],"picked":"Double Energy","floor":12},{"not_picked":["Coolheaded","Doom and Gloom"],"picked":"Cold Snap","floor":14},{"not_picked":["Rainbow","Reboot"],"picked":"Biased Cognition","floor":16},{"not_picked":["Darkness","Double Energy"],"picked":"Chill","floor":18},{"not_picked":["Heatsinks","Skim"],"picked":"Hologram+1","floor":21},{"not_picked":["Rebound","Hello World+1"],"picked":"White Noise","floor":23},{"not_picked":["Loop","Compile Driver"],"picked":"Stack","floor":24}],"player_experience":131279,"relics_obtained":[{"floor":7,"key":"Torii"},{"floor":9,"key":"Old Coin"},{"floor":11,"key":"Blood Vial"},{"floor":12,"key":"Dream Catcher"},{"floor":26,"key":"Bottled Lightning"}],"event_choices":[{"damage_healed":0,"gold_gain":0,"player_choice":"Entered Light","damage_taken":23,"max_hp_gain":0,"max_hp_loss":0,"event_name":"Shining Light","floor":2,"gold_loss":0,"cards_upgraded":["Go for the Eyes","Strike_B"]},{"damage_healed":0,"gold_gain":0,"cards_transformed":["Strike_B"],"player_choice":"Change","damage_taken":0,"max_hp_gain":0,"max_hp_loss":0,"event_name":"Living Wall","floor":3,"gold_loss":0,"cards_obtained":["Compile Driver"]},{"damage_healed":0,"gold_gain":0,"player_choice":"Shed Blood","damage_taken":27,"max_hp_gain":5,"max_hp_loss":0,"event_name":"Forgotten Altar","floor":20,"gold_loss":0},{"damage_healed":0,"gold_gain":0,"player_choice":"Became a vampire (Vial)","damage_taken":0,"max_hp_gain":0,"max_hp_loss":0,"event_name":"Vampires","floor":25,"relics_lost":["Blood Vial"],"gold_loss":0,"cards_obtained":["Bite","Bite","Bite","Bite","Bite"]}],"is_beta":false,"boss_relics":[{"not_picked":["Tiny House","Cursed Key"],"picked":"Runic Pyramid"}],"items_purged_floors":[19],"is_endless":false,"potions_floor_spawned":[12,14,16],"killed_by":"Gremlin Leader","ascension_level":17}}