{"host":"92108ef2q9tm8rod","time":1613065878,"event":{"mods":["BaseMod","Defuse TimeMaze Blight","Minty Spire (QoL Compilation)","StSLib","The Jungle"],"gold_per_floor":[113,113,113,127,137,137,137,137,137,148,164,193,193,206,206,304,304,318,334,349,349,349,349,55,55,78,78,96,110,110,126,126,223,273,273],"floor_reached":34,"language":"ENG","playtime":1907,"items_purged":["Sword Boomerang"],"score":429,"play_id":"e0077a49-ddbb-4e0b-a75e-a4b99cb5ef58","local_time":"20210211175118","daily_mods":["SealedDeck","Colorless Cards","Heirloom","Flight"],"is_ascension_mode":false,"campfire_choices":[{"data":"Body Slam","floor":6,"key":"SMITH"},{"data":"Blind","floor":7,"key":"SMITH"},{"data":"Spot Weakness","floor":8,"key":"SMITH"},{"data":"Madness","floor":13,"key":"SMITH"},{"data":"Good Instincts","floor":15,"key":"SMITH"},{"data":"Shrug It Off","floor":23,"key":"SMITH"},{"data":"Entrench","floor":25,"key":"SMITH"},{"data":"Good Instincts","floor":30,"key":"SMITH"},{"data":"Shrug It Off","floor":32,"key":"SMITH"}],"circlet_count":0,"master_deck":["Flex","Flex","Shrug It Off+1","Shrug It Off+1","Shrug It Off+1","Body Slam+1","Good Instincts+1","Blind+1","Cleave","Spot Weakness+1","Madness+1","Master of Strategy","Evolve","Entrench+1","Good Instincts+1","Body Slam+1"],"relics":["Burning Blood","FossilizedHelix","Tiny Chest","Strawberry","SacredBark","Ornamental Fan","InkBottle","Anchor","Dream Catcher","Tiny House"],"acts_visited":["Exordium","Exordium","TheBeyond"],"potions_floor_usage":[12,16,21,31,33],"damage_taken":[{"damage":0,"enemies":"Small Slimes","floor":1,"turns":2},{"damage":0,"enemies":"Cultist","floor":4,"turns":3},{"damage":0,"enemies":"Jaw Worm","floor":5,"turns":2},{"damage":0,"enemies":"Looter","floor":10,"turns":2},{"damage":0,"enemies":"Gremlin Gang","floor":11,"turns":3},{"damage":0,"enemies":"Lagavulin","floor":12,"turns":5},{"damage":0,"enemies":"3 Louse","floor":14,"turns":1},{"damage":12,"enemies":"Hexaghost","floor":16,"turns":6},{"damage":0,"enemies":"theJungle:MUSHROOMGANG","floor":18,"turns":4},{"damage":0,"enemies":"Shell Parasite","floor":19,"turns":2},{"damage":2,"enemies":"theJungle:SlimyTreeVines","floor":20,"turns":6},{"damage":0,"enemies":"JungleHuntersEvent","floor":21,"turns":7},{"damage":0,"enemies":"theJungle:JungleHuntersEncounter","floor":28,"turns":5},{"damage":0,"enemies":"theJungle:2_Flameangoes","floor":29,"turns":5},{"damage":0,"enemies":"theJungle:SlimyTreeVines","floor":31,"turns":6},{"damage":0,"enemies":"theJungle:QueenSpyder","floor":33,"turns":18}],"seed_played":"6932588635133632075","potions_obtained":[{"floor":3,"key":"HeartOfIron"},{"floor":3,"key":"Weak Potion"},{"floor":3,"key":"CultistPotion"},{"floor":16,"key":"DuplicationPotion"},{"floor":18,"key":"PowerPotion"},{"floor":28,"key":"Block Potion"},{"floor":29,"key":"Energy Potion"},{"floor":31,"key":"DuplicationPotion"},{"floor":33,"key":"BlessingOfTheForge"},{"floor":34,"key":"Regen Potion"}],"is_trial":true,"path_per_floor":["M","$","?","M","M","R","R","R","T","M","M","E","R","M","R","B",null,"M","M","M","?","T","R","$","R","T","?","M","M","R","M","R","B",null],"character_chosen":"IRONCLAD","items_purchased":["Entrench","Anchor"],"campfire_rested":0,"item_purchase_floors":[24,24],"current_hp_per_floor":[80,80,80,80,80,80,80,80,80,80,80,87,87,87,87,81,87,87,87,87,87,87,87,87,87,87,87,87,87,87,87,87,87,92,92],"gold":273,"neow_bonus":"","is_daily":false,"chose_seed":false,"campfire_upgraded":9,"win_rate":0.0,"timestamp":1613065878,"path_taken":["M","$","?","M","M","R","R","R","T","?","M","E","R","M","R","BOSS","M","M","?","?","?","R","$","R","T","?","M","M","R","M","R","BOSS"],"items_purchased_type":["Card","Relic"],"build_version":"2020-12-22","purchased_purges":1,"victory":false,"max_hp_per_floor":[80,80,80,80,80,80,80,80,80,80,80,87,87,87,87,87,87,87,87,87,87,87,87,87,87,87,87,87,87,87,87,87,87,92,92],"card_choices":[{"not_picked":["Rupture","Enlightenment","Armaments"],"picked":"SKIP","floor":1},{"not_picked":["Havoc","Flex"],"picked":"Spot Weakness","floor":4},{"not_picked":["Uppercut","Pommel Strike","Dual Wield"],"picked":"SKIP","floor":5},{"not_picked":["Havoc","Warcry","True Grit"],"picked":"SKIP","floor":10},{"not_picked":["Sword Boomerang","Armaments","Shrug It Off"],"picked":"SKIP","floor":11},{"not_picked":["Anger","Cleave"],"picked":"Madness","floor":12},{"not_picked":["Wild Strike","Cleave"],"picked":"Double Tap","floor":14},{"not_picked":["Secret Weapon","Exhume"],"picked":"Master of Strategy","floor":16},{"not_picked":["Clash","Swift Strike","Perfected Strike+1"],"picked":"SKIP","floor":18},{"not_picked":["True Grit","Combust","Warcry+1"],"picked":"SKIP","floor":19},{"not_picked":["Good Instincts","Intimidate+1"],"picked":"Evolve","floor":20},{"not_picked":["Body Slam+1","Bandage Up","True Grit"],"picked":"SKIP","floor":28},{"not_picked":["Warcry","Uppercut"],"picked":"Good Instincts","floor":29},{"not_picked":["Cleave","Dark Shackles","Sword Boomerang"],"picked":"SKIP","floor":31},{"not_picked":["Perfected Strike","Twin Strike"],"picked":"Body Slam+1","floor":34}],"player_experience":3418363,"relics_obtained":[{"floor":9,"key":"Tiny Chest"},{"floor":12,"key":"Strawberry"},{"floor":21,"key":"Ornamental Fan"},{"floor":22,"key":"InkBottle"},{"floor":26,"key":"Dream Catcher"}],"event_choices":[{"damage_healed":0,"gold_gain":0,"player_choice":"Got Potions","damage_taken":0,"max_hp_gain":0,"max_hp_loss":0,"event_name":"Lab","floor":3,"gold_loss":0},{"cards_removed":["Double Tap"],"damage_healed":0,"gold_gain":0,"player_choice":"Purged","damage_taken":0,"max_hp_gain":0,"max_hp_loss":0,"event_name":"Purifier","floor":27,"gold_loss":0}],"is_beta":false,"boss_relics":[{"not_picked":["Black Star","Ectoplasm"],"picked":"SacredBark"},{"not_picked":["Mark of Pain","Astrolabe"],"picked":"Tiny House"}],"items_purged_floors":[24],"is_endless":false,"potions_floor_spawned":[4,5,16,18,28,29,31,33],"ascension_level":0}}