{"host":"eaiphzh066bwqdh7","time":1613085669,"event":{"mods":["BaseMod","Better Note","Halation","Hubris","Minty Spire (QoL Compilation)","Reliquary","Replay The Spire","StSLib"],"gold_per_floor":[110,110,110,110,35,35,51,51,77,96,96,41,73,86,86,190,190,206,51,51,51,45,45,75,75,75,91,103,113,113,113,113],"floor_reached":31,"language":"ENG","playtime":936,"items_purged":["Strike_G"],"score":304,"play_id":"43763a63-8492-463e-9bac-dcb2532258d7","local_time":"20210211182109","is_ascension_mode":true,"campfire_choices":[{"data":"Survivor","floor":6,"key":"SMITH"},{"data":"Blur","floor":8,"key":"SMITH"},{"data":"Slice","floor":11,"key":"SMITH"},{"floor":15,"key":"REST"},{"floor":23,"key":"REST"},{"floor":25,"key":"REST"},{"floor":30,"key":"REST"}],"circlet_count":0,"master_deck":["Strike_G","Strike_G","Strike_G","Strike_G","Defend_G","Defend_G","Defend_G","Defend_G","Defend_G","Survivor+1","Neutralize","Blur+1","Slice+1","Footwork+1","Slice","Burst+1","Sucker Punch+1","Poisoned Stab","Quick Slash+1","All Out Attack","Poisoned Stab","Noxious Fumes"],"relics":["Ring of the Snake","halation:PinkSoulGem","Anchor","Durian","Snake Skull","reliquary:PartyBalloon","reliquary:Firecrackers"],"acts_visited":["Exordium","TheCity"],"potions_floor_usage":[16,24,24,27,31],"damage_taken":[{"damage":1,"enemies":"Cultist","floor":1,"turns":4},{"damage":0,"enemies":"2 Louse","floor":7,"turns":2},{"damage":0,"enemies":"Jaw Worm","floor":10,"turns":6},{"damage":8,"enemies":"Lagavulin","floor":13,"turns":9},{"damage":18,"enemies":"Exordium Thugs","floor":14,"turns":7},{"damage":57,"enemies":"The Guardian","floor":16,"turns":18},{"damage":0,"enemies":"3 Byrds","floor":18,"turns":1},{"damage":17,"enemies":"2 Thieves","floor":22,"turns":4},{"damage":34,"enemies":"Gremlin Leader","floor":24,"turns":10},{"damage":20,"enemies":"Cultist and Chosen","floor":27,"turns":6},{"damage":21,"enemies":"Snake Plant","floor":28,"turns":7},{"damage":15,"enemies":"Centurion and Healer","floor":29,"turns":4},{"damage":38,"enemies":"Book of Stabbing","floor":31,"turns":5}],"seed_played":"-4952970225669849127","potions_obtained":[{"floor":13,"key":"Weak Potion"},{"floor":14,"key":"ColorlessPotion"},{"floor":22,"key":"Death Potion"},{"floor":24,"key":"Adrenaline Potion"},{"floor":27,"key":"CultistPotion"},{"floor":28,"key":"Adrenaline Potion"}],"is_trial":false,"path_per_floor":["M","?","?","?","$","R","M","R","T","M","R","$","E","M","R","B",null,"M","$","$","?","M","R","E","R","T","M","M","M","R","E"],"character_chosen":"THE_SILENT","items_purchased":["Footwork+1","Snake Skull"],"campfire_rested":4,"item_purchase_floors":[12,19],"current_hp_per_floor":[74,74,74,75,75,75,75,75,75,75,75,75,72,54,78,21,80,80,80,80,80,63,80,46,70,70,50,29,14,38,0,0],"gold":113,"neow_bonus":"RANDOM_EVENT","is_daily":false,"chose_seed":false,"campfire_upgraded":3,"win_rate":0.0,"timestamp":1613085669,"path_taken":["M","?","?","?","$","R","M","R","T","M","R","$","E","M","R","BOSS","M","?","$","?","M","R","E","R","T","?","M","M","R","E"],"items_purchased_type":["Card","Relic"],"build_version":"2020-12-22","purchased_purges":1,"victory":false,"max_hp_per_floor":[75,75,75,75,75,75,75,75,75,75,75,75,80,80,80,80,80,80,80,80,80,80,80,80,80,80,80,80,80,80,80,80],"card_choices":[{"not_picked":["Sucker Punch","Outmaneuver"],"picked":"Dash","floor":1},{"not_picked":["Flying Knee","Hidden Blade"],"picked":"Blur","floor":7},{"not_picked":["Outmaneuver","Hidden Blade"],"picked":"Slice","floor":10},{"not_picked":["Endless Agony","Choke","hubris:SlightOfHand"],"picked":"SKIP","floor":13},{"not_picked":["Distraction","Backflip"],"picked":"Slice","floor":14},{"not_picked":["Night Terror","Die Die Die"],"picked":"Burst","floor":16},{"not_picked":["Cloak And Dagger+1","Riddle With Holes+1"],"picked":"Sucker Punch+1","floor":18},{"not_picked":["Caltrops","Cloak And Dagger"],"picked":"Poisoned Stab","floor":22},{"not_picked":["Flying Knee","Crippling Poison"],"picked":"Quick Slash+1","floor":24},{"not_picked":["ReplayTheSpireMod:Shiv Toss","ReplayTheSpireMod:Exploit Weakness"],"picked":"All Out Attack","floor":27},{"not_picked":["Tactician+1","Outmaneuver"],"picked":"Poisoned Stab","floor":28},{"not_picked":["Eviscerate","Distraction"],"picked":"Noxious Fumes","floor":29}],"player_experience":292257,"relics_obtained":[{"floor":9,"key":"Anchor"},{"floor":13,"key":"Durian"},{"floor":24,"key":"reliquary:PartyBalloon"},{"floor":26,"key":"reliquary:Firecrackers"}],"event_choices":[{"damage_healed":0,"gold_gain":0,"player_choice":"Donut","damage_taken":0,"max_hp_gain":5,"max_hp_loss":0,"event_name":"Big Fish","floor":0,"gold_loss":0},{"damage_healed":0,"gold_gain":0,"player_choice":"Ignored","damage_taken":0,"max_hp_gain":0,"max_hp_loss":0,"event_name":"Liars Game","floor":3,"gold_loss":0},{"cards_removed":["Dash"],"damage_healed":1,"gold_gain":0,"player_choice":"Offered Uncommon","damage_taken":0,"max_hp_gain":0,"max_hp_loss":0,"event_name":"Bonfire Elementals","floor":4,"gold_loss":0},{"damage_healed":0,"gold_gain":0,"player_choice":"Forge","damage_taken":0,"max_hp_gain":0,"max_hp_loss":0,"event_name":"Accursed Blacksmith","floor":21,"gold_loss":0,"cards_upgraded":["Burst"]}],"is_beta":false,"boss_relics":[{"not_picked":["Replay:Bronze Core","hubris:GrandSneckoEye","hubris:RunicObelisk"]}],"items_purged_floors":[5],"is_endless":false,"potions_floor_spawned":[13,14,22,24,27,28],"killed_by":"Book of Stabbing","ascension_level":4}}