{"host":"4so6zk3ni2nu7g2c","time":1613056844,"event":{"mods":["Act Like it!","BaseMod","Gensokyo","Hallownest","Marisa£®ÏF”Í°°ƒß¿Ì…≥£©","Minty Spire (QoL Compilation)","Prisma Mod","Quick Restart","Remilia£®¿Ÿ√◊¿Ú—«£©","Replay The Spire","Shop Mod","StSLib","The Bug Knight"],"gold_per_floor":[116,131,36,36,55,81,81,107,107,107,18,18,43,58,58,357,357,371,42,42,42,11,38,38,363,388,615,314,314,325,351,351,447,447,460,149,149,159,10,337,570,570,570,49,49,80,111,136,136,136,136,136,36,66,66],"floor_reached":56,"language":"ZHS","playtime":3373,"items_purged":["Pride","HollowMod:NailStrikeStart"],"score":1694,"play_id":"01e8c47d-23d9-4178-b204-27e124a59fa6","local_time":"20210211232044","is_ascension_mode":true,"campfire_choices":[{"floor":10.0,"key":"REST"},{"data":"HollowMod:PogoStrike","floor":12.0,"key":"SMITH"},{"data":"HollowMod:DashSlash","floor":15.0,"key":"SMITH"},{"data":"HollowMod:HerrahsAnger","floor":24.0,"key":"SMITH"},{"data":"HollowMod:DoubleDash","floor":29.0,"key":"SMITH"},{"data":"HollowMod:CloakDash","floor":32.0,"key":"SMITH"},{"floor":45,"key":"RECALL"},{"data":"HollowMod:Weaversong","floor":49,"key":"SMITH"},{"floor":52,"key":"DIG"}],"circlet_count":0,"master_deck":["HollowMod:QuickDashStart","HollowMod:QuickDashStart","HollowMod:PogoStrike+1","HollowMod:DashSlash+1","HollowMod:SharpenedNail","HollowMod:HeavyBlow+1","HollowMod:AwokenDreamNail+1","HollowMod:DoubleDash+1","HollowMod:HuntersJournal+1","HollowMod:PureNailStrike+1","HollowMod:HerrahsAnger+1","HollowMod:CornifersMapStart","HollowMod:DoubleDash+1","HollowMod:CloakDash+1","HollowMod:MonomonsArchive","HollowMod:HerrahsAnger","HollowMod:HowlingWraiths+1","HollowMod:CloakDash+1","HollowMod:MawleksShell+1","Gensokyo:PrivateSquare","HollowMod:CycloneSlash+1","HollowMod:Weaversong+1","HollowMod:RecoilStrike+1"],"relics":["HollowMod:VesselMask","Gensokyo:PortableGap","ReplayTheSpireMod:CursedCoin","Kunai","Molten Egg 2","Onion Ring","Art of War","Tiny Chest","Coffee Dripper","Philosopher\u0027s Stone","MerchantsRug","Iron Hammer","Lee\u0027s Waffle","Gremlin Food","Blue Candle","Regal Pillow","Replay:Ringing Soul","Frozen Eye","Simple Rune","Replay:Baseball","Replay:Drink Me","Medical Kit","CaptainsWheel","Whetstone","Blood Vial","Replay:Rubber Ducky","Anchor","Replay:Wax Seal","HollowMod:MantisClawRelic","Happy Flower","Replay:Multitool","MealTicket","Orichalcum","HollowMod:KingsBrand","StrikeDummy","HollowMod:StagPassRelic"],"acts_visited":["Gensokyo:Gensokyo","Gensokyo:Gensokyoer","Gensokyo:Gensokyoest","TheEnding"],"potions_floor_usage":[33,55,55,55],"damage_taken":[{"damage":4.0,"enemies":"Gensokyo:2_Kodama","floor":1.0,"turns":2.0},{"damage":0.0,"enemies":"Gensokyo:Python","floor":2.0,"turns":2.0},{"damage":2.0,"enemies":"Gensokyo:Gryphon","floor":5.0,"turns":3.0},{"damage":38.0,"enemies":"Gensokyo:Aya","floor":6.0,"turns":9.0},{"damage":4.0,"enemies":"Gensokyo:Cirno","floor":8.0,"turns":6.0},{"damage":33.0,"enemies":"Gensokyo:Aya","floor":13.0,"turns":6.0},{"damage":0.0,"enemies":"Gensokyo:3_Kodama","floor":14.0,"turns":3.0},{"damage":19.0,"enemies":"Gensokyo:Reimu","floor":16.0,"turns":6.0},{"damage":42.0,"enemies":"Gensokyo:3_Dogs","floor":18.0,"turns":4.0},{"damage":13.0,"enemies":"Gensokyo:Koishi","floor":23.0,"turns":4.0},{"damage":27.0,"enemies":"Gensokyo:Tenshi","floor":25.0,"turns":4.0},{"damage":0.0,"enemies":"Gensokyo:Reisen","floor":27.0,"turns":4.0},{"damage":0.0,"enemies":"Gensokyo:AngelMirror","floor":30.0,"turns":1.0},{"damage":0.0,"enemies":"Gensokyo:Tenshi","floor":31.0,"turns":4.0},{"damage":9,"enemies":"Gensokyo:Kaguya","floor":33,"turns":9},{"damage":11,"enemies":"Gensokyo:3_Bats","floor":35,"turns":3},{"damage":0,"enemies":"Gensokyo:AncientGuardian","floor":38,"turns":6},{"damage":8,"enemies":"Gensokyo:Doremy","floor":40,"turns":6},{"damage":7,"enemies":"Gensokyo:Kasen","floor":41,"turns":9},{"damage":2,"enemies":"Gensokyo:Doremy","floor":46,"turns":5},{"damage":24,"enemies":"Gensokyo:Kasen","floor":47,"turns":7},{"damage":0,"enemies":"Gensokyo:Doremy","floor":48,"turns":5},{"damage":0,"enemies":"Gensokyo:Scarlet_Devils","floor":50,"turns":10},{"damage":12,"enemies":"Shield and Spear","floor":54,"turns":4},{"damage":27,"enemies":"The Heart","floor":55,"turns":12}],"seed_played":"5858493596871338815","potions_obtained":[{"floor":1.0,"key":"LifebloodPotion"},{"floor":8.0,"key":"FairyPotion"},{"floor":13.0,"key":"ColorlessPotion"},{"floor":14.0,"key":"Adrenaline Potion"},{"floor":18.0,"key":"BlessingOfTheForge"},{"floor":30.0,"key":"Toxic Potion"},{"floor":31.0,"key":"SkillPotion"},{"floor":41,"key":"DistilledChaos"},{"floor":46,"key":"Dexterity Potion"},{"floor":48,"key":"FearPotion"}],"is_trial":false,"path_per_floor":["M","M","$","?","M","E","?","E","T","R","COS","R","E","M","R","B",null,"M","$","?","T","COS","E","R","E","T","E","$","R","M","E","R","B",null,"M","COS","T","M","$","E","E","?","T","$","R","E","E","E","R","B",null,"R","$","E","B",null],"character_chosen":"THE_BUGKNIGHT","items_purchased":["ReplayTheSpireMod:CursedCoin","Kunai","MerchantsRug","Iron Hammer","Lee\u0027s Waffle","Frozen Eye","Simple Rune","Whetstone","HollowMod:CycloneSlash+1","HollowMod:MantisClawRelic","Happy Flower"],"campfire_rested":1,"item_purchase_floors":[3,3,19,19,19,28,28,39,44,44,44],"current_hp_per_floor":[64,64,64,51,49,11,11,7,7,27,27,27,20,20,20,1,68,26,75,75,75,75,62,62,35,35,38,38,38,41,44,44,38,61,53,56,56,59,59,54,49,52,52,55,55,55,36,38,38,40,61,61,61,52,27],"gold":66,"neow_bonus":"RANDOM_EVENT","is_daily":false,"chose_seed":false,"campfire_upgraded":6,"win_rate":0.0,"timestamp":1613056844,"path_taken":["M","?","$","?","?","E","?","E","T","R","COS","R","E","M","R","BOSS","M","$","?","?","COS","E","R","E","T","E","$","R","?","E","R","BOSS","M","COS","?","M","?","E","E","?","T","$","R","E","E","E","R","BOSS","R","$","E","BOSS"],"items_purchased_type":["Relic","Relic","Relic","Relic","Relic","Relic","Relic","Relic","Card","Relic","Relic"],"build_version":"2020-12-22","purchased_purges":2,"victory":true,"max_hp_per_floor":[68,68,68,68,68,68,68,68,68,68,68,68,68,68,68,68,68,68,75,75,75,75,75,75,75,75,75,72,72,75,78,78,81,61,64,64,64,64,61,61,61,64,61,64,64,61,61,61,61,61,61,61,61,64,64],"card_choices":[{"not_picked":["HollowMod:CrystalDash","HollowMod:HuntersJournal"],"picked":"HollowMod:DashSlash","floor":1.0},{"not_picked":["HollowMod:BaldurShell","HollowMod:NewLittleFool","HollowMod:LuriensSpire"],"picked":"SKIP","floor":2.0},{"not_picked":["HollowMod:CrystalDash","HollowMod:MothsMistake"],"picked":"HollowMod:SharpenedNail","floor":5.0},{"not_picked":["HollowMod:HuntersJournal","HollowMod:CornifersMapStart"],"picked":"HollowMod:DescendingDark+1","floor":6.0},{"not_picked":["HollowMod:WraithStrike+1","HollowMod:CoiledNail+1","HollowMod:LifebloodCocoon"],"picked":"SKIP","floor":8.0},{"not_picked":["HollowMod:BaldurShell","HollowMod:SoulEater"],"picked":"HollowMod:HeavyBlow+1","floor":13.0},{"not_picked":["HollowMod:SiblingsSouls","HollowMod:SoulSplash","HollowMod:VengefulVoid+1"],"picked":"SKIP","floor":14.0},{"not_picked":["HollowMod:MidwifesHunger+1","HollowMod:LifebloodCore"],"picked":"HollowMod:AwokenDreamNail+1","floor":16.0},{"not_picked":["HollowMod:QuirrelsAssistance+1","HollowMod:SoulSplash"],"picked":"HollowMod:PureNailStrike+1","floor":18.0},{"not_picked":["HollowMod:SiblingsSouls","HollowMod:SoulSplash","HollowMod:InfectedAttack+1"],"picked":"SKIP","floor":23.0},{"not_picked":["HollowMod:WraithStrike+1","HollowMod:GoodIntentions"],"picked":"HollowMod:CornifersMapStart","floor":25.0},{"not_picked":["HollowMod:VoidDash","HollowMod:LifebloodCocoon+1"],"picked":"HollowMod:DoubleDash","floor":27.0},{"not_picked":["HollowMod:CornifersMapStart","HollowMod:AbyssShriek+1"],"picked":"HollowMod:CloakDash","floor":30.0},{"not_picked":["HollowMod:ShadowDash+1","HollowMod:LuriensSpire"],"picked":"HollowMod:MonomonsArchive","floor":31.0},{"not_picked":["HollowMod:PureVessel","HollowMod:SoulMaster"],"picked":"HollowMod:HerrahsAnger","floor":33},{"not_picked":["HollowMod:VengefulVoid+1","HollowMod:SiblingsShadow+1"],"picked":"HollowMod:HowlingWraiths+1","floor":35},{"not_picked":["HollowMod:CycloneSlash+1","HollowMod:VengefulSpirit+1"],"picked":"HollowMod:CloakDash+1","floor":38},{"not_picked":["HollowMod:LuriensSpire","HollowMod:CrystalDash+1"],"picked":"HollowMod:MawleksShell+1","floor":40},{"not_picked":["HollowMod:InfectedCysts+1","HollowMod:SharpenedShadows+1","HollowMod:NewGlowingWomb+1"],"picked":"SKIP","floor":41},{"not_picked":["HollowMod:LuriensSpire+1","HollowMod:ChannelNail","HollowMod:CrystalDash"],"picked":"SKIP","floor":46},{"not_picked":["HollowMod:DescendingDark+1","HollowMod:CrystalDash+1"],"picked":"HollowMod:Weaversong","floor":47},{"not_picked":["HollowMod:MothsMistake","HollowMod:MonomonsArchive","HollowMod:VengefulVoid+1"],"picked":"SKIP","floor":48},{"not_picked":["HollowMod:GreatSlash+1","HollowMod:DescendingDark+1"],"picked":"HollowMod:RecoilStrike+1","floor":54}],"player_experience":419403,"relics_obtained":[{"floor":6.0,"key":"Molten Egg 2"},{"floor":8.0,"key":"Replay:Bottled Snecko"},{"floor":9.0,"key":"Onion Ring"},{"floor":13.0,"key":"Art of War"},{"floor":23.0,"key":"Gremlin Food"},{"floor":25.0,"key":"Blue Candle"},{"floor":26.0,"key":"Regal Pillow"},{"floor":27.0,"key":"Replay:Ringing Soul"},{"floor":31.0,"key":"Replay:Baseball"},{"floor":37,"key":"CaptainsWheel"},{"floor":40,"key":"Replay:Rubber Ducky"},{"floor":41,"key":"Anchor"},{"floor":43,"key":"Replay:Wax Seal"},{"floor":46,"key":"MealTicket"},{"floor":47,"key":"Orichalcum"},{"floor":48,"key":"HollowMod:KingsBrand"},{"floor":52,"key":"StrikeDummy"},{"floor":54,"key":"HollowMod:StagPassRelic"}],"event_choices":[],"is_beta":false,"boss_relics":[{"not_picked":["Runic Pyramid","Painkiller Herb"],"picked":"Replay:Grab Bag"},{"not_picked":["Sozu","Busted Crown"],"picked":"Coffee Dripper"},{"not_picked":["Cursed Key","SlaversCollar"],"picked":"Philosopher\u0027s Stone"},{"not_picked":["HollowMod:VoidIdolRelic","Ring of Chaos"],"picked":"Astrolabe"},{"not_picked":["Abe\u0027s Treasure","Replay:Wanted Poster"],"picked":"Replay:Drink Me"}],"items_purged_floors":[44,53],"is_endless":false,"potions_floor_spawned":[1,8,13,14,18,30,31,41,46,48],"ascension_level":3}}