{"host":"e8rlfedn69rz2s07","time":1613068045,"event":{"mods":["AchievementEnabler","BaseMod","Minty Spire (QoL Compilation)","Permanent Neow","Relic Stats"],"gold_per_floor":[114,134,148,148,148,176,176,176,176,188,60,80,80,91,91,169,169,185,203,222,222,46,72,72,101,180,180,191,205,219,250,250,322,322,335,335,353,353,378,412,422,448,472,472,500,140,174,224,224,224,224,224,224,127,153,153,153],"floor_reached":56,"language":"ENG","playtime":5126,"items_purged":["Strike_B","Strike_B","Strike_B"],"score":2125,"play_id":"90a83665-2dae-41a7-b5a2-84b3079a89cc","local_time":"20210211202725","is_ascension_mode":true,"campfire_choices":[{"floor":8.0,"key":"REST"},{"data":"Defragment","floor":13.0,"key":"SMITH"},{"data":"Self Repair","floor":15.0,"key":"SMITH"},{"data":"Defragment","floor":24.0,"key":"SMITH"},{"data":"Biased Cognition","floor":27.0,"key":"SMITH"},{"floor":32.0,"key":"RECALL"},{"data":"Chill","floor":44.0,"key":"SMITH"},{"data":"Defragment","floor":49,"key":"SMITH"},{"data":"Defragment","floor":53,"key":"SMITH"}],"circlet_count":0,"master_deck":["AscendersBane","Defend_B+1","Defend_B","Defend_B+1","Defend_B","Zap","Dualcast","Melter+1","Cold Snap","Ball Lightning","Force Field","Defragment+1","Self Repair+1","Glacier+1","Electrodynamics","Conserve Battery","Ball Lightning","Chill+1","Defragment+1","Biased Cognition+1","Capacitor+1","Turbo","Undo+1","Amplify","Undo+1","Aggregate","Coolheaded+1","Auto Shields","Loop","Defragment+1","Defragment+1","Consume","Coolheaded+1"],"relics":["Art of War","Shuriken","DataDisk","Snecko Eye","Orichalcum","Tiny Chest","Eternal Feather","War Paint","Dead Branch","Cracked Core","Inserter","Vajra","Bottled Flame","Toy Ornithopter","Centennial Puzzle","Prayer Wheel","Lantern","Oddly Smooth Stone"],"acts_visited":["Exordium","TheCity","TheBeyond","TheEnding"],"potions_floor_usage":[47,51,55],"damage_taken":[{"damage":4.0,"enemies":"Jaw Worm","floor":1.0,"turns":4.0},{"damage":6.0,"enemies":"Small Slimes","floor":2.0,"turns":3.0},{"damage":2.0,"enemies":"2 Louse","floor":3.0,"turns":3.0},{"damage":13.0,"enemies":"Lagavulin","floor":6.0,"turns":5.0},{"damage":6.0,"enemies":"Looter","floor":10.0,"turns":3.0},{"damage":3.0,"enemies":"2 Fungi Beasts","floor":12.0,"turns":3.0},{"damage":6.0,"enemies":"3 Louse","floor":14.0,"turns":3.0},{"damage":18.0,"enemies":"The Guardian","floor":16.0,"turns":13.0},{"damage":0.0,"enemies":"Chosen","floor":18.0,"turns":5.0},{"damage":0.0,"enemies":"Shell Parasite","floor":19.0,"turns":4.0},{"damage":1.0,"enemies":"Cultist and Chosen","floor":20.0,"turns":5.0},{"damage":45.0,"enemies":"Slavers","floor":23.0,"turns":5.0},{"damage":0.0,"enemies":"Gremlin Leader","floor":25.0,"turns":5.0},{"damage":0.0,"enemies":"3 Cultists","floor":28.0,"turns":3.0},{"damage":5.0,"enemies":"Centurion and Healer","floor":29.0,"turns":3.0},{"damage":1.0,"enemies":"Snake Plant","floor":30.0,"turns":4.0},{"damage":18.0,"enemies":"Book of Stabbing","floor":31.0,"turns":4.0},{"damage":18.0,"enemies":"Collector","floor":33.0,"turns":10.0},{"damage":0.0,"enemies":"3 Shapes","floor":35.0,"turns":5.0},{"damage":16.0,"enemies":"3 Darklings","floor":37.0,"turns":4.0},{"damage":19.0,"enemies":"Mind Bloom Boss Battle","floor":39.0,"turns":7.0},{"damage":22.0,"enemies":"Reptomancer","floor":40.0,"turns":8.0},{"damage":14.0,"enemies":"Writhing Mass","floor":41.0,"turns":6.0},{"damage":2.0,"enemies":"Giant Head","floor":42.0,"turns":10.0},{"damage":55,"enemies":"Reptomancer","floor":45,"turns":7},{"damage":0,"enemies":"Nemesis","floor":47,"turns":7},{"damage":12,"enemies":"Donu and Deca","floor":50,"turns":10},{"damage":53,"enemies":"Awakened One","floor":51,"turns":24},{"damage":63,"enemies":"Shield and Spear","floor":55,"turns":12},{"damage":31,"enemies":"The Heart","floor":56,"turns":2}],"seed_played":"-3873465555961438473","potions_obtained":[{"floor":1.0,"key":"LiquidMemories"},{"floor":2.0,"key":"Strength Potion"},{"floor":12.0,"key":"Fruit Juice"},{"floor":18.0,"key":"Energy Potion"},{"floor":20.0,"key":"DuplicationPotion"},{"floor":25.0,"key":"LiquidBronze"},{"floor":29.0,"key":"DistilledChaos"},{"floor":33.0,"key":"Fruit Juice"},{"floor":35.0,"key":"Fruit Juice"},{"floor":37.0,"key":"Explosive Potion"},{"floor":40.0,"key":"LiquidBronze"},{"floor":47,"key":"DistilledChaos"}],"is_trial":false,"path_per_floor":["M","M","M","?","?","E","?","R","T","M","$","M","R","M","R","B",null,"M","M","M","?","$","E","R","E","T","R","M","M","M","E","R","B",null,"M","?","M","?","?","E","M","E","T","R","E","$","E","T","R","B","B",null,"R","$","E","B"],"character_chosen":"DEFECT","items_purchased":["Weak Potion","Defragment","Defragment","Centennial Puzzle","Consume","PowerPotion"],"campfire_rested":1,"item_purchase_floors":[11,22,46,46,54,54],"current_hp_per_floor":[60,54,52,31,31,18,18,39,39,33,33,30,30,31,31,23,59,74,76,75,75,75,40,40,50,50,62,72,76,76,68,76,68,74,81,81,70,70,61,49,55,63,63,78,23,23,38,38,56,54,16,66,82,82,29,0,0],"gold":153,"neow_bonus":"RANDOM_COMMON_RELIC","is_daily":false,"chose_seed":false,"campfire_upgraded":7,"win_rate":0.0,"timestamp":1613068045,"path_taken":["M","M","M","?","?","E","?","R","T","M","$","M","R","M","R","BOSS","M","M","M","?","$","E","R","E","T","R","M","M","M","E","R","BOSS","M","?","M","?","?","E","M","E","T","R","E","$","E","?","R","BOSS","BOSS","R","$","E","BOSS"],"items_purchased_type":["Potion","Card","Card","Relic","Card","Potion"],"build_version":"2020-12-22","purchased_purges":3,"victory":false,"max_hp_per_floor":[71,71,71,71,71,71,71,71,71,71,71,71,71,71,71,71,71,76,76,76,76,76,76,76,76,76,76,76,76,76,76,76,76,76,81,81,86,82,82,82,82,82,82,82,82,82,82,82,82,82,82,82,82,82,82,82,82],"relic_stats":{"Inserter":[33],"counters":[30,185],"Dead Branch":[31],"Eternal Feather":69,"Orichalcum":[66],"War Paint":["Defend_B","Glacier"],"Centennial Puzzle":[10],"Shuriken":[9],"Snecko Eye":[232,245,249,230],"Tiny Chest":1,"Prayer Wheel":0,"Art of War":[55],"obtain_stats":[{"Lantern":48,"Inserter":40,"Dead Branch":39,"Vajra":40,"Oddly Smooth Stone":55,"Eternal Feather":26,"Orichalcum":23,"War Paint":31,"FrozenCore":34,"DataDisk":9,"Bottled Flame":42,"Centennial Puzzle":46,"Shuriken":6,"Snecko Eye":17,"Tiny Chest":25,"Prayer Wheel":47,"Art of War":0,"Cracked Core":0,"Toy Ornithopter":45},{"Lantern":26,"Inserter":22,"Dead Branch":21,"Vajra":22,"Oddly Smooth Stone":29,"Eternal Feather":13,"Orichalcum":12,"War Paint":17,"FrozenCore":18,"DataDisk":4,"Bottled Flame":24,"Centennial Puzzle":25,"Shuriken":4,"Snecko Eye":8,"Tiny Chest":13,"Prayer Wheel":26,"Art of War":0,"Cracked Core":0,"Toy Ornithopter":25},{"Lantern":138,"Inserter":102,"Dead Branch":101,"Vajra":108,"Oddly Smooth Stone":183,"Eternal Feather":61,"Orichalcum":56,"War Paint":75,"FrozenCore":85,"DataDisk":15,"Bottled Flame":124,"Centennial Puzzle":131,"Shuriken":15,"Snecko Eye":37,"Tiny Chest":61,"Prayer Wheel":138,"Art of War":0,"Cracked Core":0,"Toy Ornithopter":131}],"Toy Ornithopter":10},"card_choices":[{"not_picked":["Compile Driver","Turbo"],"picked":"Melter","floor":1.0},{"not_picked":["Barrage","Coolheaded"],"picked":"Cold Snap","floor":2.0},{"not_picked":["Hologram","Force Field"],"picked":"Ball Lightning","floor":3.0},{"not_picked":["Reboot","Compile Driver"],"picked":"Defragment","floor":6.0},{"not_picked":["Hologram","Rebound","Aggregate"],"picked":"SKIP","floor":10.0},{"not_picked":["Barrage","Redo"],"picked":"Self Repair","floor":12.0},{"not_picked":["Streamline","Hologram"],"picked":"Glacier","floor":14.0},{"not_picked":["Buffer","Machine Learning"],"picked":"Electrodynamics","floor":16.0},{"not_picked":["Consume","Barrage"],"picked":"Conserve Battery","floor":18.0},{"not_picked":["Leap","Go for the Eyes"],"picked":"Ball Lightning","floor":19.0},{"not_picked":["Hologram","Barrage+1"],"picked":"Chill","floor":20.0},{"not_picked":["Leap","Rebound"],"picked":"Biased Cognition","floor":23.0},{"not_picked":["Ball Lightning","Static Discharge"],"picked":"Capacitor+1","floor":25.0},{"not_picked":["Conserve Battery","White Noise"],"picked":"Turbo","floor":28.0},{"not_picked":["Barrage","Melter","Streamline"],"picked":"SKIP","floor":29.0},{"not_picked":["Sweeping Beam","Barrage","Skim+1"],"picked":"SKIP","floor":30.0},{"not_picked":["Chill","Go for the Eyes"],"picked":"Undo+1","floor":31.0},{"not_picked":["Seek","Hyperbeam"],"picked":"Amplify","floor":33.0},{"not_picked":["Recycle","Cold Snap+1"],"picked":"Undo+1","floor":35.0},{"not_picked":["Sweeping Beam","Reprogram"],"picked":"Aggregate","floor":37.0},{"not_picked":["Darkness+1","Steam"],"picked":"Coolheaded+1","floor":40.0},{"not_picked":["Hello World+1","Conserve Battery","Capacitor"],"picked":"SKIP","floor":41.0},{"not_picked":["Hologram","Redo"],"picked":"Auto Shields","floor":42.0},{"not_picked":["BootSequence","Double Energy+1"],"picked":"Loop","floor":45},{"not_picked":["Skim","Reprogram+1"],"picked":"Defragment","floor":47},{"not_picked":["Double Energy","Steam+1"],"picked":"Coolheaded+1","floor":55}],"player_experience":1073531,"relics_obtained":[{"floor":6.0,"key":"Shuriken"},{"floor":9.0,"key":"DataDisk"},{"floor":23.0,"key":"Orichalcum"},{"floor":25.0,"key":"Tiny Chest"},{"floor":26.0,"key":"Eternal Feather"},{"floor":31.0,"key":"War Paint"},{"floor":39.0,"key":"Dead Branch"},{"floor":40.0,"key":"Vajra"},{"floor":42.0,"key":"Bottled Flame"},{"floor":45,"key":"Toy Ornithopter"},{"floor":47,"key":"Prayer Wheel"},{"floor":48,"key":"Lantern"},{"floor":55,"key":"Oddly Smooth Stone"}],"event_choices":[{"damage_healed":0.0,"max_hp_gain":0.0,"max_hp_loss":0.0,"gold_gain":0.0,"event_name":"Shining Light","player_choice":"Entered Light","floor":4.0,"gold_loss":0.0,"damage_taken":21.0,"cards_upgraded":["Defend_B","Melter"]},{"damage_healed":0.0,"max_hp_gain":0.0,"max_hp_loss":0.0,"gold_gain":0.0,"cards_transformed":["Strike_B"],"event_name":"Living Wall","player_choice":"Change","floor":5.0,"gold_loss":0.0,"damage_taken":0.0,"cards_obtained":["Force Field"]},{"damage_healed":0.0,"max_hp_gain":0.0,"max_hp_loss":0.0,"gold_gain":0.0,"event_name":"Dead Adventurer","player_choice":"Searched \u00270\u0027 times","floor":7.0,"gold_loss":0.0,"damage_taken":0.0},{"damage_healed":0.0,"max_hp_gain":0.0,"max_hp_loss":0.0,"gold_gain":0.0,"event_name":"Vampires","player_choice":"Ignored","floor":21.0,"gold_loss":0.0,"damage_taken":0.0},{"damage_healed":0.0,"max_hp_gain":0.0,"max_hp_loss":0.0,"gold_gain":0.0,"event_name":"Tomb of Lord Red Mask","player_choice":"Ignored","floor":36.0,"gold_loss":0.0,"damage_taken":0.0},{"damage_healed":0.0,"max_hp_gain":0.0,"max_hp_loss":4.0,"gold_gain":0.0,"event_name":"Winding Halls","player_choice":"Max HP","floor":38.0,"gold_loss":0.0,"damage_taken":0.0},{"damage_healed":0.0,"max_hp_gain":0.0,"max_hp_loss":0.0,"gold_gain":0.0,"event_name":"MindBloom","player_choice":"Fight","floor":39.0,"gold_loss":0.0,"damage_taken":0.0}],"is_beta":false,"boss_relics":[{"not_picked":["Pandora\u0027s Box","Calling Bell"],"picked":"Snecko Eye"},{"not_picked":["Empty Cage","Inserter"],"picked":"FrozenCore"}],"items_purged_floors":[11,22,46],"is_endless":false,"potions_floor_spawned":[1,2,3,12,18,20,25,29,33,35,37,40,47],"killed_by":"The Heart","ascension_level":20}}