{"host":"9bcvatsnbq1a3xq4","time":1613069276,"event":{"mods":["BaseMod","Bestiary","Block Reminder","Highlight Path","Minty Spire (QoL Compilation)","Relic Stats"],"gold_per_floor":[118,118,129,129,129,156,167,167,167,194,212,240,255,283,283,283,283],"floor_reached":16,"language":"ENG","playtime":728,"items_purged":[],"score":290,"play_id":"6270ebff-abe7-4979-b593-97a590ddee84","local_time":"20210211194756","is_ascension_mode":true,"campfire_choices":[{"data":"Bash","floor":8,"key":"SMITH"},{"data":"Rage","floor":15,"key":"SMITH"}],"circlet_count":0,"master_deck":["AscendersBane","Strike_R","Strike_R","Strike_R","Strike_R","Defend_R","Defend_R","Defend_R","Defend_R","Bash+1","Anger","Pommel Strike","Metallicize","Brutality","Whirlwind","Hemokinesis","Rage+1","Carnage"],"relics":["Burning Blood","NeowsBlessing","InkBottle","Ancient Tea Set","Letter Opener","Blood Vial","Bag of Marbles","TungstenRod"],"acts_visited":["Exordium"],"potions_floor_usage":[12,14],"damage_taken":[{"damage":0,"enemies":"Jaw Worm","floor":1,"turns":1},{"damage":0,"enemies":"Small Slimes","floor":3,"turns":2},{"damage":0,"enemies":"3 Sentries","floor":6,"turns":1},{"damage":0,"enemies":"2 Louse","floor":7,"turns":3},{"damage":14,"enemies":"Looter","floor":11,"turns":4},{"damage":10,"enemies":"Gremlin Nob","floor":12,"turns":3},{"damage":22,"enemies":"Exordium Thugs","floor":13,"turns":6},{"damage":21,"enemies":"Lagavulin","floor":14,"turns":7},{"damage":46,"enemies":"Slime Boss","floor":16,"turns":8}],"seed_played":"2901205652603640879","potions_obtained":[{"floor":3,"key":"Swift Potion"},{"floor":6,"key":"SteroidPotion"},{"floor":11,"key":"DistilledChaos"}],"is_trial":false,"path_per_floor":["M","?","M","?","?","E","M","R","T","T","M","E","M","E","R","B"],"character_chosen":"IRONCLAD","items_purchased":[],"campfire_rested":0,"item_purchase_floors":[],"current_hp_per_floor":[74,63,69,62,62,68,74,74,74,74,67,65,51,38,38,0,0],"gold":283,"neow_bonus":"THREE_ENEMY_KILL","is_daily":false,"chose_seed":false,"campfire_upgraded":2,"win_rate":0.0,"timestamp":1613069276,"path_taken":["M","?","M","?","?","E","M","R","T","?","M","E","M","E","R","BOSS"],"items_purchased_type":[],"build_version":"2020-12-22","purchased_purges":0,"victory":false,"max_hp_per_floor":[75,75,75,75,75,75,75,75,75,75,75,75,75,75,75,75,75],"relic_stats":{"Blood Vial":9,"counters":[9,35],"Letter Opener":[0],"obtain_stats":[{"Blood Vial":10,"NeowsBlessing":0,"Bag of Marbles":12,"Letter Opener":9,"Ancient Tea Set":6,"Burning Blood":0,"InkBottle":2,"TungstenRod":14},{"Blood Vial":4,"NeowsBlessing":0,"Bag of Marbles":6,"Letter Opener":4,"Ancient Tea Set":3,"Burning Blood":0,"InkBottle":1,"TungstenRod":8},{"Blood Vial":7,"NeowsBlessing":0,"Bag of Marbles":14,"Letter Opener":7,"Ancient Tea Set":4,"Burning Blood":0,"InkBottle":1,"TungstenRod":27}],"Burning Blood":48,"InkBottle":[10],"TungstenRod":11},"card_choices":[{"not_picked":["Body Slam","Shrug It Off"],"picked":"Anger","floor":1},{"not_picked":["Armaments","Headbutt"],"picked":"Pommel Strike","floor":3},{"not_picked":["Heavy Blade","Dark Embrace"],"picked":"Metallicize","floor":6},{"not_picked":["Clothesline","Dropkick"],"picked":"Brutality","floor":7},{"not_picked":["Heavy Blade","Thunderclap"],"picked":"Whirlwind","floor":11},{"not_picked":["Burning Pact","Wild Strike"],"picked":"Hemokinesis","floor":12},{"not_picked":["True Grit","Flex"],"picked":"Rage","floor":13},{"not_picked":["Dark Embrace","Iron Wave"],"picked":"Carnage","floor":14}],"player_experience":841176,"relics_obtained":[{"floor":6,"key":"Ancient Tea Set"},{"floor":9,"key":"Letter Opener"},{"floor":10,"key":"Blood Vial"},{"floor":12,"key":"Bag of Marbles"},{"floor":14,"key":"TungstenRod"}],"event_choices":[{"damage_healed":0,"gold_gain":0,"player_choice":"Success","damage_taken":11,"relics_obtained":["InkBottle"],"max_hp_gain":0,"max_hp_loss":0,"event_name":"Scrap Ooze","floor":2,"gold_loss":0},{"cards_removed":["Strike_R"],"damage_healed":0,"gold_gain":0,"player_choice":"Card Removal","damage_taken":7,"max_hp_gain":0,"max_hp_loss":0,"event_name":"Golden Wing","floor":4,"gold_loss":0},{"damage_healed":0,"gold_gain":0,"player_choice":"Ignored","damage_taken":0,"max_hp_gain":0,"max_hp_loss":0,"event_name":"Liars Game","floor":5,"gold_loss":0}],"is_beta":false,"boss_relics":[],"items_purged_floors":[],"is_endless":false,"potions_floor_spawned":[3,6,11],"killed_by":"Slime Boss","ascension_level":20}}