{"host":"b6y7xm5pwpiq42ks","time":1613084533,"event":{"mods":["AchievementEnabler","BaseMod","Highlight Path","Minty Spire (QoL Compilation)","Permanent Neow","Quick Restart"],"gold_per_floor":[111,111,71,89,113,113,113,113,113,129,129,168,243,100,100,219,219,244,9,9,23,47,81,81,100,175,175,22,45,45,65,65,190,190,213,576,14,32,57,57,101,101,101,119,139,153,177,177,177,177,177],"floor_reached":50,"language":"ENG","playtime":2581,"items_purged":["Defend_P"],"score":644,"play_id":"3387e0ba-019b-47d1-8753-09cd41871ee1","local_time":"20210211150213","is_ascension_mode":false,"campfire_choices":[{"data":"CutThroughFate","floor":6.0,"key":"SMITH"},{"data":"Eruption","floor":8.0,"key":"SMITH"},{"floor":11.0,"key":"REST"},{"data":"WreathOfFlame","floor":15.0,"key":"SMITH"},{"floor":24.0,"key":"REST"},{"floor":30.0,"key":"REST"},{"floor":32.0,"key":"REST"},{"floor":40.0,"key":"REST"},{"floor":49,"key":"REST"}],"circlet_count":0,"master_deck":["Strike_P","Defend_P","Defend_P","Defend_P","Eruption+1","Vigilance","CutThroughFate+1","Injury","Consecrate","FlyingSleeves","WreathOfFlame+1","Crescendo","Swivel","Brilliance","FollowUp+1","Crescendo+1","JustLucky+1","CrushJoints","InnerPeace","Protect","CutThroughFate+1","SandsOfTime","PathToVictory","DeusExMachina","FearNoEvil","Wallop","Tantrum","Vault","EmptyMind","EmptyFist+1","FlurryOfBlows","Halt","Pray","LikeWater+1","BowlingBash+1","Swivel+1","Meditate+1","Conclude","EmptyBody+1","Writhe"],"relics":["HolyWater","Boot","Golden Idol","Ancient Tea Set","Pantograph","StoneCalendar","Astrolabe","Vajra","Ice Cream","Shuriken","MutagenicStrength","Medical Kit","Old Coin","Bottled Lightning","Mummified Hand","Letter Opener","Question Card"],"acts_visited":["Exordium","TheCity","TheBeyond"],"potions_floor_usage":[46],"damage_taken":[{"damage":2.0,"enemies":"2 Louse","floor":1.0,"turns":2.0},{"damage":7.0,"enemies":"Cultist","floor":4.0,"turns":3.0},{"damage":0.0,"enemies":"Small Slimes","floor":5.0,"turns":2.0},{"damage":12.0,"enemies":"Exordium Thugs","floor":10.0,"turns":3.0},{"damage":0.0,"enemies":"Gremlin Nob","floor":12.0,"turns":2.0},{"damage":66.0,"enemies":"The Guardian","floor":16.0,"turns":7.0},{"damage":34.0,"enemies":"Shell Parasite","floor":18.0,"turns":4.0},{"damage":0.0,"enemies":"Spheric Guardian","floor":21.0,"turns":1.0},{"damage":0.0,"enemies":"Cultist and Chosen","floor":22.0,"turns":4.0},{"damage":0.0,"enemies":"Gremlin Leader","floor":23.0,"turns":3.0},{"damage":23.0,"enemies":"Centurion and Healer","floor":25.0,"turns":4.0},{"damage":10.0,"enemies":"Chosen and Byrds","floor":29.0,"turns":2.0},{"damage":13.0,"enemies":"Snake Plant","floor":31.0,"turns":2.0},{"damage":0.0,"enemies":"Automaton","floor":33.0,"turns":3.0},{"damage":17.0,"enemies":"3 Shapes","floor":35.0,"turns":5.0},{"damage":11.0,"enemies":"Mind Bloom Boss Battle","floor":36.0,"turns":5.0},{"damage":16.0,"enemies":"Orb Walker","floor":38.0,"turns":3.0},{"damage":14.0,"enemies":"Jaw Worm Horde","floor":39.0,"turns":4.0},{"damage":45.0,"enemies":"Nemesis","floor":41.0,"turns":5.0},{"damage":0.0,"enemies":"Transient","floor":44.0,"turns":6.0},{"damage":0.0,"enemies":"Maw","floor":45.0,"turns":7.0},{"damage":3,"enemies":"4 Shapes","floor":46,"turns":2},{"damage":2,"enemies":"Writhing Mass","floor":47,"turns":3},{"damage":67,"enemies":"Time Eater","floor":50,"turns":4}],"seed_played":"9166189096988269864","potions_obtained":[{"floor":3.0,"key":"GamblersBrew"},{"floor":3.0,"key":"Ancient Potion"},{"floor":3.0,"key":"ColorlessPotion"},{"floor":5.0,"key":"StancePotion"},{"floor":16.0,"key":"Ambrosia"},{"floor":18.0,"key":"Fire Potion"},{"floor":25.0,"key":"AttackPotion"},{"floor":29.0,"key":"SteroidPotion"},{"floor":36.0,"key":"Strength Potion"},{"floor":38.0,"key":"Explosive Potion"},{"floor":44.0,"key":"Swift Potion"}],"is_trial":false,"path_per_floor":["M","?","?","M","M","R","?","R","T","M","R","E","?","$","R","B",null,"M","$","?","M","M","E","R","M","T","?","$","M","R","M","R","B",null,"M","?","$","M","M","R","E","?","T","M","M","M","M","?","R","B"],"character_chosen":"WATCHER","items_purchased":["Swivel","Vajra","InnerPeace","Protect","Medical Kit","Bottled Lightning","Mummified Hand","FlurryOfBlows","Halt"],"campfire_rested":6,"item_purchase_floors":[14,19,19,19,28,37,37,37,37],"current_hp_per_floor":[70,70,70,63,63,63,60,60,60,48,69,69,62,62,62,6,72,38,38,38,38,38,38,59,36,36,36,36,26,47,34,55,72,72,55,61,61,45,31,52,7,7,7,7,7,4,2,20,41,0,0],"gold":177,"neow_bonus":"RANDOM_COMMON_RELIC","is_daily":false,"chose_seed":false,"campfire_upgraded":3,"win_rate":0.0,"timestamp":1613084533,"path_taken":["M","?","?","?","M","R","?","R","T","M","R","E","?","$","R","BOSS","M","$","?","M","M","E","R","?","T","?","$","M","R","M","R","BOSS","M","?","$","M","M","R","E","?","T","M","M","M","M","?","R","BOSS"],"items_purchased_type":["Card","Relic","Card","Card","Relic","Relic","Relic","Card","Card"],"build_version":"2020-12-22","purchased_purges":1,"victory":false,"max_hp_per_floor":[72,72,72,72,72,72,72,72,72,72,72,72,72,72,72,72,72,72,72,72,72,72,72,72,72,72,72,72,72,72,72,72,72,72,72,72,72,72,72,72,72,72,72,72,72,72,72,72,72,72,72],"card_choices":[{"not_picked":["Consecrate","ThirdEye"],"picked":"CutThroughFate","floor":1.0},{"not_picked":["Halt","WindmillStrike"],"picked":"Consecrate","floor":4.0},{"not_picked":["Meditate","Swivel"],"picked":"FlyingSleeves","floor":5.0},{"not_picked":["Crescendo","Nirvana"],"picked":"WreathOfFlame","floor":10.0},{"not_picked":["Perseverance","Protect"],"picked":"Crescendo","floor":12.0},{"not_picked":["Omniscience","Scrawl"],"picked":"Brilliance","floor":16.0},{"not_picked":["PathToVictory","FlyingSleeves+1"],"picked":"CrushJoints","floor":18.0},{"not_picked":["Crescendo","JustLucky"],"picked":"SandsOfTime","floor":21.0},{"not_picked":["CutThroughFate","LikeWater"],"picked":"PathToVictory","floor":22.0},{"not_picked":["Study+1","Halt"],"picked":"DeusExMachina","floor":23.0},{"not_picked":["ReachHeaven+1","WheelKick"],"picked":"FearNoEvil","floor":25.0},{"not_picked":["CrushJoints","Vengeance"],"picked":"Wallop","floor":29.0},{"not_picked":["CutThroughFate","FollowUp+1"],"picked":"Tantrum","floor":31.0},{"not_picked":["Omniscience","Judgement"],"picked":"Vault","floor":33.0},{"not_picked":["EmptyFist+1","EmptyBody+1"],"picked":"EmptyMind","floor":35.0},{"not_picked":["BowlingBash","FollowUp+1"],"picked":"EmptyFist+1","floor":36.0},{"not_picked":["Swivel+1","Conclude"],"picked":"Pray","floor":38.0},{"not_picked":["Consecrate+1","Collect"],"picked":"LikeWater+1","floor":39.0},{"not_picked":["CutThroughFate+1","InnerPeace+1"],"picked":"BowlingBash+1","floor":41.0},{"not_picked":["WindmillStrike","CrushJoints","BowlingBash+1"],"picked":"Swivel+1","floor":44.0},{"not_picked":["EmptyBody","ThirdEye+1","Brilliance"],"picked":"Meditate+1","floor":45.0},{"not_picked":["EmptyFist+1","InnerPeace","WheelKick+1"],"picked":"Conclude","floor":46},{"not_picked":["FlurryOfBlows","Sanctity","Conclude"],"picked":"EmptyBody+1","floor":47}],"player_experience":162430,"relics_obtained":[{"floor":9.0,"key":"Pantograph"},{"floor":12.0,"key":"StoneCalendar"},{"floor":23.0,"key":"Ice Cream"},{"floor":26.0,"key":"Shuriken"},{"floor":36.0,"key":"Old Coin"},{"floor":41.0,"key":"Letter Opener"},{"floor":43.0,"key":"Question Card"}],"event_choices":[{"damage_healed":0.0,"max_hp_gain":0.0,"max_hp_loss":0.0,"gold_gain":0.0,"event_name":"Golden Idol","player_choice":"Take Wound","floor":2.0,"gold_loss":0.0,"damage_taken":0.0,"relics_obtained":["Golden Idol"],"cards_obtained":["Injury"]},{"damage_healed":0.0,"max_hp_gain":0.0,"max_hp_loss":0.0,"gold_gain":0.0,"event_name":"The Woman in Blue","player_choice":"Bought 3 Potions","floor":3.0,"gold_loss":0.0,"damage_taken":0.0},{"damage_healed":0.0,"max_hp_gain":0.0,"max_hp_loss":0.0,"gold_gain":0.0,"event_name":"Scrap Ooze","player_choice":"Success","floor":7.0,"gold_loss":0.0,"damage_taken":3.0,"relics_obtained":["Ancient Tea Set"]},{"damage_healed":0.0,"max_hp_gain":0.0,"max_hp_loss":0.0,"gold_gain":75.0,"event_name":"FaceTrader","player_choice":"Touch","floor":13.0,"gold_loss":0.0,"damage_taken":7.0},{"damage_healed":0.0,"max_hp_gain":0.0,"max_hp_loss":0.0,"gold_gain":0.0,"event_name":"Duplicator","player_choice":"Copied","floor":20.0,"gold_loss":0.0,"damage_taken":0.0,"cards_obtained":["CutThroughFate"]},{"damage_healed":0.0,"max_hp_gain":0.0,"max_hp_loss":0.0,"gold_gain":0.0,"event_name":"Drug Dealer","player_choice":"Inject Mutagens","floor":27.0,"gold_loss":0.0,"damage_taken":0.0,"relics_obtained":["MutagenicStrength"]},{"damage_healed":0.0,"max_hp_gain":0.0,"max_hp_loss":0.0,"gold_gain":0.0,"event_name":"MindBloom","player_choice":"Fight","floor":36.0,"gold_loss":0.0,"damage_taken":0.0},{"damage_healed":0.0,"max_hp_gain":0.0,"max_hp_loss":0.0,"gold_gain":0.0,"event_name":"The Moai Head","player_choice":"Ignored","floor":42.0,"gold_loss":0.0,"damage_taken":0.0},{"damage_healed":18,"gold_gain":0,"player_choice":"Writhe","damage_taken":0,"max_hp_gain":0,"max_hp_loss":0,"event_name":"Winding Halls","floor":48,"gold_loss":0,"cards_obtained":["Writhe"]}],"is_beta":false,"boss_relics":[{"not_picked":["Velvet Choker","Cursed Key"],"picked":"Astrolabe"},{"not_picked":["SlaversCollar","Coffee Dripper"],"picked":"HolyWater"}],"items_purged_floors":[14],"is_endless":false,"potions_floor_spawned":[5,16,18,25,29,36,38,44],"killed_by":"Time Eater","ascension_level":0}}