{"host":"j5j96s76v36ug78u","time":1613040499,"event":{"mods":["BaseMod","Better Third Choice","Hermit","Highlight Path","JesterMod","Jorbs\u0027s Wanderer Trilogy","Marisa????????","Minty Spire (QoL Compilation)","Onozuka Komachi Mod","Potion Indicator Mod","Reliquary","Robot Space Explorer","StSLib","The Animator","The Blue Laboratory","The Bug Knight","The Clintock","The Cursed","The Hayseed","The Marked","The Spell Scribe","The Valiant"],"gold_per_floor":[114,89,106,31,31,78,92,108,135,155,120,147,165,204,204,330,330,354,354,373,395,418,426,426],"floor_reached":23,"language":"ENG","playtime":3204,"items_purged":["animator:Defend"],"score":267,"play_id":"d288874b-a54d-4213-b45d-c229296e47b6","local_time":"20210211074819","is_ascension_mode":true,"campfire_choices":[{"data":"animator:AcuraShin","floor":15,"key":"SMITH"}],"circlet_count":0,"master_deck":["animator:Strike_HitsugiNoChaika","animator:Defend_HitsugiNoChaika","animator:Strike","animator:Strike","animator:Strike","animator:Defend","animator:Defend","animator:AcuraAkari+1","animator:Gillette","animator:Ara","animator:Fredrika","animator:Layla","animator:DolaStephanie","animator:AcuraTooru","animator:AcuraShin+1","animator:Chris","animator:ChaikaTrabant","animator:Guy","animator:Tyuule+1","animator:AcuraShin","animator:Guy"],"relics":["animator:LivingPicture","animator:TheMissingPiece","animator:PurgingStone","NeowsBlessing","betterThird:SlimedRelic","Paper Frog","animator:ShionDessert","reliquary:OuijaBoard","reliquary:RedCape"],"acts_visited":["Exordium","TheCity"],"potions_floor_usage":[13,16,23,23],"damage_taken":[{"damage":0,"enemies":"2 Louse","floor":1,"turns":1},{"damage":0,"enemies":"Jaw Worm","floor":3,"turns":1},{"damage":0,"enemies":"Gremlin Nob","floor":6,"turns":1},{"damage":0,"enemies":"Cultist","floor":7,"turns":2},{"damage":11,"enemies":"3 Louse","floor":8,"turns":4},{"damage":13,"enemies":"Large Slime","floor":10,"turns":4},{"damage":0,"enemies":"Exordium Wildlife","floor":12,"turns":3},{"damage":0,"enemies":"2 Fungi Beasts","floor":13,"turns":3},{"damage":29,"enemies":"3 Sentries","floor":14,"turns":7},{"damage":7,"enemies":"Slime Boss","floor":16,"turns":6},{"damage":11,"enemies":"3 Byrds","floor":18,"turns":4},{"damage":0,"enemies":"Spheric Guardian","floor":20,"turns":2},{"damage":18,"enemies":"Cultist and Chosen","floor":21,"turns":4},{"damage":8,"enemies":"Snake Plant","floor":22,"turns":3},{"damage":40,"enemies":"Gremlin Leader","floor":23,"turns":5}],"seed_played":"4946853341443885020","potions_obtained":[{"floor":3,"key":"EssenceOfSteel"},{"floor":8,"key":"blueLaboratory:FruitPreserves"},{"floor":10,"key":"blueLaboratory:HeartbeatPotion"},{"floor":14,"key":"Fire Potion"},{"floor":18,"key":"blueLaboratory:BottledHope"},{"floor":22,"key":"Dexterity Potion"}],"is_trial":false,"path_per_floor":["M","?","M","$","?","E","M","M","T","M","?","M","M","E","R","B",null,"M","?","M","M","M","E"],"character_chosen":"THE_ANIMATOR","items_purchased":[],"campfire_rested":0,"item_purchase_floors":[],"current_hp_per_floor":[66,55,55,55,55,55,56,45,45,32,48,48,49,20,20,13,68,59,46,46,28,20,0,0],"gold":426,"neow_bonus":"THREE_ENEMY_KILL","is_daily":false,"chose_seed":false,"campfire_upgraded":1,"win_rate":0.0,"timestamp":1613040499,"path_taken":["M","?","M","$","?","E","M","M","T","?","?","M","M","E","R","BOSS","M","?","M","M","M","E"],"items_purchased_type":[],"build_version":"2020-12-22","purchased_purges":1,"victory":false,"max_hp_per_floor":[66,66,66,66,66,66,67,67,67,67,67,67,68,68,68,68,68,70,75,75,75,75,75,75],"card_choices":[{"not_picked":["animator:IrohaTamaki","animator:Mitsuba"],"picked":"animator:Ara","floor":1},{"not_picked":["animator:Priestess","animator:DolaSchwi","animator:DolaStephanie"],"picked":"SKIP","floor":3},{"not_picked":["animator:Tyuule","animator:Tet"],"picked":"animator:Fredrika","floor":6},{"not_picked":["animator:Guy","animator:Gillette"],"picked":"animator:Layla","floor":7},{"not_picked":["animator:Tyuule","animator:Hakurou","animator:Megumin"],"picked":"SKIP","floor":8},{"not_picked":["animator:KyokoSakura","animator:Ciel"],"picked":"animator:DolaStephanie","floor":10},{"not_picked":["animator:Aisha","animator:Shinoa"],"picked":"animator:AcuraTooru","floor":12},{"not_picked":["animator:Fredrika","animator:Viivi"],"picked":"animator:AcuraShin","floor":13},{"not_picked":["animator:Verdia","animator:Arpeggio"],"picked":"animator:Chris","floor":14},{"not_picked":["animator:Guren","animator:Eris"],"picked":"animator:ChaikaTrabant","floor":16},{"not_picked":["animator:Shigure","animator:Vanir"],"picked":"animator:Guy","floor":18},{"not_picked":["animator:SuzuneAmano","animator:Hakurou"],"picked":"animator:Tyuule+1","floor":20},{"not_picked":["animator:ChaikaBohdan","animator:AcuraTooru"],"picked":"animator:AcuraShin","floor":21},{"not_picked":["animator:Sora","animator:Arpeggio"],"picked":"animator:Guy","floor":22}],"player_experience":204230,"relics_obtained":[{"floor":6,"key":"Paper Frog"},{"floor":9,"key":"animator:ShionDessert"},{"floor":14,"key":"reliquary:OuijaBoard"}],"event_choices":[{"damage_healed":0,"gold_gain":0,"player_choice":"Slimed","damage_taken":11,"max_hp_gain":0,"max_hp_loss":0,"event_name":"betterThird:BetterGoop","floor":2,"gold_loss":25},{"damage_healed":0,"gold_gain":0,"player_choice":"Upgraded","damage_taken":0,"max_hp_gain":0,"max_hp_loss":0,"event_name":"Upgrade Shrine","floor":5,"gold_loss":0,"cards_upgraded":["animator:AcuraAkari"]},{"damage_healed":16,"gold_gain":0,"player_choice":"Healed","damage_taken":0,"max_hp_gain":0,"max_hp_loss":0,"event_name":"The Cleric","floor":11,"gold_loss":35},{"damage_healed":0,"gold_gain":0,"player_choice":"Shed Blood","damage_taken":18,"max_hp_gain":5,"max_hp_loss":0,"event_name":"Forgotten Altar","floor":19,"gold_loss":0}],"is_beta":false,"boss_relics":[{"not_picked":["Philosopher\u0027s Stone","Astrolabe"],"picked":"reliquary:RedCape"}],"items_purged_floors":[4],"is_endless":false,"potions_floor_spawned":[3,8,10,14,18,22],"killed_by":"Gremlin Leader","ascension_level":3}}