{"host":"403lw4pvxm1dv9ca","time":1613018744,"event":{"mods":["AchievementEnabler","BaseMod","Colored Map","Colored Powertips","Minty Spire (QoL Compilation)","Permanent Neow","Quick Restart"],"gold_per_floor":[118,118,139,160,181,181,214,214,214,245,245,261,261,275,275,405,405,424,440,108,108,131,131,131],"floor_reached":23,"language":"ENG","playtime":1011,"items_purged":["Strike_R"],"score":254,"play_id":"fec8608c-c4f0-4f42-9b96-f5d85e43ad77","local_time":"20210210224544","is_ascension_mode":true,"campfire_choices":[{"data":"Heavy Blade","floor":6.0,"key":"SMITH"},{"floor":8.0,"key":"REST"},{"data":"Whirlwind","floor":11.0,"key":"SMITH"},{"data":"Demon Form","floor":13.0,"key":"SMITH"},{"floor":15.0,"key":"REST"}],"circlet_count":0,"master_deck":["Strike_R","Strike_R","Defend_R","Defend_R","Defend_R","Defend_R","Bash","Demon Form+1","Flex","Whirlwind+1","Heavy Blade+1","Battle Trance","Limit Break","Shrug It Off","Flex+1"],"relics":["Burning Blood","Golden Idol","Juzu Bracelet","Regal Pillow","Question Card","Empty Cage","Toxic Egg 2","Enchiridion"],"acts_visited":["Exordium","TheCity"],"potions_floor_usage":[],"damage_taken":[{"damage":28.0,"enemies":"Jaw Worm","floor":1.0,"turns":4.0},{"damage":4.0,"enemies":"Small Slimes","floor":3.0,"turns":3.0},{"damage":20.0,"enemies":"2 Louse","floor":4.0,"turns":3.0},{"damage":13.0,"enemies":"Red Slaver","floor":5.0,"turns":5.0},{"damage":20.0,"enemies":"Lagavulin","floor":7.0,"turns":5.0},{"damage":10.0,"enemies":"3 Sentries","floor":10.0,"turns":2.0},{"damage":16.0,"enemies":"Blue Slaver","floor":12.0,"turns":4.0},{"damage":0.0,"enemies":"3 Louse","floor":14.0,"turns":1.0},{"damage":20.0,"enemies":"Slime Boss","floor":16.0,"turns":7.0},{"damage":33.0,"enemies":"2 Thieves","floor":18.0,"turns":3.0},{"damage":0.0,"enemies":"3 Byrds","floor":19.0,"turns":5.0},{"damage":11.0,"enemies":"Snake Plant","floor":22.0,"turns":2.0},{"damage":26,"enemies":"Slavers","floor":23,"turns":2}],"seed_played":"-3285505271586022810","potions_obtained":[{"floor":3.0,"key":"BlessingOfTheForge"},{"floor":5.0,"key":"BloodPotion"},{"floor":10.0,"key":"BlessingOfTheForge"},{"floor":12.0,"key":"CultistPotion"},{"floor":19.0,"key":"DistilledChaos"}],"is_trial":false,"path_per_floor":["M","?","M","M","M","R","E","R","T","E","R","M","R","M","R","B",null,"M","M","$","?","M","E"],"character_chosen":"IRONCLAD","items_purchased":["Toxic Egg 2"],"campfire_rested":2,"item_purchase_floors":[20],"current_hp_per_floor":[50,32,34,20,27,27,13,34,34,30,30,20,20,26,62,48,66,39,45,45,29,24,0,0],"gold":131,"neow_bonus":"THREE_RARE_CARDS","is_daily":false,"chose_seed":false,"campfire_upgraded":3,"win_rate":0.0,"timestamp":1613018744,"path_taken":["M","?","M","M","M","R","E","R","T","E","R","M","R","M","R","BOSS","M","M","$","?","M","E"],"items_purchased_type":["Relic"],"build_version":"2020-12-22","purchased_purges":1,"victory":false,"max_hp_per_floor":[72,72,72,72,72,72,72,72,72,72,72,72,72,72,72,72,72,72,72,72,72,72,72,72],"card_choices":[{"not_picked":["Limit Break","Brutality"],"picked":"Demon Form","floor":0.0},{"not_picked":["Clothesline","Body Slam"],"picked":"Flex","floor":1.0},{"not_picked":["Sentinel","Inflame"],"picked":"Whirlwind","floor":3.0},{"not_picked":["Wild Strike","Metallicize","Sever Soul"],"picked":"SKIP","floor":4.0},{"not_picked":["Flex","Fire Breathing"],"picked":"Heavy Blade","floor":5.0},{"not_picked":["Metallicize","Havoc"],"picked":"Battle Trance","floor":7.0},{"not_picked":["Armaments","Blood for Blood","Bloodletting"],"picked":"SKIP","floor":10.0},{"not_picked":["Clothesline","Flex","Warcry","Heavy Blade"],"picked":"SKIP","floor":12.0},{"not_picked":["Reckless Charge","Metallicize","Entrench","Blood for Blood"],"picked":"SKIP","floor":14.0},{"not_picked":["Juggernaut","Berserk","Corruption"],"picked":"Limit Break","floor":16.0},{"not_picked":["Twin Strike","Perfected Strike","Cleave+1"],"picked":"Shrug It Off","floor":18.0},{"not_picked":["Sever Soul","Anger","Carnage+1","Sword Boomerang+1"],"picked":"SKIP","floor":19.0},{"not_picked":["Sword Boomerang","Shockwave+1","Reckless Charge"],"picked":"Flex+1","floor":22.0}],"player_experience":159312,"relics_obtained":[{"floor":7.0,"key":"Juzu Bracelet"},{"floor":9.0,"key":"Regal Pillow"},{"floor":10.0,"key":"Question Card"},{"floor":21.0,"key":"Enchiridion"}],"event_choices":[{"damage_healed":0.0,"max_hp_gain":0.0,"max_hp_loss":0.0,"gold_gain":0.0,"event_name":"Golden Idol","player_choice":"Take Damage","floor":2.0,"gold_loss":0.0,"damage_taken":18.0,"relics_obtained":["Golden Idol"]},{"damage_healed":0.0,"max_hp_gain":0.0,"max_hp_loss":0.0,"gold_gain":0.0,"event_name":"Cursed Tome","player_choice":"Obtained Book","floor":21.0,"gold_loss":0.0,"damage_taken":16.0}],"is_beta":false,"boss_relics":[{"not_picked":["Black Blood","Runic Pyramid"],"picked":"Empty Cage"}],"items_purged_floors":[20],"is_endless":false,"potions_floor_spawned":[3,5,10,12,19],"killed_by":"Slavers","ascension_level":5}}