{"host":"kg61lsvem4dxoat8","time":1613020186,"event":{"mods":["AchievementEnabler","BaseMod","Better Altar","Better Match","Better Sensory Stone","Better Skull","Block Reminder","Highlight Path","Minty Spire (QoL Compilation)","Quick Restart","Rare Cards Sparkle","Relic Sorter","Relic Stats","StSLib","Synergy Search","slay the spire mod where everything is the same but ironclad has a cowboy hat"],"gold_per_floor":[114,39,58,8,8,37,51,51,51,61,61,77,77,108,108,248,248,262,262,278,278,278],"floor_reached":21,"language":"ENG","playtime":538,"items_purged":["Strike_R"],"score":321,"play_id":"ee0be9ce-caa2-4bbf-a487-3c62fb62d64f","local_time":"20210211130946","is_ascension_mode":true,"campfire_choices":[{"data":"Spot Weakness","floor":8,"key":"SMITH"},{"data":"Flame Barrier","floor":11,"key":"SMITH"},{"data":"Sword Boomerang","floor":15,"key":"SMITH"}],"circlet_count":0,"master_deck":["AscendersBane","Strike_R","Strike_R","Strike_R","Defend_R","Defend_R","Defend_R","Defend_R","Bash","Twin Strike","Spot Weakness+1","Flame Barrier+1","Sword Boomerang+1","Battle Trance","Limit Break"],"relics":["Burning Blood","NeowsBlessing","Darkstone Periapt","White Beast Statue","Golden Idol","CeramicFish","SacredBark","GremlinMask"],"acts_visited":["Exordium","TheCity"],"potions_floor_usage":[10,14,21,21,21],"damage_taken":[{"damage":0,"enemies":"Cultist","floor":1,"turns":1},{"damage":0,"enemies":"Jaw Worm","floor":3,"turns":1},{"damage":0,"enemies":"3 Sentries","floor":6,"turns":2},{"damage":3,"enemies":"2 Louse","floor":7,"turns":3},{"damage":8,"enemies":"Lots of Slimes","floor":10,"turns":4},{"damage":6,"enemies":"2 Fungi Beasts","floor":12,"turns":4},{"damage":8,"enemies":"Lagavulin","floor":14,"turns":5},{"damage":34,"enemies":"The Guardian","floor":16,"turns":10},{"damage":10,"enemies":"3 Byrds","floor":18,"turns":4},{"damage":35,"enemies":"Chosen","floor":20,"turns":6},{"damage":36,"enemies":"3 Cultists","floor":21,"turns":4}],"seed_played":"-5120803545935054576","potions_obtained":[{"floor":1,"key":"Block Potion"},{"floor":3,"key":"SpeedPotion"},{"floor":10,"key":"Ancient Potion"},{"floor":12,"key":"AttackPotion"},{"floor":14,"key":"Ancient Potion"},{"floor":16,"key":"Dexterity Potion"},{"floor":20,"key":"PowerPotion"}],"is_trial":false,"path_per_floor":["M","$","M","?","$","E","M","R","T","M","R","M","?","E","R","B",null,"M","?","M","M"],"character_chosen":"IRONCLAD","items_purchased":[],"campfire_rested":0,"item_purchase_floors":[],"current_hp_per_floor":[78,78,80,80,80,80,80,80,80,78,78,78,74,72,72,44,67,63,63,34,0,0],"gold":278,"neow_bonus":"THREE_ENEMY_KILL","is_daily":false,"chose_seed":false,"campfire_upgraded":3,"win_rate":0.0,"timestamp":1613020186,"path_taken":["M","$","?","?","$","E","M","R","T","M","R","M","?","E","R","BOSS","M","?","?","M"],"items_purchased_type":[],"build_version":"2020-12-22","purchased_purges":1,"victory":false,"max_hp_per_floor":[80,80,80,80,80,80,80,80,80,80,80,80,74,74,74,74,74,74,74,74,74,74],"relic_stats":{"Darkstone Periapt":0,"counters":[11,44],"Golden Idol":38,"CeramicFish":9,"obtain_stats":[{"Darkstone Periapt":6,"NeowsBlessing":0,"Golden Idol":13,"CeramicFish":14,"SacredBark":17,"GremlinMask":19,"Burning Blood":0,"White Beast Statue":9},{"Darkstone Periapt":3,"NeowsBlessing":0,"Golden Idol":6,"CeramicFish":7,"SacredBark":8,"GremlinMask":9,"Burning Blood":0,"White Beast Statue":4},{"Darkstone Periapt":4,"NeowsBlessing":0,"Golden Idol":15,"CeramicFish":20,"SacredBark":30,"GremlinMask":34,"Burning Blood":0,"White Beast Statue":7}],"Burning Blood":47},"card_choices":[{"not_picked":["Rage","Armaments"],"picked":"Twin Strike","floor":1},{"not_picked":["Blood for Blood","Iron Wave"],"picked":"Spot Weakness","floor":3},{"not_picked":["Pummel","Blood for Blood"],"picked":"Flame Barrier","floor":6},{"not_picked":["Blood for Blood","Rage"],"picked":"Sword Boomerang","floor":7},{"not_picked":["Seeing Red","Dark Embrace"],"picked":"Battle Trance","floor":10},{"not_picked":["Armaments","Seeing Red","Sever Soul"],"picked":"SKIP","floor":12},{"not_picked":["Cleave","Rage","Anger"],"picked":"SKIP","floor":14},{"not_picked":["Exhume","Bludgeon"],"picked":"Limit Break","floor":16},{"not_picked":["Clothesline","Shockwave","Whirlwind"],"picked":"SKIP","floor":18},{"not_picked":["Flex","Second Wind","Warcry"],"picked":"SKIP","floor":20}],"player_experience":1461585,"relics_obtained":[{"floor":6,"key":"Darkstone Periapt"},{"floor":9,"key":"White Beast Statue"},{"floor":14,"key":"CeramicFish"}],"event_choices":[{"cards_removed":["Strike_R"],"damage_healed":0,"gold_gain":0,"player_choice":"Card Removal","damage_taken":0,"max_hp_gain":0,"max_hp_loss":0,"event_name":"The Cleric","floor":4,"gold_loss":50},{"damage_healed":0,"gold_gain":0,"player_choice":"Lose Max HP","damage_taken":0,"relics_obtained":["Golden Idol"],"max_hp_gain":0,"max_hp_loss":6,"event_name":"Golden Idol","floor":13,"gold_loss":0},{"damage_healed":0,"gold_gain":0,"player_choice":"Trade","damage_taken":0,"relics_obtained":["GremlinMask"],"max_hp_gain":0,"max_hp_loss":0,"event_name":"FaceTrader","floor":19,"gold_loss":0}],"is_beta":false,"boss_relics":[{"not_picked":["Black Star","Mark of Pain"],"picked":"SacredBark"}],"items_purged_floors":[2],"is_endless":false,"potions_floor_spawned":[1,3,10,12,14,16,18,20],"killed_by":"3 Cultists","ascension_level":10}}