{"host":"8nctav4lo34mnono","time":1613082078,"event":{"mods":["BaseMod","Bestiary","Highlight Path","Minty Spire (QoL Compilation)","Relic Stats","Slay the Relics Exporter"],"gold_per_floor":[137,11,27,65,65,117,117,192,271,306,318,374,117,181,181,311,311,351,351,362,0,0,0,54,82,109,109,137,137,137,157,157,257,307,347,377,10,10,20,20,30,30,57,70,104,122,132,354,354,354,354],"floor_reached":50,"language":"ENG","playtime":2231,"items_purged":["Decay","Pain","Strike_R"],"score":893,"play_id":"cec32a80-7854-4aa2-9f93-13c53b862ab3","local_time":"20210211222118","is_ascension_mode":true,"campfire_choices":[{"data":"Bash","floor":7.0,"key":"SMITH"},{"floor":15.0,"key":"REST"},{"data":"Dark Shackles","floor":23.0,"key":"SMITH"},{"floor":27.0,"key":"REST"},{"data":"Whirlwind","floor":29.0,"key":"SMITH"},{"data":"Disarm","floor":32.0,"key":"SMITH"},{"floor":40.0,"key":"REST"},{"floor":49.0,"key":"REST"}],"circlet_count":0,"master_deck":["AscendersBane","Strike_R","Defend_R","Defend_R","Bash+1","HandOfGreed","Wild Strike","Spot Weakness","Clothesline","Shockwave","Whirlwind+1","Flex+1","Reaper","Seeing Red+1","Immolate+1","Disarm+1","Dark Shackles+1","Spot Weakness","Heavy Blade","Offering","Flame Barrier","Juggernaut","Demon Form"],"relics":["Burning Blood","WarpedTongs","Ice Cream","Pen Nib","Paper Frog","Blood Vial","Regal Pillow","Mummified Hand","Astrolabe","Frozen Eye","Red Mask","Du-Vu Doll","Bronze Scales","The Courier","Tiny House","Bag of Marbles","CaptainsWheel"],"acts_visited":["Exordium","TheCity","TheBeyond"],"potions_floor_usage":[50,50],"damage_taken":[{"damage":10.0,"enemies":"Cultist","floor":1.0,"turns":4.0},{"damage":0.0,"enemies":"2 Louse","floor":3.0,"turns":2.0},{"damage":5.0,"enemies":"Small Slimes","floor":4.0,"turns":3.0},{"damage":24.0,"enemies":"Lagavulin","floor":6.0,"turns":6.0},{"damage":21.0,"enemies":"3 Sentries","floor":8.0,"turns":6.0},{"damage":37.0,"enemies":"Gremlin Nob","floor":10.0,"turns":5.0},{"damage":25.0,"enemies":"Exordium Thugs","floor":11.0,"turns":3.0},{"damage":4.0,"enemies":"3 Louse","floor":12.0,"turns":7.0},{"damage":11.0,"enemies":"Lagavulin Event","floor":14.0,"turns":3.0},{"damage":23.0,"enemies":"The Guardian","floor":16.0,"turns":10.0},{"damage":13.0,"enemies":"3 Byrds","floor":18.0,"turns":3.0},{"damage":14.0,"enemies":"2 Thieves","floor":20.0,"turns":2.0},{"damage":14.0,"enemies":"Masked Bandits","floor":24.0,"turns":3.0},{"damage":44.0,"enemies":"Book of Stabbing","floor":25.0,"turns":6.0},{"damage":9.0,"enemies":"Gremlin Leader","floor":28.0,"turns":5.0},{"damage":12.0,"enemies":"Snake Plant","floor":31.0,"turns":4.0},{"damage":48.0,"enemies":"Collector","floor":33.0,"turns":8.0},{"damage":21.0,"enemies":"3 Darklings","floor":35.0,"turns":3.0},{"damage":44.0,"enemies":"3 Shapes","floor":36.0,"turns":3.0},{"damage":13.0,"enemies":"Maw","floor":39.0,"turns":6.0},{"damage":6.0,"enemies":"Jaw Worm Horde","floor":41.0,"turns":1.0},{"damage":0.0,"enemies":"3 Darklings","floor":44.0,"turns":1.0},{"damage":34.0,"enemies":"Sphere and 2 Shapes","floor":45.0,"turns":4.0},{"damage":11.0,"enemies":"Maw","floor":46.0,"turns":6.0},{"damage":76.0,"enemies":"Transient","floor":47.0,"turns":5.0},{"damage":102,"enemies":"Awakened One","floor":50,"turns":9}],"seed_played":"-7725101018936039043","potions_obtained":[{"floor":3.0,"key":"SpeedPotion"},{"floor":4.0,"key":"FearPotion"},{"floor":8.0,"key":"PowerPotion"},{"floor":10.0,"key":"BloodPotion"},{"floor":11.0,"key":"Fire Potion"},{"floor":18.0,"key":"Weak Potion"},{"floor":25.0,"key":"Block Potion"},{"floor":34.0,"key":"FearPotion"},{"floor":36.0,"key":"GamblersBrew"}],"is_trial":false,"path_per_floor":["M","$","M","M","?","E","R","E","T","E","M","M","$","?","R","B",null,"M","?","M","$","?","R","?","E","T","R","E","R","?","M","R","B",null,"M","M","$","?","M","R","M","?","T","M","M","M","M","?","R","B"],"character_chosen":"IRONCLAD","items_purchased":["AttackPotion","Regal Pillow","Frozen Eye","Dark Shackles","Bag of Marbles","CaptainsWheel"],"campfire_rested":4,"item_purchase_floors":[2,13,21,21,37,37],"current_hp_per_floor":[68,68,74,75,75,57,57,42,42,11,10,14,14,11,50,35,69,64,64,58,58,58,58,52,31,31,70,80,80,80,74,74,42,76,63,45,45,45,50,85,85,85,85,85,72,77,9,9,49,0,0],"gold":354,"neow_bonus":"RANDOM_COLORLESS_2","is_daily":false,"chose_seed":false,"campfire_upgraded":4,"win_rate":0.0,"timestamp":1613082078,"path_taken":["M","$","?","M","?","E","R","E","T","E","?","M","$","?","R","BOSS","M","?","M","?","?","R","?","E","T","R","E","R","?","?","R","BOSS","M","M","$","?","M","R","M","?","T","?","M","?","M","?","R","BOSS"],"items_purchased_type":["Potion","Relic","Relic","Card","Relic","Relic"],"build_version":"2020-12-22","purchased_purges":3,"victory":false,"max_hp_per_floor":[80,80,80,80,80,80,80,80,80,80,80,80,80,80,80,80,80,80,80,80,80,80,80,80,80,80,80,80,80,80,80,80,80,85,85,85,85,85,85,85,85,85,85,85,85,85,85,85,85,85,85],"relic_stats":{"Blood Vial":32,"Regal Pillow":55,"counters":[26,118],"Mummified Hand":[1],"Astrolabe":["Seeing Red","Immolate","Perfected Strike"],"Bronze Scales":[146],"Pen Nib":[11],"obtain_stats":[{"Ice Cream":6,"Regal Pillow":13,"Tiny House":34,"Astrolabe":17,"Pen Nib":8,"The Courier":28,"Burning Blood":0,"WarpedTongs":5,"Blood Vial":10,"Du-Vu Doll":25,"Frozen Eye":21,"CaptainsWheel":37,"Mummified Hand":14,"Bronze Scales":26,"Red Mask":24,"Bag of Marbles":37,"Paper Frog":9},{"Ice Cream":4,"Regal Pillow":8,"Tiny House":17,"Astrolabe":10,"Pen Nib":5,"The Courier":15,"Burning Blood":0,"WarpedTongs":3,"Blood Vial":6,"Du-Vu Doll":14,"Frozen Eye":12,"CaptainsWheel":19,"Mummified Hand":8,"Bronze Scales":14,"Red Mask":13,"Bag of Marbles":19,"Paper Frog":5},{"Ice Cream":15,"Regal Pillow":36,"Tiny House":80,"Astrolabe":49,"Pen Nib":21,"The Courier":68,"Burning Blood":0,"WarpedTongs":9,"Blood Vial":26,"Du-Vu Doll":63,"Frozen Eye":54,"CaptainsWheel":86,"Mummified Hand":36,"Bronze Scales":63,"Red Mask":57,"Bag of Marbles":86,"Paper Frog":21}],"Burning Blood":143,"WarpedTongs":[108]},"card_choices":[{"not_picked":["Violence","Metamorphosis"],"picked":"HandOfGreed","floor":0.0},{"not_picked":["Feel No Pain","Armaments"],"picked":"Wild Strike","floor":1.0},{"not_picked":["Warcry","Feel No Pain"],"picked":"Spot Weakness","floor":3.0},{"not_picked":["Power Through","Thunderclap"],"picked":"Clothesline","floor":4.0},{"not_picked":["Sentinel","Wild Strike"],"picked":"Shockwave","floor":6.0},{"not_picked":["Thunderclap","Searing Blow","Entrench"],"picked":"SKIP","floor":8.0},{"not_picked":["Rampage","Heavy Blade"],"picked":"Whirlwind","floor":10.0},{"not_picked":["Hemokinesis","Shockwave"],"picked":"Flex","floor":11.0},{"not_picked":["Dual Wield","Flame Barrier"],"picked":"Shrug It Off","floor":12.0},{"not_picked":["Brutality","Offering"],"picked":"Reaper","floor":16.0},{"not_picked":["Evolve","Rampage","Sentinel"],"picked":"SKIP","floor":18.0},{"not_picked":["Twin Strike","Heavy Blade"],"picked":"Disarm","floor":20.0},{"not_picked":["Anger","Wild Strike","Havoc"],"picked":"SKIP","floor":25.0},{"not_picked":["Twin Strike","Shockwave"],"picked":"Spot Weakness","floor":28.0},{"not_picked":["Flex","Wild Strike"],"picked":"Heavy Blade","floor":31.0},{"not_picked":["Juggernaut","Limit Break"],"picked":"Offering","floor":33.0},{"not_picked":["Anger","Clash","Wild Strike"],"picked":"SKIP","floor":35.0},{"not_picked":["Sever Soul","Clothesline","Seeing Red+1"],"picked":"SKIP","floor":36.0},{"not_picked":["Double Tap","Pommel Strike"],"picked":"Flame Barrier","floor":39.0},{"not_picked":["Wild Strike+1","Shockwave+1","Cleave"],"picked":"SKIP","floor":41.0},{"not_picked":["Clothesline+1","Blood for Blood","Shrug It Off"],"picked":"SKIP","floor":44.0},{"not_picked":["Heavy Blade+1","Pummel","Twin Strike"],"picked":"SKIP","floor":45.0},{"not_picked":["Clothesline+1","Flame Barrier"],"picked":"Demon Form","floor":46.0},{"not_picked":["Anger","Perfected Strike","Entrench"],"picked":"SKIP","floor":47.0}],"player_experience":379482,"relics_obtained":[{"floor":6.0,"key":"Ice Cream"},{"floor":8.0,"key":"Pen Nib"},{"floor":9.0,"key":"Paper Frog"},{"floor":10.0,"key":"Blood Vial"},{"floor":24.0,"key":"Red Mask"},{"floor":25.0,"key":"Du-Vu Doll"},{"floor":26.0,"key":"Bronze Scales"},{"floor":28.0,"key":"The Courier"}],"event_choices":[{"damage_healed":0.0,"max_hp_gain":0.0,"max_hp_loss":0.0,"gold_gain":0.0,"event_name":"Accursed Blacksmith","player_choice":"Rummage","floor":5.0,"gold_loss":0.0,"damage_taken":0.0,"relics_obtained":["WarpedTongs"],"cards_obtained":["Pain"]},{"damage_healed":0.0,"max_hp_gain":0.0,"max_hp_loss":0.0,"gold_gain":0.0,"event_name":"Dead Adventurer","player_choice":"Searched \u00273\u0027 times","floor":14.0,"gold_loss":0.0,"damage_taken":0.0,"relics_obtained":["Mummified Hand"]},{"cards_removed":["Perfected Strike"],"damage_healed":0.0,"max_hp_gain":0.0,"max_hp_loss":0.0,"gold_gain":0.0,"event_name":"Purifier","player_choice":"Purged","floor":19.0,"gold_loss":0.0,"damage_taken":0.0},{"damage_healed":0.0,"max_hp_gain":0.0,"max_hp_loss":0.0,"gold_gain":0.0,"event_name":"Vampires","player_choice":"Ignored","floor":22.0,"gold_loss":0.0,"damage_taken":0.0},{"damage_healed":0.0,"max_hp_gain":0.0,"max_hp_loss":0.0,"gold_gain":0.0,"event_name":"Masked Bandits","player_choice":"Fought Bandits","floor":24.0,"gold_loss":0.0,"damage_taken":0.0},{"cards_removed":["Defend_R"],"damage_healed":0.0,"max_hp_gain":0.0,"max_hp_loss":0.0,"gold_gain":0.0,"event_name":"Back to Basics","player_choice":"Elegance","floor":30.0,"gold_loss":0.0,"damage_taken":0.0},{"cards_removed":["Shrug It Off"],"damage_healed":0.0,"max_hp_gain":0.0,"max_hp_loss":0.0,"gold_gain":0.0,"event_name":"Falling","player_choice":"Removed Skill","floor":38.0,"gold_loss":0.0,"damage_taken":0.0},{"damage_healed":0.0,"max_hp_gain":0.0,"max_hp_loss":0.0,"gold_gain":0.0,"cards_transformed":["Strike_R"],"event_name":"Transmorgrifier","player_choice":"Transformed","floor":42.0,"gold_loss":0.0,"damage_taken":0.0,"cards_obtained":["Juggernaut"]},{"damage_healed":0.0,"max_hp_gain":0.0,"max_hp_loss":0.0,"gold_gain":222.0,"event_name":"Tomb of Lord Red Mask","player_choice":"Wore Mask","floor":48.0,"gold_loss":0.0,"damage_taken":0.0}],"is_beta":false,"boss_relics":[{"not_picked":["Busted Crown","Mark of Pain"],"picked":"Astrolabe"},{"not_picked":["Runic Cube","Fusion Hammer"],"picked":"Tiny House"}],"items_purged_floors":[2,13,21],"is_endless":false,"potions_floor_spawned":[3,4,8,10,11,18,25,28,36,46,47],"killed_by":"Awakened One","ascension_level":12}}