{"host":"gin1e6e6f2y0ngxx","time":1613048155,"event":{"mods":["AchievementEnabler","Act Like it!","BaseMod","Downfall","Hallownest","Infinite Spire","Minty Spire (QoL Compilation)","StSLib","The Bug Knight","The Cursed","The Hierophant"],"gold_per_floor":[114,128,142,159,169,198,198,223,223,245,245,273,25,25,25,124,124,137,155,173,191,191,191],"floor_reached":22,"language":"ENG","playtime":1599,"items_purged":[],"score":218,"play_id":"d7b396fd-71c5-4fed-9c8f-7cf2db19eb70","local_time":"20210211025555","is_ascension_mode":true,"campfire_choices":[{"floor":7,"key":"REST"},{"floor":15,"key":"REST"},{"data":"Night Terror","floor":15,"key":"SMITH"}],"circlet_count":0,"master_deck":["Strike_G","Strike_G","Strike_G","Strike_G","Strike_G","Defend_G","Defend_G","Defend_G","Defend_G","Defend_G","Survivor","Neutralize","CurseOfTheBell","Deadly Poison","Quick Slash","Dagger Throw","Quick Slash","Night Terror+1","Dagger Throw","Deadly Poison","Outmaneuver","Slice","Sadistic Nature+1","Blade Dance+1","Corpse Explosion","Infinite Blades","Tactician","Flechettes"],"relics":["Calling Bell","Tingsha","Pantograph","Toy Ornithopter","HollowMod:StagPassRelic","infinitespire:Beetle Shell","Meat on the Bone","Odd Mushroom","infinitespire:Magic Flask","Busted Crown"],"acts_visited":["Exordium","TheCity"],"potions_floor_usage":[4,8,19,21],"damage_taken":[{"damage":3,"enemies":"Small Slimes","floor":1,"turns":4},{"damage":0,"enemies":"2 Louse","floor":2,"turns":3},{"damage":3,"enemies":"Jaw Worm","floor":3,"turns":5},{"damage":0,"enemies":"Gremlin Gang","floor":4,"turns":3},{"damage":3,"enemies":"Blue Slaver","floor":5,"turns":3},{"damage":24,"enemies":"3 Sentries","floor":6,"turns":11},{"damage":22,"enemies":"Lagavulin","floor":8,"turns":7},{"damage":26,"enemies":"The Mushroom Lair","floor":10,"turns":5},{"damage":16,"enemies":"Gremlin Nob","floor":12,"turns":4},{"damage":25,"enemies":"Slime Boss","floor":16,"turns":7},{"damage":5,"enemies":"3 Byrds","floor":18,"turns":4},{"damage":5,"enemies":"Chosen","floor":19,"turns":3},{"damage":18,"enemies":"Snake Plant","floor":20,"turns":4},{"damage":30,"enemies":"Snecko","floor":21,"turns":4},{"damage":37,"enemies":"Sentry and Sphere","floor":22,"turns":5}],"seed_played":"-1868633843100201533","potions_obtained":[{"floor":1,"key":"AttackPotion"},{"floor":5,"key":"GhostInAJar"},{"floor":6,"key":"Ancient Potion"},{"floor":10,"key":"SteroidPotion"},{"floor":18,"key":"SkillPotion"},{"floor":20,"key":"ColorlessPotion"}],"is_trial":false,"path_per_floor":["M","M","M","M","M","E","R","E","T","?","?","E","$","?","R","B",null,"M","M","M","M","M"],"character_chosen":"THE_SILENT","items_purchased":["Sadistic Nature","Blade Dance"],"campfire_rested":2,"item_purchase_floors":[13,13],"current_hp_per_floor":[67,67,64,69,66,42,63,46,46,32,32,28,28,51,70,45,70,65,65,47,34,0,0],"gold":191,"neow_bonus":"BOSS_RELIC","is_daily":false,"chose_seed":false,"campfire_upgraded":1,"win_rate":0.0,"timestamp":1613048155,"path_taken":["M","M","M","M","M","E","R","E","T","?","?","E","$","?","R","BOSS","M","M","M","M","M"],"items_purchased_type":["Card","Card"],"build_version":"2020-12-22","purchased_purges":0,"victory":false,"max_hp_per_floor":[70,70,70,70,70,70,70,70,70,70,70,70,70,70,70,70,70,70,70,70,70,70,70],"card_choices":[{"not_picked":["Catalyst","Deflect"],"picked":"Deadly Poison","floor":1},{"not_picked":["Choke","Dash"],"picked":"Quick Slash","floor":2},{"not_picked":["Prepared","Dodge and Roll"],"picked":"Dagger Throw","floor":3},{"not_picked":["Dodge and Roll","Bane"],"picked":"Quick Slash","floor":4},{"not_picked":["Deadly Poison","Acrobatics"],"picked":"Night Terror","floor":5},{"not_picked":["Distraction","Blur"],"picked":"Dagger Throw","floor":6},{"not_picked":["Escape Plan","Blur"],"picked":"Deadly Poison","floor":8},{"not_picked":["Backstab","Prepared"],"picked":"Outmaneuver","floor":10},{"not_picked":["Predator","Blur"],"picked":"Slice","floor":12},{"not_picked":["Envenom","Burst"],"picked":"Corpse Explosion","floor":16},{"not_picked":[],"picked":"Infinite Blades","floor":18},{"not_picked":[],"picked":"Tactician","floor":19},{"not_picked":[],"picked":"Flechettes","floor":20},{"not_picked":["Skewer"],"picked":"SKIP","floor":21}],"player_experience":165451,"relics_obtained":[{"floor":0,"key":"Tingsha"},{"floor":0,"key":"Pantograph"},{"floor":0,"key":"Toy Ornithopter"},{"floor":6,"key":"HollowMod:StagPassRelic"},{"floor":8,"key":"infinitespire:Beetle Shell"},{"floor":9,"key":"Meat on the Bone"},{"floor":10,"key":"Odd Mushroom"},{"floor":12,"key":"infinitespire:Magic Flask"}],"event_choices":[{"damage_healed":0,"gold_gain":0,"player_choice":"Fought Mushrooms","damage_taken":0,"max_hp_gain":0,"max_hp_loss":0,"event_name":"Mushrooms","floor":10,"gold_loss":0},{"damage_healed":0,"gold_gain":0,"player_choice":"Ignored","damage_taken":0,"max_hp_gain":0,"max_hp_loss":0,"event_name":"Liars Game","floor":11,"gold_loss":0},{"damage_healed":23,"gold_gain":0,"player_choice":"Banana","damage_taken":0,"max_hp_gain":0,"max_hp_loss":0,"event_name":"Big Fish","floor":14,"gold_loss":0}],"is_beta":false,"boss_relics":[{"not_picked":["Empty Cage","WristBlade"],"picked":"Busted Crown"}],"items_purged_floors":[],"is_endless":false,"potions_floor_spawned":[1,5,6,10,18,20],"killed_by":"Sentry and Sphere","ascension_level":1}}