{"host":"uy3vg6glkp8m6iit","time":1613060393,"event":{"mods":["AchievementEnabler","BaseMod","Colored Map","DeckTracker","Highlight Path","Keyboard Shortcuts","Minty Spire (QoL Compilation)","Quick Restart","Random Character Button","Rare Cards Sparkle","Relic Stats","StSLib","everything is the same but u backflip on backflip"],"gold_per_floor":[114,134,209,235,82,82,101,101,101,114,127,143,143,178,178,249,249,259,107,107,13,30,30,40,40,88,108,108,140,172,192,192,271,271,289,112,127,138,155,155,181,197,197,226,526,526,119,130,130,130,130,130,77,112,112],"floor_reached":56,"language":"KOR","playtime":2847,"items_purged":["Doubt","Doppelganger","Dash","Bouncing Flask"],"score":2113,"play_id":"661d47bd-a27a-4d3d-b076-47d44d45acd1","local_time":"20210212011953","is_ascension_mode":true,"campfire_choices":[{"data":"Finisher","floor":6.0,"key":"SMITH"},{"data":"Cloak And Dagger","floor":8.0,"key":"SMITH"},{"data":"Crippling Poison","floor":13.0,"key":"SMITH"},{"data":"Neutralize","floor":15.0,"key":"SMITH"},{"data":"Tactician","floor":23.0,"key":"SMITH"},{"data":"Calculated Gamble","floor":25.0,"key":"SMITH"},{"data":"A Thousand Cuts","floor":28.0,"key":"SMITH"},{"floor":32.0,"key":"REST"},{"data":"Calculated Gamble","floor":40.0,"key":"SMITH"},{"floor":46,"key":"REST"},{"floor":49,"key":"RECALL"},{"data":"Acrobatics","floor":52,"key":"SMITH"}],"circlet_count":0,"master_deck":["AscendersBane","Survivor","Neutralize+1","Backstab","Backstab","Finisher+1","Cloak And Dagger+1","Crippling Poison+1","Tactician+1","Infinite Blades","Underhanded Strike","Calculated Gamble+1","Phantasmal Killer","A Thousand Cuts+1","PiercingWail","Backflip","Acrobatics+1","Well Laid Plans","Backflip+1","Prepared+1","Acrobatics","Calculated Gamble+1","Eviscerate","Tactician"],"relics":["Ring of the Snake","Strawberry","Mercury Hourglass","Bag of Preparation","Pandora\u0027s Box","Omamori","Red Mask","Letter Opener","SacredBark","Nunchaku","Du-Vu Doll","Toy Ornithopter","Art of War"],"acts_visited":["Exordium","TheCity","TheBeyond","TheEnding"],"potions_floor_usage":[44,55,55],"damage_taken":[{"damage":0.0,"enemies":"Jaw Worm","floor":1.0,"turns":2.0},{"damage":0.0,"enemies":"Cultist","floor":2.0,"turns":3.0},{"damage":0.0,"enemies":"2 Louse","floor":7.0,"turns":2.0},{"damage":0.0,"enemies":"2 Fungi Beasts","floor":10.0,"turns":2.0},{"damage":0.0,"enemies":"Lots of Slimes","floor":11.0,"turns":2.0},{"damage":0.0,"enemies":"Exordium Wildlife","floor":12.0,"turns":1.0},{"damage":16.0,"enemies":"Gremlin Nob","floor":14.0,"turns":4.0},{"damage":2.0,"enemies":"Slime Boss","floor":16.0,"turns":6.0},{"damage":7.0,"enemies":"3 Byrds","floor":18.0,"turns":3.0},{"damage":0.0,"enemies":"Chosen","floor":22.0,"turns":3.0},{"damage":5.0,"enemies":"Snecko","floor":24.0,"turns":3.0},{"damage":22.0,"enemies":"Sentry and Sphere","floor":27.0,"turns":5.0},{"damage":10.0,"enemies":"Masked Bandits","floor":29.0,"turns":4.0},{"damage":0.0,"enemies":"Gremlin Leader","floor":30.0,"turns":5.0},{"damage":0.0,"enemies":"Centurion and Healer","floor":31.0,"turns":4.0},{"damage":27.0,"enemies":"Automaton","floor":33.0,"turns":8.0},{"damage":0.0,"enemies":"3 Shapes","floor":35.0,"turns":2.0},{"damage":12.0,"enemies":"3 Darklings","floor":37.0,"turns":3.0},{"damage":4.0,"enemies":"Spire Growth","floor":38.0,"turns":5.0},{"damage":0.0,"enemies":"Jaw Worm Horde","floor":39.0,"turns":3.0},{"damage":17.0,"enemies":"Giant Head","floor":41.0,"turns":6.0},{"damage":0.0,"enemies":"Transient","floor":42.0,"turns":6.0},{"damage":6,"enemies":"Reptomancer","floor":44,"turns":6},{"damage":0,"enemies":"4 Shapes","floor":48,"turns":4},{"damage":17,"enemies":"Awakened One","floor":50,"turns":4},{"damage":27,"enemies":"Shield and Spear","floor":54,"turns":3},{"damage":40,"enemies":"The Heart","floor":55,"turns":6}],"seed_played":"6431533083499060148","potions_obtained":[{"floor":2.0,"key":"Weak Potion"},{"floor":10.0,"key":"BlessingOfTheForge"},{"floor":18.0,"key":"GhostInAJar"},{"floor":24.0,"key":"Regen Potion"},{"floor":30.0,"key":"LiquidMemories"},{"floor":33.0,"key":"PowerPotion"},{"floor":38.0,"key":"Ancient Potion"},{"floor":44,"key":"CunningPotion"}],"is_trial":false,"path_per_floor":["M","M","?","T","$","R","M","R","T","M","M","M","R","E","R","B",null,"M","$","?","$","M","R","M","R","T","M","R","?","E","M","R","B",null,"M","$","M","M","M","R","E","M","T","E","?","R","$","M","R","B",null,"R","$","E","B",null],"character_chosen":"THE_SILENT","items_purchased":["Finisher","Backflip","Acrobatics","Well Laid Plans","Acrobatics","Tactician","Toy Ornithopter","ColorlessPotion"],"campfire_rested":2,"item_purchase_floors":[5,19,21,21,36,47,47,53],"current_hp_per_floor":[59,59,48,55,55,55,55,55,55,55,55,55,55,39,39,37,64,57,57,57,57,57,57,52,52,52,30,30,20,34,34,55,28,62,62,62,50,46,46,46,29,29,29,23,23,44,44,44,44,27,62,62,62,35,5],"gold":112,"neow_bonus":"TRANSFORM_TWO_CARDS","is_daily":false,"chose_seed":false,"campfire_upgraded":9,"win_rate":0.0,"timestamp":1613060393,"path_taken":["M","M","?","?","$","R","M","R","T","M","?","M","R","E","R","BOSS","M","$","?","$","M","R","M","R","T","M","R","?","E","M","R","BOSS","M","$","M","M","M","R","E","M","T","E","?","R","$","?","R","BOSS","R","$","E","BOSS"],"items_purchased_type":["Card","Card","Card","Card","Card","Card","Relic","Potion"],"build_version":"2020-12-22","purchased_purges":4,"victory":true,"max_hp_per_floor":[66,66,66,73,73,73,73,73,73,73,73,73,73,73,73,73,73,73,73,73,73,73,73,73,73,73,73,73,73,73,73,73,73,73,73,73,73,73,73,73,73,73,73,73,73,73,73,73,73,73,73,73,73,73,73],"relic_stats":{"Nunchaku":[9],"counters":[27,104],"Pandora\u0027s Box":["Doppelganger","Infinite Blades","Underhanded Strike","Calculated Gamble","Phantasmal Killer","Bouncing Flask","A Thousand Cuts","PiercingWail"],"Bag of Preparation":[40],"Art of War":[2],"Letter Opener":[660],"obtain_stats":[{"SacredBark":34,"Bag of Preparation":14,"Omamori":26,"Letter Opener":30,"Mercury Hourglass":9,"Du-Vu Doll":44,"Nunchaku":41,"Strawberry":4,"Pandora\u0027s Box":17,"Red Mask":29,"Art of War":54,"Toy Ornithopter":47,"Ring of the Snake":0},{"SacredBark":16,"Bag of Preparation":7,"Omamori":11,"Letter Opener":14,"Mercury Hourglass":3,"Du-Vu Doll":23,"Nunchaku":21,"Strawberry":2,"Pandora\u0027s Box":8,"Red Mask":13,"Art of War":26,"Toy Ornithopter":23,"Ring of the Snake":0},{"SacredBark":56,"Bag of Preparation":16,"Omamori":30,"Letter Opener":44,"Mercury Hourglass":7,"Du-Vu Doll":87,"Nunchaku":75,"Strawberry":5,"Pandora\u0027s Box":21,"Red Mask":39,"Art of War":98,"Toy Ornithopter":87,"Ring of the Snake":0}],"Toy Ornithopter":10,"Ring of the Snake":[54],"Mercury Hourglass":[464]},"card_choices":[{"not_picked":["Prepared","Masterful Stab"],"picked":"Dash","floor":1.0},{"not_picked":["Riddle With Holes","Blur","Sucker Punch"],"picked":"SKIP","floor":2.0},{"not_picked":["Heel Hook","Quick Slash"],"picked":"Cloak And Dagger","floor":7.0},{"not_picked":["Cloak And Dagger","Blade Dance"],"picked":"Crippling Poison","floor":10.0},{"not_picked":["Bane","Sucker Punch","Prepared"],"picked":"SKIP","floor":11.0},{"not_picked":["Dagger Spray","Dagger Throw"],"picked":"Tactician","floor":12.0},{"not_picked":["Cloak And Dagger","Endless Agony","Prepared"],"picked":"SKIP","floor":14.0},{"not_picked":["Dagger Throw+1","All Out Attack","Calculated Gamble"],"picked":"SKIP","floor":18.0},{"not_picked":["Deadly Poison","Quick Slash","Outmaneuver"],"picked":"SKIP","floor":22.0},{"not_picked":["Quick Slash","Outmaneuver","Acrobatics"],"picked":"SKIP","floor":24.0},{"not_picked":["Quick Slash","Outmaneuver","Acrobatics"],"picked":"SKIP","floor":24.0},{"not_picked":["PiercingWail+1","Dodge and Roll"],"picked":"Backflip+1","floor":27.0},{"not_picked":["Escape Plan","Backflip"],"picked":"Prepared+1","floor":29.0},{"not_picked":["Envenom","Distraction","Infinite Blades"],"picked":"SKIP","floor":30.0},{"not_picked":["Poisoned Stab","Backstab","Bane"],"picked":"SKIP","floor":31.0},{"not_picked":["Well Laid Plans","Skewer+1","Slice+1"],"picked":"SKIP","floor":35.0},{"not_picked":["Distraction+1","Underhanded Strike+1","Blade Dance"],"picked":"SKIP","floor":37.0},{"not_picked":["Infinite Blades","Dagger Throw"],"picked":"Calculated Gamble","floor":38.0},{"not_picked":["Dash","PiercingWail+1","Choke+1"],"picked":"SKIP","floor":39.0},{"not_picked":["Infinite Blades","Underhanded Strike"],"picked":"Eviscerate","floor":41.0},{"not_picked":["Expertise","Calculated Gamble","Choke"],"picked":"SKIP","floor":42.0},{"not_picked":["Deflect","Caltrops","Cloak And Dagger"],"picked":"SKIP","floor":44},{"not_picked":["Bane","Finisher+1","Outmaneuver"],"picked":"SKIP","floor":48},{"not_picked":["Escape Plan","Storm of Steel","PiercingWail"],"picked":"SKIP","floor":54}],"player_experience":1514678,"relics_obtained":[{"floor":4.0,"key":"Strawberry"},{"floor":9.0,"key":"Mercury Hourglass"},{"floor":14.0,"key":"Bag of Preparation"},{"floor":26.0,"key":"Omamori"},{"floor":29.0,"key":"Red Mask"},{"floor":30.0,"key":"Letter Opener"},{"floor":41.0,"key":"Nunchaku"},{"floor":44,"key":"Du-Vu Doll"},{"floor":54,"key":"Art of War"}],"event_choices":[{"damage_healed":0.0,"max_hp_gain":0.0,"max_hp_loss":0.0,"gold_gain":75.0,"event_name":"World of Goop","player_choice":"Gather Gold","floor":3.0,"gold_loss":0.0,"damage_taken":11.0},{"damage_healed":0.0,"max_hp_gain":0.0,"max_hp_loss":0.0,"gold_gain":0.0,"event_name":"Ghosts","player_choice":"Ignored","floor":20.0,"gold_loss":0.0,"damage_taken":0.0},{"damage_healed":0.0,"max_hp_gain":0.0,"max_hp_loss":0.0,"gold_gain":0.0,"event_name":"Masked Bandits","player_choice":"Fought Bandits","floor":29.0,"gold_loss":0.0,"damage_taken":0.0},{"damage_healed":0,"gold_gain":300,"player_choice":"Gold","damage_taken":0,"max_hp_gain":0,"max_hp_loss":0,"event_name":"Wheel of Change","floor":45,"gold_loss":0}],"is_beta":false,"boss_relics":[{"not_picked":["Calling Bell","Snecko Eye"],"picked":"Pandora\u0027s Box"},{"not_picked":["Velvet Choker","WristBlade"],"picked":"SacredBark"}],"items_purged_floors":[5,19,36,47],"is_endless":false,"potions_floor_spawned":[2,10,18,24,30,33,38,44],"ascension_level":18}}