{"host":"hw9lt6p3yhr90vz0","time":1613081456,"event":{"mods":["BaseMod","DeckTracker","Minty Spire (QoL Compilation)","Relic Stats"],"gold_per_floor":[19,19,39,114,125,160,160,186,256,283,283,315,275,304,304,402,402,419,434,256,256,267,292,324,324,324,324,324,359,390,390,390,488,488,500,511,127,127,137,137,170,185,185,210,223,2,102,117,117,117,117,117,17,51,51,51],"floor_reached":55,"language":"ENG","playtime":16025,"items_purged":[],"score":1553,"play_id":"bc571bef-217d-4a94-9a00-fcf97c96bb79","local_time":"20210211171056","is_ascension_mode":true,"campfire_choices":[{"floor":7.0,"key":"REST"},{"floor":15.0,"key":"REST"},{"floor":25.0,"key":"REST"},{"floor":28.0,"key":"RECALL"},{"data":"Buffer","floor":32.0,"key":"SMITH"},{"data":"Creative AI","floor":40.0,"key":"SMITH"},{"data":"Amplify","floor":49,"key":"SMITH"},{"data":"Amplify","floor":52,"key":"SMITH"}],"circlet_count":0,"master_deck":["Strike_B","Strike_B","Strike_B","Defend_B","Defend_B","Defend_B","Defend_B","Zap+1","Dualcast+1","Sweeping Beam","Echo Form","Gash","Gash","Buffer+1","Storm","Conserve Battery","Turbo","Hyperbeam+1","Creative AI+1","CurseOfTheBell","Go for the Eyes+1","Loop","Go for the Eyes+1","Self Repair","Amplify+1","All For One+1","Heatsinks","Echo Form","Capacitor+1","Biased Cognition","Amplify+1","Turbo","Storm","Barrage+1","Electrodynamics","Double Energy","Hello World","Capacitor","Static Discharge","Aggregate","Electrodynamics","Double Energy+1"],"relics":["Cracked Core","Thread and Needle","FossilizedHelix","Bronze Scales","Molten Egg 2","DataDisk","Vajra","Orichalcum","PreservedInsect","Calling Bell","War Paint","Gremlin Horn","WingedGreaves","Tiny Chest","Ornamental Fan","Singing Bowl","The Courier","Mango","Matryoshka","FaceOfCleric","Nuclear Battery","DollysMirror","Gambling Chip","Anchor","Symbiotic Virus","Lantern","Smiling Mask","Potion Belt","Regal Pillow","Turnip"],"acts_visited":["Exordium","TheCity","TheBeyond","TheEnding"],"potions_floor_usage":[50,50],"damage_taken":[{"damage":2.0,"enemies":"Small Slimes","floor":1.0,"turns":3.0},{"damage":6.0,"enemies":"2 Louse","floor":3.0,"turns":2.0},{"damage":0.0,"enemies":"Cultist","floor":5.0,"turns":3.0},{"damage":12.0,"enemies":"Gremlin Nob","floor":6.0,"turns":3.0},{"damage":16.0,"enemies":"3 Sentries","floor":8.0,"turns":7.0},{"damage":0.0,"enemies":"Lagavulin","floor":10.0,"turns":6.0},{"damage":0.0,"enemies":"Gremlin Nob","floor":12.0,"turns":5.0},{"damage":0.0,"enemies":"3 Sentries","floor":14.0,"turns":6.0},{"damage":0.0,"enemies":"Slime Boss","floor":16.0,"turns":4.0},{"damage":5.0,"enemies":"Shell Parasite","floor":18.0,"turns":3.0},{"damage":11.0,"enemies":"2 Thieves","floor":19.0,"turns":2.0},{"damage":0.0,"enemies":"Snake Plant","floor":22.0,"turns":4.0},{"damage":5.0,"enemies":"Book of Stabbing","floor":23.0,"turns":5.0},{"damage":14.0,"enemies":"Slavers","floor":24.0,"turns":2.0},{"damage":24.0,"enemies":"Book of Stabbing","floor":29.0,"turns":6.0},{"damage":0.0,"enemies":"Gremlin Leader","floor":30.0,"turns":5.0},{"damage":0.0,"enemies":"Automaton","floor":33.0,"turns":8.0},{"damage":0.0,"enemies":"3 Shapes","floor":35.0,"turns":8.0},{"damage":4.0,"enemies":"Orb Walker","floor":36.0,"turns":3.0},{"damage":0.0,"enemies":"4 Shapes","floor":39.0,"turns":2.0},{"damage":0.0,"enemies":"Nemesis","floor":41.0,"turns":5.0},{"damage":0.0,"enemies":"Maw","floor":42.0,"turns":3.0},{"damage":0.0,"enemies":"Reptomancer","floor":44.0,"turns":3.0},{"damage":0,"enemies":"Transient","floor":45,"turns":5},{"damage":12,"enemies":"Sphere and 2 Shapes","floor":48,"turns":3},{"damage":47,"enemies":"Awakened One","floor":50,"turns":5},{"damage":44,"enemies":"Shield and Spear","floor":54,"turns":2},{"damage":72,"enemies":"The Heart","floor":55,"turns":3}],"seed_played":"-6744473163262638331","potions_obtained":[{"floor":3.0,"key":"Strength Potion"},{"floor":5.0,"key":"Fire Potion"},{"floor":13.0,"key":"FearPotion"},{"floor":13.0,"key":"Fire Potion"},{"floor":13.0,"key":"Dexterity Potion"},{"floor":19.0,"key":"AttackPotion"},{"floor":24.0,"key":"Regen Potion"},{"floor":30.0,"key":"GamblersBrew"},{"floor":35.0,"key":"DistilledChaos"},{"floor":39.0,"key":"DuplicationPotion"},{"floor":44.0,"key":"AttackPotion"},{"floor":45,"key":"DistilledChaos"}],"is_trial":false,"path_per_floor":["M","?","M","?","M","E","R","E","T","E","?","E","?","E","R","B",null,"M","M","$","T","M","E","E","R","T","?","R","E","E","?","R","B",null,"M","M","$","T","M","R","E","M","T","E","M","$","?","M","R","B",null,"R","$","E","B"],"character_chosen":"DEFECT","items_purchased":["Tiny Chest","Loop","DollysMirror","Turbo","Gambling Chip","Double Energy","Hello World","Capacitor","Static Discharge","Electrodynamics","BlessingOfTheForge"],"campfire_rested":3,"item_purchase_floors":[20,20,37,37,37,46,46,46,46,53,53],"current_hp_per_floor":[66,66,60,49,49,37,59,43,43,43,18,18,18,18,40,40,66,61,50,50,50,50,45,40,63,63,63,63,60,88,88,88,92,92,93,94,94,94,97,97,98,99,99,100,103,103,103,92,92,46,90,90,90,47,0,0],"gold":51,"neow_bonus":"ONE_RARE_RELIC","is_daily":false,"chose_seed":false,"campfire_upgraded":4,"win_rate":0.0,"timestamp":1613081456,"path_taken":["M","?","M","?","M","E","R","E","T","E","?","E","?","E","R","BOSS","M","M","$","?","M","E","E","R","T","?","R","E","E","?","R","BOSS","M","M","$","?","M","R","E","M","T","E","M","$","?","?","R","BOSS","R","$","E","BOSS"],"items_purchased_type":["Relic","Card","Relic","Card","Relic","Card","Card","Card","Card","Card","Potion"],"build_version":"2020-12-22","purchased_purges":0,"victory":false,"max_hp_per_floor":[75,75,75,75,75,75,75,75,75,75,75,75,75,75,75,75,75,75,75,75,75,75,75,77,77,77,77,77,91,91,91,91,92,92,93,94,94,94,97,97,98,99,99,100,103,103,103,104,104,105,105,105,105,106,106,106],"relic_stats":{"Regal Pillow":0,"Gremlin Horn":[22,22],"Singing Bowl":6,"counters":[28,115],"PreservedInsect":343,"Orichalcum":[210],"War Paint":["Dualcast","Zap"],"Smiling Mask":0,"FaceOfCleric":11,"Ornamental Fan":[76],"Bronze Scales":[291],"Gambling Chip":[20],"Tiny Chest":1,"Turnip":[2],"obtain_stats":[{"Lantern":41,"Regal Pillow":44,"Gremlin Horn":17,"Singing Bowl":24,"Vajra":11,"Mango":29,"Smiling Mask":43,"Matryoshka":30,"FaceOfCleric":31,"DollysMirror":37,"Gambling Chip":37,"Tiny Chest":20,"WingedGreaves":17,"Cracked Core":0,"Potion Belt":43,"Thread and Needle":0,"PreservedInsect":14,"The Courier":26,"Orichalcum":12,"War Paint":17,"Nuclear Battery":34,"Calling Bell":17,"DataDisk":10,"Anchor":38,"Ornamental Fan":23,"Bronze Scales":8,"Molten Egg 2":9,"Turnip":54,"Symbiotic Virus":38,"FossilizedHelix":6},{"Lantern":21,"Regal Pillow":23,"Gremlin Horn":9,"Singing Bowl":14,"Vajra":6,"Mango":15,"Smiling Mask":22,"Matryoshka":16,"FaceOfCleric":16,"DollysMirror":19,"Gambling Chip":19,"Tiny Chest":11,"WingedGreaves":9,"Cracked Core":0,"Potion Belt":22,"Thread and Needle":0,"PreservedInsect":8,"The Courier":14,"Orichalcum":7,"War Paint":9,"Nuclear Battery":17,"Calling Bell":9,"DataDisk":6,"Anchor":19,"Ornamental Fan":13,"Bronze Scales":5,"Molten Egg 2":5,"Turnip":27,"Symbiotic Virus":19,"FossilizedHelix":4},{"Lantern":91,"Regal Pillow":97,"Gremlin Horn":39,"Singing Bowl":54,"Vajra":24,"Mango":60,"Smiling Mask":94,"Matryoshka":65,"FaceOfCleric":65,"DollysMirror":84,"Gambling Chip":84,"Tiny Chest":44,"WingedGreaves":39,"Cracked Core":0,"Potion Belt":94,"Thread and Needle":0,"PreservedInsect":35,"The Courier":54,"Orichalcum":29,"War Paint":39,"Nuclear Battery":73,"Calling Bell":39,"DataDisk":24,"Anchor":84,"Ornamental Fan":52,"Bronze Scales":18,"Molten Egg 2":18,"Turnip":112,"Symbiotic Virus":84,"FossilizedHelix":11}]},"card_choices":[{"not_picked":["Beam Cell","Aggregate"],"picked":"Sweeping Beam","floor":1.0},{"not_picked":["Sweeping Beam","Steam"],"picked":"Gash","floor":3.0},{"not_picked":["Defragment","Leap"],"picked":"Gash","floor":5.0},{"not_picked":["Reboot","Steam Power"],"picked":"Buffer","floor":6.0},{"not_picked":["Redo","Ball Lightning"],"picked":"Storm","floor":8.0},{"not_picked":["Coolheaded","Hologram"],"picked":"Conserve Battery","floor":10.0},{"not_picked":["Go for the Eyes+1","Conserve Battery"],"picked":"Turbo","floor":12.0},{"not_picked":["Compile Driver+1","Cold Snap+1"],"picked":"Hyperbeam+1","floor":14.0},{"not_picked":["Fission","Hyperbeam+1"],"picked":"Creative AI","floor":16.0},{"not_picked":["Steam Power","Lockon+1"],"picked":"Go for the Eyes+1","floor":18.0},{"not_picked":["Coolheaded","Doom and Gloom+1","Consume"],"picked":"SKIP","floor":19.0},{"not_picked":["Compile Driver+1","Leap+1"],"picked":"Go for the Eyes+1","floor":22.0},{"not_picked":["Redo+1","Steam+1"],"picked":"Self Repair","floor":23.0},{"not_picked":["Rebound+1","Leap","Redo"],"picked":"Singing Bowl","floor":24.0},{"not_picked":["Cold Snap+1","Reprogram"],"picked":"All For One+1","floor":29.0},{"not_picked":["Rebound+1","Stack"],"picked":"Heatsinks","floor":30.0},{"not_picked":["Seek","Hyperbeam+1"],"picked":"Echo Form","floor":33.0},{"not_picked":["Turbo","Beam Cell+1"],"picked":"Capacitor+1","floor":35.0},{"not_picked":["Redo+1","Steam+1"],"picked":"Biased Cognition","floor":36.0},{"not_picked":["Steam+1","Compile Driver+1","Streamline+1"],"picked":"Singing Bowl","floor":39.0},{"not_picked":["Coolheaded","Steam+1"],"picked":"Storm","floor":41.0},{"not_picked":["Hologram","Recycle"],"picked":"Barrage+1","floor":42.0},{"not_picked":["Auto Shields","Streamline+1"],"picked":"Electrodynamics","floor":44.0},{"not_picked":["FTL+1","Barrage+1","Hologram"],"picked":"Singing Bowl","floor":45},{"not_picked":["Cold Snap+1","Coolheaded"],"picked":"Aggregate","floor":48},{"not_picked":["Recycle+1","Go for the Eyes+1"],"picked":"Double Energy+1","floor":54}],"player_experience":1409476,"relics_obtained":[{"floor":6.0,"key":"FossilizedHelix"},{"floor":8.0,"key":"Bronze Scales"},{"floor":9.0,"key":"Molten Egg 2"},{"floor":10.0,"key":"DataDisk"},{"floor":12.0,"key":"Orichalcum"},{"floor":14.0,"key":"PreservedInsect"},{"floor":17.0,"key":"War Paint"},{"floor":17.0,"key":"Gremlin Horn"},{"floor":17.0,"key":"WingedGreaves"},{"floor":23.0,"key":"Ornamental Fan"},{"floor":24.0,"key":"Singing Bowl"},{"floor":26.0,"key":"The Courier"},{"floor":29.0,"key":"Mango"},{"floor":30.0,"key":"Matryoshka"},{"floor":38.0,"key":"Anchor"},{"floor":38.0,"key":"Symbiotic Virus"},{"floor":41.0,"key":"Lantern"},{"floor":43.0,"key":"Smiling Mask"},{"floor":43.0,"key":"Potion Belt"},{"floor":44.0,"key":"Regal Pillow"},{"floor":54,"key":"Turnip"}],"event_choices":[{"damage_healed":0.0,"max_hp_gain":0.0,"max_hp_loss":0.0,"gold_gain":0.0,"cards_transformed":["Strike_B"],"event_name":"Living Wall","player_choice":"Change","floor":2.0,"gold_loss":0.0,"damage_taken":0.0,"cards_obtained":["Echo Form"]},{"damage_healed":0.0,"max_hp_gain":0.0,"max_hp_loss":0.0,"gold_gain":75.0,"event_name":"World of Goop","player_choice":"Gather Gold","floor":4.0,"gold_loss":0.0,"damage_taken":11.0},{"damage_healed":0.0,"max_hp_gain":0.0,"max_hp_loss":0.0,"gold_gain":0.0,"event_name":"Scrap Ooze","player_choice":"Success","floor":11.0,"gold_loss":0.0,"damage_taken":25.0,"relics_obtained":["Vajra"]},{"damage_healed":0.0,"max_hp_gain":0.0,"max_hp_loss":0.0,"gold_gain":0.0,"event_name":"The Woman in Blue","player_choice":"Bought 3 Potions","floor":13.0,"gold_loss":0.0,"damage_taken":0.0},{"damage_healed":0.0,"max_hp_gain":0.0,"max_hp_loss":0.0,"gold_gain":0.0,"event_name":"The Library","player_choice":"Read","floor":27.0,"gold_loss":0.0,"damage_taken":0.0,"cards_obtained":["Amplify"]},{"damage_healed":0.0,"max_hp_gain":0.0,"max_hp_loss":0.0,"gold_gain":0.0,"event_name":"FaceTrader","player_choice":"Trade","floor":31.0,"gold_loss":0.0,"damage_taken":0.0,"relics_obtained":["FaceOfCleric"]},{"damage_healed":0,"gold_gain":100,"player_choice":"Pray","damage_taken":0,"max_hp_gain":0,"max_hp_loss":0,"event_name":"Golden Shrine","floor":47,"gold_loss":0}],"is_beta":false,"boss_relics":[{"not_picked":["SacredBark","Busted Crown"],"picked":"Calling Bell"},{"not_picked":["Black Star","Philosopher\u0027s Stone"],"picked":"Nuclear Battery"}],"items_purged_floors":[],"is_endless":false,"potions_floor_spawned":[3,5,19,24,30,35,39,44,45],"killed_by":"The Heart","ascension_level":7}}