{"host":"0jile2yd1dg679g0","time":1613011928,"event":{"mods":["AchievementEnabler","Act Like it!","BaseMod","Better Third Choice","Bossed Relics","Colored Map","Colored Powertips","Gensokyo","Marisa????????","Minty Spire (QoL Compilation)","Random Character Button","Reliquary","Spicy Shops","StSLib","The Marked","The Senshi","The Servant 0.9.4","Transform Curses","Waifu the Spire"],"gold_per_floor":[219,294,294,304,322,322,5,5,52,67,13,13,49,99,99,226,226,262,301,342,342,383,383,42,42,65,14,80,80,175,246,246,246,246],"floor_reached":33,"language":"ENG","playtime":2811,"items_purged":[],"score":249,"play_id":"8c0c2032-07c4-4163-bbde-854ea4906fdf","local_time":"20210210215208","is_ascension_mode":false,"campfire_choices":[{"data":"PowerUp","floor":6,"key":"SMITH"},{"data":"MaximisePower","floor":12,"key":"SMITH"},{"floor":15,"key":"REST"},{"floor":23,"key":"REST"},{"data":"Mayhem","floor":25,"key":"SMITH"},{"floor":32,"key":"REST"}],"circlet_count":0,"master_deck":["Strike_MRS+1","Strike_MRS+1","Strike_MRS+1","Defend_MRS+1","Defend_MRS+1","Defend_MRS+1","Defend_MRS+1","MasterSpark","UpSweep","SporeBomb","PowerUp+1","MilkyWay","Apotheosis+1","MaximisePower+1","WitchOfGreed+1","GrandCross","MillisecondPulsars+1","IllusionStar+1","MysteriousBeam+1","GalacticHalo","StarBarrage","WitchOfGreed","PowerUp","Mayhem+1","WitchOfGreed"],"relics":["MiniHakkero","reliquary:Aerogel","reliquary:SharkskinSheath","reliquary:Buckler","Art of War","Thread and Needle","reliquary:RedCape","Tiny Chest","Oddly Smooth Stone"],"acts_visited":["Exordium","TheCity"],"potions_floor_usage":[16,16,20,30,33,33],"damage_taken":[{"damage":1,"enemies":"Jaw Worm","floor":1,"turns":3},{"damage":0,"enemies":"2 Louse","floor":4,"turns":3},{"damage":0,"enemies":"Cultist","floor":5,"turns":2},{"damage":12,"enemies":"3 Louse","floor":10,"turns":2},{"damage":8,"enemies":"Exordium Thugs","floor":13,"turns":4},{"damage":13,"enemies":"Lagavulin","floor":14,"turns":4},{"damage":42,"enemies":"The Guardian","floor":16,"turns":8},{"damage":10,"enemies":"Shell Parasite","floor":18,"turns":5},{"damage":20,"enemies":"Spheric Guardian","floor":19,"turns":4},{"damage":21,"enemies":"3 Cultists","floor":20,"turns":5},{"damage":5,"enemies":"Snake Plant","floor":22,"turns":3},{"damage":8,"enemies":"Snecko","floor":28,"turns":5},{"damage":17,"enemies":"3 Cultists","floor":30,"turns":6},{"damage":11,"enemies":"Centurion and Healer","floor":31,"turns":4},{"damage":94,"enemies":"Automaton","floor":33,"turns":8}],"seed_played":"-876345188670671210","potions_obtained":[{"floor":5,"key":"DuplicationPotion"},{"floor":13,"key":"Energy Potion"},{"floor":13,"key":"Fruit Juice"},{"floor":16,"key":"Weak Potion"},{"floor":16,"key":"BlessingOfTheForge"},{"floor":18,"key":"SteroidPotion"},{"floor":18,"key":"Regen Potion"},{"floor":19,"key":"EssenceOfSteel"},{"floor":20,"key":"SpeedPotion"},{"floor":20,"key":"LiquidMemories"},{"floor":22,"key":"Regen Potion"},{"floor":30,"key":"Regen Potion"},{"floor":30,"key":"PowerPotion"},{"floor":31,"key":"FairyPotion"}],"is_trial":false,"path_per_floor":["M","?","?","M","M","R","$","?","T","M","$","R","M","E","R","B",null,"M","M","M","?","M","R","$","R","T","$","M","?","M","M","R","B"],"character_chosen":"MARISA","items_purchased":["Apotheosis","reliquary:Buckler","WitchOfGreed","WitchOfGreed","PowerUp","Tiny Chest","Mayhem","WitchOfGreed"],"campfire_rested":3,"item_purchase_floors":[7,7,11,24,24,24,24,27],"current_hp_per_floor":[74,63,52,52,52,52,52,52,52,40,40,40,32,19,41,4,80,70,50,41,41,36,60,60,60,60,60,52,52,44,33,57,0,0],"gold":246,"neow_bonus":"HUNDRED_GOLD","is_daily":false,"chose_seed":false,"campfire_upgraded":3,"win_rate":0.0,"timestamp":1613011928,"path_taken":["M","?","?","?","M","R","$","?","T","M","$","R","M","E","R","BOSS","M","M","M","?","M","R","?","R","T","$","M","?","M","M","R","BOSS"],"items_purchased_type":["Card","Relic","Card","Card","Card","Relic","Card","Card"],"build_version":"2020-12-22","purchased_purges":0,"victory":false,"max_hp_per_floor":[75,75,75,75,75,75,75,75,75,75,75,75,75,75,75,80,80,80,80,80,80,80,80,80,80,80,80,80,80,80,80,80,80,80],"card_choices":[{"not_picked":["UnstableBomb","RefractionSpark"],"picked":"SporeBomb","floor":1},{"not_picked":["OrrerysSun","GrandCross"],"picked":"PowerUp","floor":4},{"not_picked":["ShootingEcho","Acceleration"],"picked":"MilkyWay","floor":5},{"not_picked":["ShootingEcho","IllusionStar"],"picked":"MaximisePower","floor":10},{"not_picked":["GasGiant","DarkSpark"],"picked":"GrandCross","floor":13},{"not_picked":["OpenUniverse","ShootingEcho","DragonMeteor"],"picked":"SKIP","floor":14},{"not_picked":["MaximisePower","BlazingStar"],"picked":"MillisecondPulsars","floor":16},{"not_picked":["SprinkleStarSeal+1","OrrerysSun"],"picked":"IllusionStar+1","floor":18},{"not_picked":["NonDirectionalLaser","RefractionSpark"],"picked":"MysteriousBeam+1","floor":19},{"not_picked":["Acceleration","FairyDestructionRay"],"picked":"GalacticHalo","floor":20},{"not_picked":["LuminesStrike","EnergyRecoil"],"picked":"StarBarrage","floor":22},{"not_picked":["ChargeUpSpray","ManaConvection","LuminesStrike"],"picked":"SKIP","floor":28},{"not_picked":["PulseMagic","Singularity","6A+1"],"picked":"SKIP","floor":30},{"not_picked":["MysteriousBeam","DC+1","6A"],"picked":"SKIP","floor":31}],"player_experience":336217,"relics_obtained":[{"floor":9,"key":"Art of War"},{"floor":14,"key":"reliquary:FerryPass"},{"floor":16,"key":"Thread and Needle"},{"floor":26,"key":"Oddly Smooth Stone"}],"event_choices":[{"damage_healed":0,"gold_gain":75,"player_choice":"Gold","damage_taken":11,"max_hp_gain":0,"max_hp_loss":0,"event_name":"betterThird:BetterGoop","floor":2,"gold_loss":0},{"damage_healed":0,"gold_gain":1,"player_choice":"Relic Relic ","damage_taken":11,"max_hp_gain":0,"max_hp_loss":0,"event_name":"betterThird:BetterScrap","floor":3,"gold_loss":0,"cards_obtained":["Hemokinesis"]},{"cards_removed":["Strike_MRS"],"damage_healed":0,"gold_gain":0,"player_choice":"Offered Basic","damage_taken":0,"max_hp_gain":0,"max_hp_loss":0,"event_name":"Bonfire Elementals","floor":8,"gold_loss":0},{"damage_healed":0,"gold_gain":0,"player_choice":"Upgraded","damage_taken":0,"max_hp_gain":0,"max_hp_loss":0,"event_name":"Upgrade Shrine","floor":21,"gold_loss":0,"cards_upgraded":["MillisecondPulsars"]},{"damage_healed":0,"gold_gain":0,"player_choice":"Simplicity","damage_taken":0,"max_hp_gain":0,"max_hp_loss":7,"event_name":"betterThird:BetterWriting","floor":29,"gold_loss":0}],"is_beta":false,"boss_relics":[{"not_picked":["Philosopher\u0027s Stone","Black Star"],"picked":"reliquary:RedCape"}],"items_purged_floors":[],"is_endless":false,"potions_floor_spawned":[5,13,16,18,20,31],"killed_by":"Automaton","ascension_level":0}}