{"host":"jou5gy8et5i77wvo","time":1613086208,"event":{"mods":["AchievementEnabler","BaseMod","Colored Map","Colored Powertips","Downfall","Highlight Path","Minty Spire (QoL Compilation)","Quick Restart","StSLib"],"gold_per_floor":[112,129,142,152,152,183,183,203,203,213,213,213,226,226,226,327,327,339,350,350,369,369,369,379,379,404,438,438,438,210,229,229,229,229],"floor_reached":33,"language":"ENG","playtime":2629,"items_purged":[],"score":294,"play_id":"802a92f5-d680-4783-88cd-b331993d7a32","local_time":"20210211153008","is_ascension_mode":false,"campfire_choices":[{"floor":7.0,"key":"REST"},{"floor":11.0,"key":"REST"},{"floor":15.0,"key":"REST"},{"floor":23.0,"key":"REST"},{"floor":28,"key":"REST"},{"floor":32,"key":"REST"}],"circlet_count":0,"master_deck":["Strike_R","Strike_R","Strike_R","Strike_R","Strike_R","Defend_R","Defend_R","Defend_R","Defend_R","Bash","Shockwave","Clothesline","Pain","Cleave","Anger","Cleave","Anger","Reaper","Whirlwind","Cleave+1","Blood for Blood+1","Ghostly Armor","Anger"],"relics":["Burning Blood","WarpedTongs","HornCleat","Pear","Toy Ornithopter","Blood Vial","Membership Card","PreservedInsect"],"acts_visited":["Exordium","TheCity"],"potions_floor_usage":[24,27,27,33,33],"damage_taken":[{"damage":0.0,"enemies":"2 Louse","floor":1.0,"turns":2.0},{"damage":8.0,"enemies":"Cultist","floor":2.0,"turns":5.0},{"damage":1.0,"enemies":"Jaw Worm","floor":3.0,"turns":4.0},{"damage":15.0,"enemies":"Exordium Thugs","floor":4.0,"turns":6.0},{"damage":47.0,"enemies":"Gremlin Nob","floor":6.0,"turns":6.0},{"damage":6.0,"enemies":"3 Louse","floor":8.0,"turns":3.0},{"damage":3.0,"enemies":"Red Slaver","floor":10.0,"turns":3.0},{"damage":17.0,"enemies":"Gremlin Gang","floor":13.0,"turns":3.0},{"damage":44.0,"enemies":"Hexaghost","floor":16.0,"turns":9.0},{"damage":33.0,"enemies":"Spheric Guardian","floor":18.0,"turns":5.0},{"damage":16.0,"enemies":"Chosen","floor":19.0,"turns":6.0},{"damage":14.0,"enemies":"Centurion and Healer","floor":21.0,"turns":5.0},{"damage":4,"enemies":"3 Cultists","floor":24,"turns":3},{"damage":99,"enemies":"Book of Stabbing","floor":27,"turns":8},{"damage":12,"enemies":"Snake Plant","floor":31,"turns":5},{"damage":117,"enemies":"Automaton","floor":33,"turns":12}],"seed_played":"4249017683427389695","potions_obtained":[{"floor":1.0,"key":"Regen Potion"},{"floor":2.0,"key":"LiquidMemories"},{"floor":3.0,"key":"Ancient Potion"},{"floor":8.0,"key":"Block Potion"},{"floor":10.0,"key":"Weak Potion"},{"floor":19.0,"key":"ColorlessPotion"},{"floor":21.0,"key":"Swift Potion"},{"floor":27,"key":"FearPotion"},{"floor":31,"key":"FearPotion"}],"is_trial":false,"path_per_floor":["M","M","M","M","?","E","R","M","T","M","R","$","M","$","R","B",null,"M","M","$","M","$","R","M","$","T","E","R","?","$","M","R","B"],"character_chosen":"IRONCLAD","items_purchased":["Membership Card","PreservedInsect"],"campfire_rested":6,"item_purchase_floors":[30,30],"current_hp_per_floor":[88,86,88,88,88,47,73,73,83,86,98,98,87,87,98,60,98,71,65,65,57,57,86,98,98,98,21,50,50,50,52,81,0,0],"gold":229,"neow_bonus":"TEN_PERCENT_HP_BONUS","is_daily":false,"chose_seed":false,"campfire_upgraded":0,"win_rate":0.0,"timestamp":1613086208,"path_taken":["M","M","M","M","?","E","R","M","T","M","R","$","M","$","R","BOSS","M","?","$","M","$","R","M","$","T","E","R","?","?","M","R","BOSS"],"items_purchased_type":["Relic","Relic"],"build_version":"2020-12-22","purchased_purges":0,"victory":false,"max_hp_per_floor":[88,88,88,88,88,88,88,88,98,98,98,98,98,98,98,98,98,98,98,98,98,98,98,98,98,98,98,98,98,98,98,98,98,98],"card_choices":[{"not_picked":["Disarm","Iron Wave"],"picked":"Shockwave","floor":1.0},{"not_picked":["Sword Boomerang","Metallicize","Perfected Strike"],"picked":"SKIP","floor":2.0},{"not_picked":["Burning Pact","Shockwave"],"picked":"Clothesline","floor":3.0},{"not_picked":["Sword Boomerang","Pummel","Warcry"],"picked":"SKIP","floor":4.0},{"not_picked":["Double Tap","Headbutt"],"picked":"Cleave","floor":6.0},{"not_picked":["Armaments","Pommel Strike"],"picked":"Anger","floor":8.0},{"not_picked":["Armaments","Perfected Strike"],"picked":"Cleave","floor":10.0},{"not_picked":["Infernal Blade","Pummel"],"picked":"Anger","floor":13.0},{"not_picked":["Demon Form","Berserk"],"picked":"Reaper","floor":16.0},{"not_picked":["Metallicize","Shrug It Off"],"picked":"Whirlwind","floor":18.0},{"not_picked":["Warcry","Rage"],"picked":"Cleave+1","floor":19.0},{"not_picked":["Cleave","Warcry"],"picked":"Blood for Blood+1","floor":21.0},{"not_picked":["Feel No Pain+1","Infernal Blade+1","Iron Wave"],"picked":"SKIP","floor":24},{"not_picked":["Anger+1","Disarm"],"picked":"Ghostly Armor","floor":27},{"not_picked":["Spot Weakness","Armaments+1","Hemokinesis+1"],"picked":"SKIP","floor":31}],"player_experience":45725,"relics_obtained":[{"floor":6.0,"key":"HornCleat"},{"floor":9.0,"key":"Pear"},{"floor":26,"key":"Toy Ornithopter"},{"floor":27,"key":"Blood Vial"}],"event_choices":[{"damage_healed":0.0,"max_hp_gain":0.0,"max_hp_loss":0.0,"gold_gain":0.0,"event_name":"Accursed Blacksmith","player_choice":"Rummage","floor":5.0,"gold_loss":0.0,"damage_taken":0.0,"relics_obtained":["WarpedTongs"],"cards_obtained":["Pain"]},{"damage_healed":0,"gold_gain":0,"player_choice":"Copied","damage_taken":0,"max_hp_gain":0,"max_hp_loss":0,"event_name":"Duplicator","floor":29,"gold_loss":0,"cards_obtained":["Anger"]}],"is_beta":false,"boss_relics":[{"not_picked":["Sozu","Runic Dome","Philosopher\u0027s Stone"]}],"items_purged_floors":[],"is_endless":false,"potions_floor_spawned":[1,2,3,8,10,19,21,27,31],"killed_by":"Automaton","ascension_level":0}}