{"host":"uc8wz0q199a7d901","time":1613040963,"event":{"mods":["2.2 Compatiblity","BaseMod","Colored Map","DeckTracker","Highlight Path","Minty Spire (QoL Compilation)","Permanent Neow","Quick Restart","SuperFastMode"],"gold_per_floor":[14,14,33,33,108,108,383,383,429,446,110,128,128,41,41,116,116,129,129,46,60,80,80,113,125,137,162,174,13,23,23,23,101,101,121,121,46,46,64,99,99,114,137,137,137],"floor_reached":44,"language":"KOR","playtime":1752,"items_purged":["Regret"],"score":888,"play_id":"83b34b17-244c-46a7-8a4d-d58ce66377c9","local_time":"20210211195603","is_ascension_mode":true,"campfire_choices":[{"floor":6.0,"key":"DIG"},{"floor":8.0,"key":"DIG"},{"floor":13.0,"key":"DIG"},{"data":"Riddle With Holes","floor":15.0,"key":"SMITH"},{"floor":23.0,"key":"DIG"},{"floor":25.0,"key":"REST"},{"floor":28.0,"key":"DIG"},{"floor":32.0,"key":"REST"},{"floor":41.0,"key":"REST"}],"circlet_count":0,"master_deck":["AscendersBane","Survivor+1","Neutralize","Blade Dance","Prepared+1","Blade Dance+1","Well Laid Plans","Acrobatics+1","Riddle With Holes+1","Cloak And Dagger+1","Reflex+1","Doppelganger+1","A Thousand Cuts","Doppelganger+1","Flechettes","Wraith Form v2","Catalyst+1","Reflex+1","Doppelganger+1","Noxious Fumes","Backflip+1","Choke+1","Envenom","Venomology+1","Noxious Fumes+1","Dark Shackles+1","Finesse+1","Madness+1","Escape Plan+1","Terror+1","Catalyst+1","Deadly Poison+1"],"relics":["Ring of the Snake","Shovel","Toxic Egg 2","Sundial","Akabeko","Bag of Preparation","Pandora\u0027s Box","Ancient Tea Set","MawBank","TungstenRod","Bottled Lightning","WristBlade","Girya","War Paint"],"acts_visited":["Exordium","TheCity","TheBeyond"],"potions_floor_usage":[44],"damage_taken":[{"damage":1.0,"enemies":"Cultist","floor":1.0,"turns":4.0},{"damage":4.0,"enemies":"Small Slimes","floor":3.0,"turns":4.0},{"damage":1.0,"enemies":"Jaw Worm","floor":10.0,"turns":2.0},{"damage":0.0,"enemies":"2 Fungi Beasts","floor":12.0,"turns":3.0},{"damage":22.0,"enemies":"The Guardian","floor":16.0,"turns":14.0},{"damage":0.0,"enemies":"Spheric Guardian","floor":18.0,"turns":1.0},{"damage":1.0,"enemies":"2 Thieves","floor":21.0,"turns":3.0},{"damage":2.0,"enemies":"3 Cultists","floor":22.0,"turns":4.0},{"damage":4.0,"enemies":"Gremlin Leader","floor":24.0,"turns":4.0},{"damage":12.0,"enemies":"Centurion and Healer","floor":27.0,"turns":4.0},{"damage":11.0,"enemies":"Cultist and Chosen","floor":30.0,"turns":5.0},{"damage":24.0,"enemies":"Automaton","floor":33.0,"turns":6.0},{"damage":8.0,"enemies":"3 Darklings","floor":35.0,"turns":3.0},{"damage":0.0,"enemies":"Orb Walker","floor":39.0,"turns":2.0},{"damage":31.0,"enemies":"Reptomancer","floor":40.0,"turns":6.0},{"damage":19.0,"enemies":"3 Darklings","floor":42.0,"turns":3.0},{"damage":14,"enemies":"Spire Growth","floor":44,"turns":3}],"seed_played":"-8578957627282715674","potions_obtained":[{"floor":12.0,"key":"LiquidBronze"},{"floor":21.0,"key":"PowerPotion"},{"floor":22.0,"key":"Weak Potion"},{"floor":27.0,"key":"BlessingOfTheForge"},{"floor":40.0,"key":"Energy Potion"}],"is_trial":false,"path_per_floor":["M","?","M","?","?","R","?","R","T","M","$","M","R","$","R","B",null,"M","?","$","M","M","R","E","R","T","M","R","$","M","?","R","B",null,"M","?","$","?","M","E","R","M","T","M"],"character_chosen":"THE_SILENT","items_purchased":["Well Laid Plans","Acrobatics+1","Riddle With Holes","FearPotion","Reflex+1","Noxious Fumes","Envenom","Escape Plan+1"],"campfire_rested":3,"item_purchase_floors":[11,11,11,11,14,20,29,37],"current_hp_per_floor":[58,58,54,47,36,36,36,36,36,35,35,35,35,35,35,13,53,53,53,53,52,50,50,46,65,65,53,53,53,42,42,61,37,59,51,42,42,42,42,11,30,11,11,0,0],"gold":137,"neow_bonus":"ONE_RARE_RELIC","is_daily":false,"chose_seed":false,"campfire_upgraded":1,"win_rate":0.0,"timestamp":1613040963,"path_taken":["M","?","M","?","?","R","?","R","T","?","$","M","R","?","R","BOSS","M","?","$","M","M","R","E","R","T","M","R","$","M","?","R","BOSS","M","?","$","?","M","E","R","M","T","M"],"items_purchased_type":["Card","Card","Card","Potion","Card","Card","Card","Card"],"build_version":"2020-12-22","purchased_purges":1,"victory":false,"max_hp_per_floor":[66,66,66,66,66,66,66,66,66,66,66,66,66,66,66,66,66,66,66,66,66,66,66,66,66,66,66,66,66,66,66,66,66,66,66,66,66,66,66,66,66,66,66,66,66],"card_choices":[{"not_picked":["Prepared","Blur"],"picked":"Blade Dance","floor":1.0},{"not_picked":["Distraction","PiercingWail"],"picked":"Dagger Spray","floor":3.0},{"not_picked":["Endless Agony","Expertise+1"],"picked":"Blade Dance+1","floor":10.0},{"not_picked":["Underhanded Strike","Backflip+1"],"picked":"Cloak And Dagger+1","floor":12.0},{"not_picked":["Tools of the Trade","Storm of Steel+1"],"picked":"Doppelganger+1","floor":16.0},{"not_picked":["Outmaneuver+1","Well Laid Plans","Dagger Spray"],"picked":"SKIP","floor":18.0},{"not_picked":["Dagger Spray","Bane","Masterful Stab"],"picked":"SKIP","floor":21.0},{"not_picked":["Endless Agony","Predator"],"picked":"Backflip+1","floor":22.0},{"not_picked":["Slice","Acrobatics+1"],"picked":"Choke+1","floor":24.0},{"not_picked":["Dagger Spray+1","Deflect+1","Acrobatics+1"],"picked":"SKIP","floor":27.0},{"not_picked":["Sucker Punch","Quick Slash+1","Blade Dance+1"],"picked":"SKIP","floor":30.0},{"not_picked":["A Thousand Cuts","Storm of Steel+1"],"picked":"Venomology+1","floor":33.0},{"not_picked":["Outmaneuver+1","Bane"],"picked":"Noxious Fumes+1","floor":35.0},{"not_picked":["Madness+1","Dramatic Entrance"],"picked":"Dark Shackles+1","floor":36.0},{"not_picked":["Impatience+1","Forethought+1"],"picked":"Finesse+1","floor":36.0},{"not_picked":["Enlightenment+1","PanicButton+1"],"picked":"Madness+1","floor":36.0},{"not_picked":["Acrobatics+1","Deadly Poison+1"],"picked":"Terror+1","floor":39.0},{"not_picked":["Prepared+1","Blade Dance+1"],"picked":"Catalyst+1","floor":40.0},{"not_picked":["Dodge and Roll+1","Heel Hook"],"picked":"Deadly Poison+1","floor":42.0}],"player_experience":741993,"relics_obtained":[{"floor":6.0,"key":"Toxic Egg 2"},{"floor":8.0,"key":"Sundial"},{"floor":9.0,"key":"Akabeko"},{"floor":13.0,"key":"Bag of Preparation"},{"floor":23.0,"key":"Ancient Tea Set"},{"floor":24.0,"key":"MawBank"},{"floor":26.0,"key":"TungstenRod"},{"floor":28.0,"key":"Bottled Lightning"},{"floor":40.0,"key":"Girya"},{"floor":43,"key":"War Paint"}],"event_choices":[{"damage_healed":0.0,"max_hp_gain":0.0,"max_hp_loss":0.0,"gold_gain":0.0,"cards_transformed":["Strike_G"],"event_name":"Living Wall","player_choice":"Change","floor":2.0,"gold_loss":0.0,"damage_taken":0.0,"cards_obtained":["Prepared"]},{"cards_removed":["Defend_G"],"damage_healed":0.0,"max_hp_gain":0.0,"max_hp_loss":0.0,"gold_gain":0.0,"event_name":"Golden Wing","player_choice":"Card Removal","floor":4.0,"gold_loss":0.0,"damage_taken":7.0},{"damage_healed":0.0,"max_hp_gain":0.0,"max_hp_loss":0.0,"gold_gain":75.0,"event_name":"World of Goop","player_choice":"Gather Gold","floor":5.0,"gold_loss":0.0,"damage_taken":11.0},{"damage_healed":0.0,"max_hp_gain":0.0,"max_hp_loss":0.0,"gold_gain":275.0,"event_name":"Golden Shrine","player_choice":"Desecrate","floor":7.0,"gold_loss":0.0,"damage_taken":0.0,"cards_obtained":["Regret"]},{"cards_removed":["Setup"],"damage_healed":0.0,"max_hp_gain":0.0,"max_hp_loss":0.0,"gold_gain":0.0,"event_name":"Back to Basics","player_choice":"Elegance","floor":19.0,"gold_loss":0.0,"damage_taken":0.0},{"damage_healed":0.0,"max_hp_gain":0.0,"max_hp_loss":0.0,"gold_gain":0.0,"event_name":"Vampires","player_choice":"Ignored","floor":31.0,"gold_loss":0.0,"damage_taken":0.0},{"damage_healed":0.0,"max_hp_gain":0.0,"max_hp_loss":0.0,"gold_gain":0.0,"event_name":"SensoryStone","player_choice":"Memory 3","floor":36.0,"gold_loss":0.0,"damage_taken":10.0},{"cards_removed":["Dagger Spray"],"damage_healed":0.0,"max_hp_gain":0.0,"max_hp_loss":0.0,"gold_gain":0.0,"event_name":"Falling","player_choice":"Removed Attack","floor":38.0,"gold_loss":0.0,"damage_taken":0.0}],"is_beta":false,"boss_relics":[{"not_picked":["Calling Bell","Astrolabe"],"picked":"Pandora\u0027s Box"},{"not_picked":["Philosopher\u0027s Stone","Runic Dome"],"picked":"WristBlade"}],"items_purged_floors":[11],"is_endless":false,"potions_floor_spawned":[12,21,22,27,33,40],"killed_by":"Spire Growth","ascension_level":20}}