{"host":"wrdw6zkxuilnr6rg","time":1612684184,"event":{"mods":["BaseMod","Bestiary","Colored Powertips","Hermit","Highlight Path","Minty Spire (QoL Compilation)","Quick Restart","Relic Stats","StSLib"],"gold_per_floor":[112,132,132,142,162,162,112,112,112,141,161,195,276,302,302,400,400,420,420,433,56,71,71,90,116,116,143,143,242,93,103,103,206,206,220,0,55,55,75,105,124,159,159,172,197,197,211,228,228,228],"floor_reached":51,"language":"ENG","playtime":1913,"items_purged":["Dark Embrace+1","Defend_R"],"score":939,"play_id":"9c5b800a-4203-4ba8-abea-b56a2fc68a3a","local_time":"20210207104944","is_ascension_mode":true,"campfire_choices":[{"data":"Perfected Strike","floor":6,"key":"SMITH"},{"data":"Armaments","floor":8,"key":"SMITH"},{"data":"Flame Barrier","floor":15,"key":"SMITH"},{"data":"Bash","floor":23,"key":"SMITH"},{"data":"Limit Break","floor":28,"key":"SMITH"},{"data":"Bloodletting","floor":32,"key":"SMITH"},{"floor":46,"key":"REST"},{"floor":49,"key":"REST"}],"circlet_count":0,"master_deck":["Strike_R","Strike_R","Strike_R","Strike_R","Strike_R","Defend_R","Bash+1","Cleave","Perfected Strike+1","Limit Break+1","Pommel Strike","Shrug It Off","Flame Barrier+1","Offering","Barricade+1","Dropkick+1","Thunderclap","Battle Trance","Entrench+1","Spot Weakness","Twin Strike","Bloodletting+1","Impervious","Seeing Red","Dropkick","Heavy Blade+1","Ghostly Armor+1","Intimidate","Demon Form","Wild Strike+1","Demon Form"],"relics":["Burning Blood","Orichalcum","WarpedTongs","Darkstone Periapt","Akabeko","StrikeDummy","Centennial Puzzle","Astrolabe","Sling","Tiny Chest","PreservedInsect","Question Card","Turnip","Sozu","Red Mask","Lizard Tail","Mercury Hourglass","Oddly Smooth Stone","HornCleat","Molten Egg 2","Nunchaku"],"acts_visited":["Exordium","TheCity","TheBeyond"],"potions_floor_usage":[16,25,35,40],"damage_taken":[{"damage":0,"enemies":"Cultist","floor":1,"turns":3},{"damage":2,"enemies":"Small Slimes","floor":2,"turns":3},{"damage":8,"enemies":"Jaw Worm","floor":4,"turns":3},{"damage":11,"enemies":"Large Slime","floor":5,"turns":5},{"damage":9,"enemies":"3 Sentries","floor":10,"turns":7},{"damage":6,"enemies":"Blue Slaver","floor":11,"turns":2},{"damage":24,"enemies":"Lagavulin","floor":12,"turns":5},{"damage":4,"enemies":"3 Sentries","floor":14,"turns":3},{"damage":0,"enemies":"Slime Boss","floor":16,"turns":6},{"damage":16,"enemies":"2 Thieves","floor":18,"turns":3},{"damage":6,"enemies":"Shell Parasite","floor":20,"turns":2},{"damage":6,"enemies":"Snecko","floor":22,"turns":2},{"damage":10,"enemies":"Chosen and Byrds","floor":24,"turns":3},{"damage":7,"enemies":"Slavers","floor":25,"turns":2},{"damage":18,"enemies":"Gremlin Leader","floor":27,"turns":3},{"damage":10,"enemies":"Cultist and Chosen","floor":31,"turns":3},{"damage":22,"enemies":"Champ","floor":33,"turns":7},{"damage":12,"enemies":"3 Darklings","floor":35,"turns":3},{"damage":26,"enemies":"2 Orb Walkers","floor":37,"turns":4},{"damage":5,"enemies":"Orb Walker","floor":39,"turns":2},{"damage":13,"enemies":"Giant Head","floor":40,"turns":4},{"damage":10,"enemies":"3 Darklings","floor":41,"turns":3},{"damage":9,"enemies":"Reptomancer","floor":42,"turns":3},{"damage":23,"enemies":"Transient","floor":44,"turns":5},{"damage":12,"enemies":"Giant Head","floor":45,"turns":2},{"damage":14,"enemies":"Writhing Mass","floor":47,"turns":3},{"damage":13,"enemies":"4 Shapes","floor":48,"turns":5},{"damage":66,"enemies":"Awakened One","floor":50,"turns":8}],"seed_played":"6137758021033507215","potions_obtained":[{"floor":1,"key":"Swift Potion"},{"floor":4,"key":"Dexterity Potion"},{"floor":11,"key":"DistilledChaos"},{"floor":16,"key":"FearPotion"},{"floor":22,"key":"FairyPotion"},{"floor":25,"key":"SkillPotion"}],"is_trial":false,"path_per_floor":["M","M","?","M","M","R","?","R","T","E","M","E","T","E","R","B",null,"M","?","M","$","M","R","M","E","T","E","R","?","$","M","R","B",null,"M","?","?","T","M","E","M","E","T","M","E","R","M","M","R","B",null],"character_chosen":"IRONCLAD","items_purchased":["Sling","Tiny Chest","Twin Strike"],"campfire_rested":2,"item_purchase_floors":[21,21,30],"current_hp_per_floor":[80,80,80,78,73,73,73,73,73,70,70,52,52,54,54,60,80,70,70,70,70,70,70,66,65,65,53,53,53,53,49,49,33,80,74,74,54,54,55,48,44,41,41,24,18,42,34,27,51,17],"gold":228,"neow_bonus":"RANDOM_COMMON_RELIC","is_daily":false,"chose_seed":false,"campfire_upgraded":6,"win_rate":0.0,"timestamp":1612684184,"path_taken":["M","M","?","?","?","R","?","R","T","E","M","E","?","E","R","BOSS","M","?","M","$","M","R","M","E","T","E","R","?","$","M","R","BOSS","M","?","?","?","M","E","M","E","T","M","E","R","M","M","R","BOSS"],"items_purchased_type":["Relic","Relic","Card"],"build_version":"2020-12-22","purchased_purges":2,"victory":true,"max_hp_per_floor":[80,80,80,80,80,80,80,80,80,80,80,80,80,80,80,80,80,80,80,80,80,80,80,80,80,80,80,80,80,80,80,80,80,80,80,80,80,80,80,80,80,80,80,80,80,80,80,80,80,80],"relic_stats":{"Darkstone Periapt":0,"counters":[28,104],"Astrolabe":["Dark Embrace","Barricade","Dropkick"],"PreservedInsect":354,"Orichalcum":[312],"Question Card":13,"Burning Blood":158,"WarpedTongs":[98],"Mercury Hourglass":[171],"Sozu":4,"Centennial Puzzle":[51],"Lizard Tail":0,"Nunchaku":[3],"Tiny Chest":1,"Turnip":[0],"obtain_stats":[{"Darkstone Periapt":10,"Astrolabe":17,"Oddly Smooth Stone":40,"PreservedInsect":25,"Orichalcum":0,"Sling":21,"Question Card":26,"Burning Blood":0,"Akabeko":12,"WarpedTongs":3,"Mercury Hourglass":38,"Sozu":34,"Centennial Puzzle":14,"Lizard Tail":37,"Nunchaku":45,"HornCleat":42,"Tiny Chest":21,"Molten Egg 2":43,"Turnip":27,"Red Mask":36,"StrikeDummy":13},{"Darkstone Periapt":5,"Astrolabe":9,"Oddly Smooth Stone":21,"PreservedInsect":14,"Orichalcum":0,"Sling":11,"Question Card":14,"Burning Blood":0,"Akabeko":7,"WarpedTongs":2,"Mercury Hourglass":19,"Sozu":17,"Centennial Puzzle":8,"Lizard Tail":19,"Nunchaku":25,"HornCleat":23,"Tiny Chest":11,"Molten Egg 2":23,"Turnip":15,"Red Mask":18,"StrikeDummy":7},{"Darkstone Periapt":21,"Astrolabe":37,"Oddly Smooth Stone":75,"PreservedInsect":49,"Orichalcum":0,"Sling":42,"Question Card":49,"Burning Blood":0,"Akabeko":28,"WarpedTongs":6,"Mercury Hourglass":69,"Sozu":62,"Centennial Puzzle":31,"Lizard Tail":69,"Nunchaku":88,"HornCleat":81,"Tiny Chest":42,"Molten Egg 2":81,"Turnip":52,"Red Mask":65,"StrikeDummy":28}]},"card_choices":[{"not_picked":["Dark Embrace","Burning Pact"],"picked":"Cleave","floor":1},{"not_picked":["Havoc","Heavy Blade"],"picked":"Armaments","floor":2},{"not_picked":["Heavy Blade","Ghostly Armor"],"picked":"Perfected Strike","floor":4},{"not_picked":["Fire Breathing","Fiend Fire"],"picked":"Limit Break","floor":10},{"not_picked":["Thunderclap","Headbutt"],"picked":"Pommel Strike","floor":11},{"not_picked":["Thunderclap","Anger"],"picked":"Shrug It Off","floor":12},{"not_picked":["Rampage","Rage"],"picked":"Flame Barrier","floor":14},{"not_picked":["Feed","Limit Break"],"picked":"Offering","floor":16},{"not_picked":["True Grit","Rupture+1"],"picked":"Thunderclap","floor":18},{"not_picked":["Pummel+1","Warcry"],"picked":"Battle Trance","floor":20},{"not_picked":["Clothesline+1","Second Wind","Evolve"],"picked":"SKIP","floor":22},{"not_picked":["Ghostly Armor+1","Clash"],"picked":"Entrench+1","floor":24},{"not_picked":["Feel No Pain","Berserk"],"picked":"Spot Weakness","floor":25},{"not_picked":["Clash+1","Carnage","Second Wind+1"],"picked":"Bloodletting","floor":31},{"not_picked":["Exhume","Barricade","Immolate"],"picked":"Impervious","floor":33},{"not_picked":["Iron Wave","Uppercut+1","Hemokinesis"],"picked":"Seeing Red","floor":35},{"not_picked":["Burning Pact","Shrug It Off+1","Havoc+1"],"picked":"Dropkick","floor":37},{"not_picked":["Sword Boomerang","True Grit+1","Thunderclap"],"picked":"Heavy Blade+1","floor":39},{"not_picked":["Bludgeon","Warcry","Hemokinesis+1"],"picked":"Ghostly Armor+1","floor":40},{"not_picked":["Blood for Blood+1","Shrug It Off+1","Havoc"],"picked":"Intimidate","floor":41},{"not_picked":["Rampage","True Grit+1","Thunderclap+1"],"picked":"Demon Form","floor":42},{"not_picked":["Iron Wave+1","Cleave+1","True Grit"],"picked":"Wild Strike+1","floor":44},{"not_picked":["Entrench","Headbutt+1","Flex+1"],"picked":"Demon Form","floor":45},{"not_picked":["Evolve+1","Second Wind","Clothesline+1","Shrug It Off+1"],"picked":"SKIP","floor":47},{"not_picked":["Warcry","Carnage+1","Rampage+1","Pommel Strike+1"],"picked":"SKIP","floor":48}],"player_experience":1522945,"relics_obtained":[{"floor":10,"key":"Darkstone Periapt"},{"floor":12,"key":"Akabeko"},{"floor":13,"key":"StrikeDummy"},{"floor":14,"key":"Centennial Puzzle"},{"floor":25,"key":"PreservedInsect"},{"floor":26,"key":"Question Card"},{"floor":27,"key":"Turnip"},{"floor":37,"key":"Lizard Tail"},{"floor":38,"key":"Mercury Hourglass"},{"floor":40,"key":"Oddly Smooth Stone"},{"floor":42,"key":"HornCleat"},{"floor":43,"key":"Molten Egg 2"},{"floor":45,"key":"Nunchaku"}],"event_choices":[{"damage_healed":0,"gold_gain":0,"player_choice":"Rummage","damage_taken":0,"relics_obtained":["WarpedTongs"],"max_hp_gain":0,"max_hp_loss":0,"event_name":"Accursed Blacksmith","floor":3,"gold_loss":0,"cards_obtained":["Pain"]},{"cards_removed":["Pain"],"damage_healed":0,"gold_gain":0,"player_choice":"Card Removal","damage_taken":0,"max_hp_gain":0,"max_hp_loss":0,"event_name":"The Cleric","floor":7,"gold_loss":50},{"damage_healed":0,"gold_gain":0,"player_choice":"Ignored","damage_taken":0,"max_hp_gain":0,"max_hp_loss":0,"event_name":"Ghosts","floor":19,"gold_loss":0},{"damage_healed":0,"gold_gain":99,"player_choice":"Stole From Cult","damage_taken":0,"max_hp_gain":0,"max_hp_loss":0,"event_name":"Nest","floor":29,"gold_loss":0},{"damage_healed":0,"gold_gain":0,"player_choice":"Paid","damage_taken":0,"relics_obtained":["Red Mask"],"max_hp_gain":0,"max_hp_loss":0,"event_name":"Tomb of Lord Red Mask","floor":36,"gold_loss":220},{"damage_healed":0,"gold_gain":0,"player_choice":"Fight","damage_taken":0,"max_hp_gain":0,"max_hp_loss":0,"event_name":"Mysterious Sphere","floor":37,"gold_loss":0}],"is_beta":false,"boss_relics":[{"not_picked":["Pandora\u0027s Box","Runic Pyramid"],"picked":"Astrolabe"},{"not_picked":["Black Blood","Busted Crown"],"picked":"Sozu"}],"items_purged_floors":[21,30],"is_endless":false,"potions_floor_spawned":[1,4,11,16,22,25,31,33,35,40,41,45],"ascension_level":1}}