{"host":"04hh9gplt9wkfmr1","time":1613060086,"event":{"mods":["AchievementEnabler","BaseMod","Colored Map","KOR Keyword Fix","Minty Spire (QoL Compilation)","Rare Cards Sparkle","SuperFastMode"],"gold_per_floor":[110,125,142,156,171,171,186,211,257,257,291,291,325,341,341,341,341],"floor_reached":16,"language":"KOR","playtime":562,"items_purged":[],"score":156,"play_id":"5a7e4458-b016-45ed-908e-6061de809f39","local_time":"20210212011446","is_ascension_mode":true,"campfire_choices":[{"data":"Eruption","floor":6.0,"key":"SMITH"},{"data":"LikeWater","floor":10.0,"key":"SMITH"},{"floor":15.0,"key":"REST"}],"circlet_count":0,"master_deck":["Strike_P","Strike_P","Strike_P","Defend_P","Defend_P","Defend_P","Defend_P","Eruption+1","Vigilance","Adaptation","LikeWater+1","FlurryOfBlows","FearNoEvil","CarveReality","Consecrate","FollowUp","DevaForm","FlurryOfBlows","Alpha"],"relics":["PureWater","Shuriken","Dream Catcher","Calipers","Question Card"],"acts_visited":["Exordium"],"potions_floor_usage":[16],"damage_taken":[{"damage":0.0,"enemies":"Cultist","floor":1.0,"turns":3.0},{"damage":0.0,"enemies":"2 Louse","floor":2.0,"turns":2.0},{"damage":1.0,"enemies":"Jaw Worm","floor":3.0,"turns":4.0},{"damage":18.0,"enemies":"Exordium Thugs","floor":4.0,"turns":7.0},{"damage":0.0,"enemies":"Red Slaver","floor":5.0,"turns":5.0},{"damage":3.0,"enemies":"Lots of Slimes","floor":7.0,"turns":5.0},{"damage":13.0,"enemies":"Lagavulin","floor":8.0,"turns":6.0},{"damage":0.0,"enemies":"Gremlin Nob","floor":11.0,"turns":2.0},{"damage":19.0,"enemies":"Lagavulin","floor":13.0,"turns":5.0},{"damage":11.0,"enemies":"Large Slime","floor":14.0,"turns":3.0},{"damage":28,"enemies":"The Guardian","floor":16,"turns":5}],"seed_played":"-1860381167866394566","potions_obtained":[{"floor":2.0,"key":"Dexterity Potion"},{"floor":7.0,"key":"BlessingOfTheForge"},{"floor":8.0,"key":"GamblersBrew"},{"floor":11.0,"key":"Explosive Potion"}],"is_trial":false,"path_per_floor":["M","M","M","M","M","R","M","E","T","R","E","?","E","M","R","B"],"character_chosen":"WATCHER","items_purchased":[],"campfire_rested":1,"item_purchase_floors":[],"current_hp_per_floor":[79,79,78,60,60,60,57,44,44,44,44,37,18,7,30,2,2],"gold":341,"neow_bonus":"TEN_PERCENT_HP_BONUS","is_daily":false,"chose_seed":false,"campfire_upgraded":2,"win_rate":0.0,"timestamp":1613060086,"path_taken":["M","M","M","M","?","R","M","E","T","R","E","?","E","M","R","BOSS"],"items_purchased_type":[],"build_version":"2020-12-22","purchased_purges":0,"victory":false,"max_hp_per_floor":[79,79,79,79,79,79,79,79,79,79,79,79,79,79,79,79,79],"card_choices":[{"not_picked":["EmptyFist","ClearTheMind"],"picked":"Adaptation","floor":1.0},{"not_picked":["Prostrate","EmptyBody"],"picked":"LikeWater","floor":2.0},{"not_picked":["Protect","SashWhip"],"picked":"FlurryOfBlows","floor":3.0},{"not_picked":["DeceiveReality","CutThroughFate"],"picked":"FearNoEvil","floor":4.0},{"not_picked":["SashWhip","TalkToTheHand","CarveReality"],"picked":"SKIP","floor":5.0},{"not_picked":["SashWhip","TalkToTheHand"],"picked":"CarveReality","floor":5.0},{"not_picked":["Omniscience","WreathOfFlame","ReachHeaven"],"picked":"SKIP","floor":7.0},{"not_picked":["Weave","ThirdEye"],"picked":"Consecrate","floor":8.0},{"not_picked":["Crescendo","FlyingSleeves"],"picked":"FollowUp","floor":11.0},{"not_picked":["CutThroughFate","Study"],"picked":"DevaForm","floor":13.0},{"not_picked":["ThirdEye","Consecrate","BowlingBash"],"picked":"FlurryOfBlows","floor":14.0},{"not_picked":["CarveReality","Crescendo","CutThroughFate"],"picked":"Alpha","floor":15.0}],"player_experience":145759,"relics_obtained":[{"floor":8.0,"key":"Shuriken"},{"floor":9.0,"key":"Dream Catcher"},{"floor":11.0,"key":"Calipers"},{"floor":13.0,"key":"Question Card"}],"event_choices":[{"cards_removed":["Strike_P"],"damage_healed":0.0,"max_hp_gain":0.0,"max_hp_loss":0.0,"gold_gain":0.0,"event_name":"Golden Wing","player_choice":"Card Removal","floor":12.0,"gold_loss":0.0,"damage_taken":7.0}],"is_beta":false,"boss_relics":[],"items_purged_floors":[],"is_endless":false,"potions_floor_spawned":[2,7,8,11],"killed_by":"The Guardian","ascension_level":1}}