{"host":"hka8b3f4pkvnp4ei","time":1613013976,"event":{"mods":["BaseMod","Minty Spire (QoL Compilation)","Quick Restart","Replay The Spire","StSLib"],"gold_per_floor":[112,112,112,130,130,158,4,4,4,30,88,105,120,137,137,137,137],"floor_reached":16,"language":"ZHS","playtime":602,"items_purged":["Strike_G"],"score":196,"play_id":"c6505343-9b8f-4fbe-a062-db2d6436f53d","local_time":"20210211112616","is_ascension_mode":true,"campfire_choices":[{"data":"Blade Dance","floor":8.0,"key":"SMITH"},{"data":"Tactician","floor":15.0,"key":"SMITH"}],"circlet_count":0,"master_deck":["Strike_G","Strike_G","Defend_G","Defend_G","Defend_G","Defend_G","Defend_G","Survivor","Neutralize","Blade Dance+1","Accuracy","Tactician+1","Well Laid Plans"],"relics":["Ring of the Snake","NeowsBlessing","Ancient Tea Set","Replay:Mystery Machine","Letter Opener","Replay:Baseball"],"acts_visited":["Exordium"],"potions_floor_usage":[16,16,16],"damage_taken":[{"damage":0.0,"enemies":"Small Slimes","floor":1.0,"turns":1.0},{"damage":0.0,"enemies":"2 Louse","floor":4.0,"turns":1.0},{"damage":0.0,"enemies":"Gremlin Nob","floor":6.0,"turns":1.0},{"damage":10.0,"enemies":"Lagavulin","floor":10.0,"turns":7.0},{"damage":3.0,"enemies":"3 Sentries","floor":11.0,"turns":9.0},{"damage":0.0,"enemies":"Cultist","floor":12.0,"turns":4.0},{"damage":0.0,"enemies":"Looter","floor":13.0,"turns":3.0},{"damage":0.0,"enemies":"Large Slime","floor":14.0,"turns":6.0},{"damage":29,"enemies":"Fading Forest","floor":16,"turns":9}],"seed_played":"-5590364169707270708","potions_obtained":[{"floor":1.0,"key":"Poison Potion"},{"floor":6.0,"key":"Strength Potion"},{"floor":10.0,"key":"AttackPotion"}],"is_trial":false,"path_per_floor":["M","?","?","M","?","E","$","R","T","E","?","M","M","M","R","B"],"character_chosen":"THE_SILENT","items_purchased":["Accuracy"],"campfire_rested":0,"item_purchase_floors":[7],"current_hp_per_floor":[63,63,56,56,56,56,56,56,56,46,43,43,43,43,43,14,14],"gold":137,"neow_bonus":"THREE_ENEMY_KILL","is_daily":false,"chose_seed":false,"campfire_upgraded":2,"win_rate":0.0,"timestamp":1613013976,"path_taken":["M","?","?","M","?","E","$","R","T","E","?","M","M","M","R","BOSS"],"items_purchased_type":["Card"],"build_version":"2020-12-22","purchased_purges":1,"victory":false,"max_hp_per_floor":[70,70,70,70,70,70,70,70,70,70,70,70,70,70,70,70,70],"card_choices":[{"not_picked":["Bane","Dodge and Roll","Backflip"],"picked":"SKIP","floor":1.0},{"not_picked":["Toxin Wave","Backflip","Bouncing Flask"],"picked":"SKIP","floor":4.0},{"not_picked":["Dagger Spray","Cloak And Dagger","Phantasmal Killer"],"picked":"SKIP","floor":6.0},{"not_picked":["Hidden Blade","Quick Slash","Sucker Punch"],"picked":"SKIP","floor":10.0},{"not_picked":["Escape Plan","Cloak And Dagger"],"picked":"Tactician","floor":12.0},{"not_picked":["Flying Knee","Quick Slash"],"picked":"Well Laid Plans","floor":13.0},{"not_picked":["Dagger Throw","Die Die Die","Cloak And Dagger"],"picked":"SKIP","floor":14.0}],"player_experience":473136,"relics_obtained":[{"floor":6.0,"key":"Ancient Tea Set"},{"floor":9.0,"key":"Replay:Mystery Machine"},{"floor":10.0,"key":"Letter Opener"},{"floor":11.0,"key":"Replay:Baseball"}],"event_choices":[{"damage_healed":0.0,"max_hp_gain":0.0,"max_hp_loss":0.0,"gold_gain":0.0,"event_name":"Liars Game","player_choice":"Ignored","floor":2.0,"gold_loss":0.0,"damage_taken":0.0},{"cards_removed":["Strike_G"],"damage_healed":0.0,"max_hp_gain":0.0,"max_hp_loss":0.0,"gold_gain":0.0,"event_name":"Golden Wing","player_choice":"Card Removal","floor":3.0,"gold_loss":0.0,"damage_taken":7.0},{"damage_healed":0.0,"max_hp_gain":0.0,"max_hp_loss":0.0,"gold_gain":0.0,"cards_transformed":["Strike_G"],"event_name":"Living Wall","player_choice":"Change","floor":5.0,"gold_loss":0.0,"damage_taken":0.0,"cards_obtained":["Blade Dance"]},{"damage_healed":0.0,"max_hp_gain":0.0,"max_hp_loss":0.0,"gold_gain":0.0,"event_name":"Dead Adventurer","player_choice":"Searched \u00271\u0027 times","floor":11.0,"gold_loss":0.0,"damage_taken":0.0}],"is_beta":false,"boss_relics":[],"items_purged_floors":[7],"is_endless":false,"potions_floor_spawned":[1,6,10,11],"killed_by":"Fading Forest","ascension_level":9}}