{"host":"hbel9g7s7ibv8po6","time":1613016976,"event":{"mods":["BaseMod","Duelist Mod","Minty Spire (QoL Compilation)","StSLib"],"gold_per_floor":[143,143,101,26,39,69,69,88,88,117,117,130,185,213,213,213,213],"floor_reached":16,"language":"ENG","playtime":2132,"items_purged":["Regret"],"score":222,"play_id":"c032d81f-47b1-43ba-a1b9-bb27aa3d207a","local_time":"20210211121616","is_ascension_mode":true,"campfire_choices":[{"data":"theDuelist:NaturiaEggplant","floor":7.0,"key":"SMITH"},{"data":"theDuelist:GracefulCharity","floor":11.0,"key":"SMITH"},{"data":"theDuelist:NaturiaSunflower","floor":15,"key":"SMITH"}],"circlet_count":0,"master_deck":["AscendersBane","theDuelist:CastleWalls","theDuelist:CastleWalls","theDuelist:CastleWalls","theDuelist:NaturiaBeast","theDuelist:NaturiaCliff","theDuelist:NaturiaRock","theDuelist:NaturiaTulip","theDuelist:Sparks","theDuelist:Sparks","theDuelist:Sparks","theDuelist:GracefulCharity+1","theDuelist:Blockman","theDuelist:NaturiaEggplant+1","theDuelist:NaturiaSunflower+1","theDuelist:WingedKuriboh","theDuelist:FuryFire+1","theDuelist:NaturiaPineapple"],"relics":["theDuelist:MillenniumPuzzle","theDuelist:CardPoolRelic","theDuelist:CardPoolBasicRelic","theDuelist:BoosterPackPoolRelic","theDuelist:CardPoolAddRelic","theDuelist:CardPoolMinusRelic","theDuelist:CardPoolSaveRelic","theDuelist:CardPoolOptionsRelic","NeowsBlessing","theDuelist:MarkOfNature","theDuelist:NamelessWarRelicB","Nunchaku","Frozen Egg 2","Ice Cream","Matryoshka","theDuelist:GiftAnubis","Smiling Mask"],"acts_visited":["Exordium"],"potions_floor_usage":[13],"damage_taken":[{"damage":0.0,"enemies":"Jaw Worm","floor":1.0,"turns":1.0},{"damage":0.0,"enemies":"Small Slimes","floor":5.0,"turns":1.0},{"damage":0.0,"enemies":"3 Sentries","floor":6.0,"turns":1.0},{"damage":0.0,"enemies":"Cultist","floor":8.0,"turns":4.0},{"damage":5.0,"enemies":"Lagavulin","floor":10.0,"turns":6.0},{"damage":7.0,"enemies":"3 Louse","floor":12.0,"turns":3.0},{"damage":32,"enemies":"Lagavulin Event","floor":13,"turns":8},{"damage":5,"enemies":"3 Sentries","floor":14,"turns":5},{"damage":16,"enemies":"Hexaghost","floor":16,"turns":5}],"seed_played":"-5234994646618107530","potions_obtained":[{"floor":1.0,"key":"theDuelist:StunPotion"},{"floor":8.0,"key":"Weak Potion"},{"floor":12.0,"key":"theDuelist:DestructPotionPotB"},{"floor":14,"key":"theDuelist:WaterBottle"}],"is_trial":false,"path_per_floor":["M","?","?","$","M","E","R","M","T","E","R","M","?","E","R","B"],"character_chosen":"THE_DUELIST","items_purchased":[],"campfire_rested":0,"item_purchase_floors":[],"current_hp_per_floor":[72,72,78,78,78,78,78,78,78,73,73,66,34,29,29,13,13],"gold":213,"neow_bonus":"THREE_ENEMY_KILL","is_daily":false,"chose_seed":false,"campfire_upgraded":3,"win_rate":0.0,"timestamp":1613016976,"path_taken":["M","?","?","$","M","E","R","M","T","E","R","?","?","E","R","BOSS"],"items_purchased_type":[],"build_version":"2020-12-22","purchased_purges":1,"victory":false,"max_hp_per_floor":[80,80,86,86,86,86,86,86,86,86,86,86,86,86,86,86,86],"card_choices":[{"not_picked":["theDuelist:NaturiaCosmobeet","theDuelist:CrystalRose","theDuelist:Wiretap","theDuelist:Spore"],"picked":"theDuelist:GracefulCharity","floor":1.0},{"not_picked":["theDuelist:BigFire","theDuelist:AttackTheMoon","theDuelist:HammerShot","theDuelist:MillenniumGolem"],"picked":"theDuelist:Blockman","floor":5.0},{"not_picked":["theDuelist:NaturiaHydrangea","theDuelist:NaturiaDragonfly","theDuelist:NaturiaCliff","theDuelist:NaturiaStrawberry"],"picked":"theDuelist:NaturiaEggplant","floor":6.0},{"not_picked":["theDuelist:NaturiaHydrangea","theDuelist:SummoningSwarm","theDuelist:NaturiaRagweed","theDuelist:FossilDig"],"picked":"theDuelist:NaturiaSunflower","floor":8.0},{"not_picked":["theDuelist:Fissure","theDuelist:HammerShot","theDuelist:MillenniumGolem","theDuelist:Mudora"],"picked":"theDuelist:WingedKuriboh","floor":10.0},{"not_picked":["theDuelist:SurvivalInstinct","theDuelist:NaturiaLadybug","theDuelist:NaturiaSunflower","theDuelist:LairWire+1","theDuelist:MillenniumScorpion"],"picked":"SKIP","floor":12.0},{"not_picked":["theDuelist:SphereKuriboh+1","theDuelist:Wiretap","theDuelist:DianKeto+1","theDuelist:RedMedicine+1"],"picked":"theDuelist:FuryFire+1","floor":13},{"not_picked":["theDuelist:NaturiaHydrangea","theDuelist:LonefireBlossom","theDuelist:NaturiaButterfly","theDuelist:BarkionBark"],"picked":"theDuelist:NaturiaPineapple","floor":14}],"player_experience":187758,"relics_obtained":[{"floor":6.0,"key":"Nunchaku"},{"floor":9.0,"key":"Frozen Egg 2"},{"floor":10.0,"key":"Ice Cream"},{"floor":14,"key":"Smiling Mask"}],"event_choices":[{"damage_healed":0.0,"max_hp_gain":0.0,"max_hp_loss":0.0,"gold_gain":0.0,"event_name":"Big Fish","player_choice":"Box","floor":2.0,"gold_loss":0.0,"damage_taken":0.0,"relics_obtained":["theDuelist:MarkOfNature"],"cards_obtained":["Regret"]},{"total_magic_score":16.0,"gold_gain":0.0,"duelist":true,"damage_taken":0.0,"relics_obtained":["theDuelist:NamelessWarRelicB"],"points":6.0,"war_reward":2.0,"max_hp_gain":6.0,"max_hp_loss":0.0,"spent_points":{"magic":0.0,"greed":0.0,"war":2.0,"power":0.0,"hunger":4.0},"event_name":"Nameless Tomb","hunger_reward":4.0,"floor":3.0,"gold_loss":42.0,"cards_obtained":[]},{"damage_healed":0,"gold_gain":0,"player_choice":"Searched \u00273\u0027 times","damage_taken":0,"relics_obtained":["Matryoshka"],"max_hp_gain":0,"max_hp_loss":0,"event_name":"Dead Adventurer","floor":13,"gold_loss":0}],"is_beta":false,"boss_relics":[],"items_purged_floors":[4],"is_endless":false,"potions_floor_spawned":[1,8,12,14],"killed_by":"Hexaghost","ascension_level":11}}