{"host":"yhhyog5h1q67ienp","time":1613087955,"event":{"mods":["AchievementEnabler","BaseMod","Block Reminder","Colored Map","Colored Powertips","Minty Spire (QoL Compilation)","Quick Restart","Relic Stats","StSLib","Weighted Paths","ojb\u0027s Better Paths Mod","ojb\u0027s Info Mod"],"gold_per_floor":[114,126,142,152,38,70,70,70,70],"floor_reached":8,"language":"ENG","playtime":656,"items_purged":["Strike_R"],"score":116,"play_id":"e7e35243-d83f-47d8-a7ff-01734f547e32","local_time":"20210211205915","is_ascension_mode":true,"campfire_choices":[{"data":"Rupture","floor":7,"key":"SMITH"}],"circlet_count":0,"master_deck":["AscendersBane","Strike_R","Strike_R","Defend_R","Defend_R","Defend_R","Bash","Ghostly Armor+1","Infernal Blade+1","Heavy Blade+1","Intimidate","Feel No Pain","Disarm","Shrug It Off","Combust","Rupture+1"],"relics":["Astrolabe","Prayer Wheel"],"acts_visited":["Exordium"],"potions_floor_usage":[6,6],"damage_taken":[{"damage":7,"enemies":"Jaw Worm","floor":1,"turns":4},{"damage":12,"enemies":"Small Slimes","floor":2,"turns":3},{"damage":0,"enemies":"2 Louse","floor":3,"turns":3},{"damage":6,"enemies":"Looter","floor":4,"turns":3},{"damage":16,"enemies":"Lagavulin","floor":6,"turns":7},{"damage":31,"enemies":"Gremlin Nob","floor":8,"turns":3}],"seed_played":"4018876859534138028","potions_obtained":[{"floor":2,"key":"FearPotion"},{"floor":3,"key":"SneckoOil"},{"floor":6,"key":"AttackPotion"}],"is_trial":false,"path_per_floor":["M","M","M","M","$","E","R","E"],"character_chosen":"IRONCLAD","items_purchased":["Combust"],"campfire_rested":0,"item_purchase_floors":[5],"current_hp_per_floor":[61,49,49,43,43,27,27,0,0],"gold":70,"neow_bonus":"BOSS_RELIC","is_daily":false,"chose_seed":false,"campfire_upgraded":1,"win_rate":0.0,"timestamp":1613087955,"path_taken":["M","M","M","M","$","E","R","E"],"items_purchased_type":["Card"],"build_version":"2020-12-22","purchased_purges":1,"victory":false,"max_hp_per_floor":[75,75,75,75,75,75,75,75,75],"relic_stats":{"counters":[6,23],"Astrolabe":["Ghostly Armor","Infernal Blade","Heavy Blade"],"Prayer Wheel":0,"obtain_stats":[{"Astrolabe":0,"Prayer Wheel":6,"Burning Blood":0},{"Astrolabe":0,"Prayer Wheel":5,"Burning Blood":0},{"Astrolabe":0,"Prayer Wheel":20,"Burning Blood":0}]},"card_choices":[{"not_picked":["Havoc","Cleave"],"picked":"Intimidate","floor":1},{"not_picked":["Ghostly Armor","Shrug It Off"],"picked":"Feel No Pain","floor":2},{"not_picked":["Clash","Blood for Blood"],"picked":"Disarm","floor":3},{"not_picked":["Second Wind","Sword Boomerang"],"picked":"Shrug It Off","floor":4},{"not_picked":["Evolve","Body Slam"],"picked":"Rupture","floor":6}],"player_experience":1457094,"relics_obtained":[{"floor":6,"key":"Prayer Wheel"}],"event_choices":[],"is_beta":false,"boss_relics":[],"items_purged_floors":[5],"is_endless":false,"potions_floor_spawned":[2,3,6],"killed_by":"Gremlin Nob","ascension_level":20}}