{"host":"onk0sru1v5nf4gev","time":1613083167,"event":{"mods":["AchievementEnabler","BaseMod","Downfall","Googly Eyes","Hermit","Minty Spire (QoL Compilation)","Replay The Spire","StSLib","SuperFastMode","The Cursed"],"gold_per_floor":[114,34,34,34,51,51,51,51,67,94,119,130,160,235,245,259,259,359,359,375,375,290,389,389,389,424,424,424,424,451,476,486,504,504,600,600,615,18,18,37,37,72,87,98,121,47,97,123,123,137,137,137],"floor_reached":53,"language":"FRA","playtime":1591,"items_purged":[],"score":891,"play_id":"43b6af8a-52ce-4347-883d-1212ee41c82a","local_time":"20210211233927","is_ascension_mode":true,"campfire_choices":[{"data":"Heavy Blade","floor":8.0,"key":"SMITH"},{"data":"Flex","floor":17.0,"key":"SMITH"},{"data":"Armaments","floor":25.0,"key":"SMITH"},{"data":"Inflame","floor":27.0,"key":"SMITH"},{"data":"Immolate","floor":29.0,"key":"SMITH"},{"floor":34.0,"key":"REST"},{"floor":49.0,"key":"REST"},{"floor":51.0,"key":"REST"}],"circlet_count":0,"master_deck":["Strike_R","Strike_R","Strike_R","Strike_R","Defend_R","Defend_R","Defend_R","Defend_R","Bash","Heavy Blade+1","Inflame+1","Seeing Red","Flex+1","Cleave","Clash","Immolate+1","Armaments+1","Inflame+1","ReplayTheSpireMod:Muscle Training+1","Replay:Undeath\u0027s Touch","Armaments+1","Flex+1","Warcry+1","Infernal Blade+1","Inflame+1","Warcry+1","Dual Wield+1"],"relics":["Burning Blood","NeowsBlessing","Bag of Preparation","Tiny Chest","Mark of Pain","Mango","PreservedInsect","Ancient Tea Set","Mercury Hourglass","Art of War","Pen Nib","Fusion Hammer","Lizard Tail","Meat on the Bone","Durian","War Paint","Gambling Chip","King of Hearts"],"acts_visited":["Exordium","TheCity","TheBeyond"],"potions_floor_usage":[52,52,52],"damage_taken":[{"damage":0.0,"enemies":"Cultist","floor":1.0,"turns":1.0},{"damage":0.0,"enemies":"Small Slimes","floor":5.0,"turns":1.0},{"damage":0.0,"enemies":"2 Louse","floor":9.0,"turns":1.0},{"damage":0.0,"enemies":"Large Slime","floor":12.0,"turns":3.0},{"damage":6.0,"enemies":"Blue Slaver","floor":15.0,"turns":3.0},{"damage":0.0,"enemies":"2 Fungi Beasts","floor":16.0,"turns":2.0},{"damage":33.0,"enemies":"Slime Boss","floor":18.0,"turns":10.0},{"damage":23.0,"enemies":"Spheric Guardian","floor":20.0,"turns":4.0},{"damage":10.0,"enemies":"Slavers","floor":26.0,"turns":2.0},{"damage":23.0,"enemies":"Replay:Snechameleon","floor":31.0,"turns":3.0},{"damage":9.0,"enemies":"Shell Parasite","floor":32.0,"turns":2.0},{"damage":25.0,"enemies":"Snake Plant","floor":33.0,"turns":2.0},{"damage":54.0,"enemies":"Collector","floor":35.0,"turns":8.0},{"damage":8.0,"enemies":"3 Shapes","floor":37.0,"turns":1.0},{"damage":11.0,"enemies":"Orb Walker","floor":40.0,"turns":3.0},{"damage":0.0,"enemies":"R_Hoarder","floor":42.0,"turns":4.0},{"damage":35.0,"enemies":"3 Darklings","floor":43.0,"turns":4.0},{"damage":11.0,"enemies":"Maw","floor":44.0,"turns":5.0},{"damage":19.0,"enemies":"Mind Bloom Boss Battle","floor":47.0,"turns":4.0},{"damage":9.0,"enemies":"Spire Growth","floor":50.0,"turns":3.0},{"damage":94,"enemies":"Donu and Deca","floor":52,"turns":7}],"seed_played":"862033937217284468","potions_obtained":[{"floor":9.0,"key":"Doom Potion"},{"floor":12.0,"key":"BloodPotion"},{"floor":15.0,"key":"Regen Potion"},{"floor":35.0,"key":"Adrenaline Potion"},{"floor":44.0,"key":"EssenceOfSteel"},{"floor":47.0,"key":"DistilledChaos"},{"floor":50.0,"key":"SkillPotion"}],"is_trial":false,"path_per_floor":["M","$","?","$","M","PTL","PTL","R","M","T","T","M","?","?","M","M","R","B",null,"M","T","?","?","?","R","E","R","T","R","T","E","M","M","R","B",null,"M","$","?","M","$","E","M","M","T","$","?","T","R","M","R","B",null],"character_chosen":"IRONCLAD","items_purchased":["Inflame","Lizard Tail","Meat on the Bone","Flex","Regen Potion"],"campfire_rested":3,"item_purchase_floors":[2,38,38,38,46],"current_hp_per_floor":[80,80,80,80,80,80,80,80,80,80,80,80,80,69,69,75,75,48,80,63,77,77,77,77,77,73,73,73,73,73,74,71,52,80,32,94,92,92,92,87,87,98,69,64,64,64,63,63,92,89,99,23],"gold":137,"neow_bonus":"THREE_ENEMY_KILL","is_daily":false,"chose_seed":false,"campfire_upgraded":5,"win_rate":0.0,"timestamp":1613083167,"path_taken":["M","$","?","$","M","PTL","PTL","R","?","?","T","?","?","?","M","M","R","BOSS","M","?","?","?","?","R","E","R","T","R","?","E","M","M","R","BOSS","M","$","?","M","?","E","M","M","T","$","?","?","R","M","R","BOSS"],"items_purchased_type":["Card","Relic","Relic","Card","Potion"],"build_version":"2020-12-22","purchased_purges":0,"victory":true,"max_hp_per_floor":[80,80,80,80,80,80,80,80,80,80,80,80,80,80,80,80,80,80,80,80,94,94,94,94,94,94,94,94,94,94,94,94,94,94,94,94,94,94,94,94,94,99,99,99,99,99,99,99,99,99,99,99],"card_choices":[{"not_picked":["Anger","Burning Pact"],"picked":"Heavy Blade","floor":1.0},{"not_picked":["Wild Strike","Cleave"],"picked":"Seeing Red","floor":5.0},{"not_picked":["Headbutt","Battle Trance"],"picked":"Flex","floor":9.0},{"not_picked":["Run Through","Havoc"],"picked":"Cleave","floor":12.0},{"not_picked":["Feel No Pain","Shrug It Off","Disarm"],"picked":"SKIP","floor":15.0},{"not_picked":["Body Slam","Reckless Charge"],"picked":"Clash","floor":16.0},{"not_picked":["Brutality","Berserk"],"picked":"Immolate","floor":18.0},{"not_picked":["Massacre+1","Burning Pact"],"picked":"Armaments","floor":20.0},{"not_picked":["Brutality","Cleave+1"],"picked":"Inflame","floor":26.0},{"not_picked":["Warcry","Headbutt","Pommel Strike"],"picked":"SKIP","floor":31.0},{"not_picked":["Perfected Strike","Entrench"],"picked":"ReplayTheSpireMod:Muscle Training+1","floor":32.0},{"not_picked":["Havoc+1","Sword Boomerang+1"],"picked":"Replay:Undeath\u0027s Touch","floor":33.0},{"not_picked":["ReplayTheSpireMod:Strike From Hell","Feel No Pain"],"picked":"Armaments+1","floor":37.0},{"not_picked":["Carnage+1","ReplayTheSpireMod:Strike From Hell"],"picked":"Warcry+1","floor":40.0},{"not_picked":["Bloodletting","Metallicize"],"picked":"Infernal Blade","floor":42.0},{"not_picked":["Massacre+1","Rage+1"],"picked":"Inflame+1","floor":43.0},{"not_picked":["Second Wind","Iron Wave"],"picked":"Warcry+1","floor":44.0},{"not_picked":["Clothesline","Twin Strike+1"],"picked":"Dual Wield+1","floor":47.0},{"not_picked":["Replay:Many Hands","Sever Soul","Body Slam"],"picked":"SKIP","floor":50.0}],"player_experience":276628,"relics_obtained":[{"floor":10.0,"key":"Bag of Preparation"},{"floor":11.0,"key":"Tiny Chest"},{"floor":21.0,"key":"Mango"},{"floor":26.0,"key":"Ancient Tea Set"},{"floor":28.0,"key":"Mercury Hourglass"},{"floor":30.0,"key":"Art of War"},{"floor":31.0,"key":"Pen Nib"},{"floor":42.0,"key":"Durian"},{"floor":45.0,"key":"War Paint"},{"floor":47.0,"key":"Gambling Chip"},{"floor":48.0,"key":"King of Hearts"}],"event_choices":[{"damage_healed":0.0,"max_hp_gain":0.0,"max_hp_loss":0.0,"gold_gain":0.0,"event_name":"Accursed Blacksmith","player_choice":"Forge","floor":3.0,"gold_loss":0.0,"damage_taken":0.0,"cards_upgraded":["Inflame"]},{"damage_healed":0.0,"max_hp_gain":0.0,"max_hp_loss":0.0,"gold_gain":30.0,"event_name":"Dead Adventurer","player_choice":"Searched \u00271\u0027 times","floor":13.0,"gold_loss":0.0,"damage_taken":0.0},{"damage_healed":0.0,"max_hp_gain":0.0,"max_hp_loss":0.0,"gold_gain":75.0,"event_name":"World of Goop","player_choice":"Gather Gold","floor":14.0,"gold_loss":0.0,"damage_taken":11.0},{"damage_healed":0.0,"max_hp_gain":0.0,"max_hp_loss":0.0,"gold_gain":0.0,"event_name":"Addict","player_choice":"Obtained Relic","floor":22.0,"gold_loss":85.0,"damage_taken":0.0,"relics_obtained":["PreservedInsect"]},{"damage_healed":0.0,"max_hp_gain":0.0,"max_hp_loss":0.0,"gold_gain":99.0,"event_name":"Nest","player_choice":"Stole From Cult","floor":23.0,"gold_loss":0.0,"damage_taken":0.0},{"cards_removed":["Strike_R"],"damage_healed":0.0,"max_hp_gain":0.0,"max_hp_loss":0.0,"gold_gain":0.0,"event_name":"Falling","player_choice":"Removed Attack","floor":39.0,"gold_loss":0.0,"damage_taken":0.0},{"damage_healed":0.0,"max_hp_gain":0.0,"max_hp_loss":0.0,"gold_gain":0.0,"event_name":"MindBloom","player_choice":"Fight","floor":47.0,"gold_loss":0.0,"damage_taken":0.0}],"is_beta":false,"boss_relics":[{"not_picked":["Ooze Armor","Runic Cube"],"picked":"Mark of Pain"},{"not_picked":["Replay:Ancient Bell","SlaversCollar"],"picked":"Fusion Hammer"}],"items_purged_floors":[],"is_endless":false,"potions_floor_spawned":[9,12,15,20,35,44,47,50],"ascension_level":3}}