{"host":"rm0ctv8qd8mnbkg1","time":1613038018,"event":{"mods":["BaseMod","Beaked The Cultist","BetterRewards","Colored Map","DNKmod","Dark Map","Defuse TimeMaze Blight","Downfall","Friendly Minions","Halation","Hubris","Marisa????????","Minty Spire (QoL Compilation)","MostiFishMod","Permanent Neow","Quarter Circle Forward PUNCH!","RRrroohrrRGHHhhh!!","Rare Cards Sparkle","Relic Sorter","Reliquary","Replay The Spire","RumiaBox-????????","Shade Mod","Shop Mod","Spicy Shops","Spire Arcade","StS++","StSLib","The Construct","The Servant 0.9.4","TheVacant","Wandering Minibosses","??????REMEMod"],"gold_per_floor":[10000,10000,10100,10100,9579,9595,9663,9663,9679,9694,9352,8598,8614,8629,8639,8744,8744,8744,8763,8774,8390,8490,8515,8539,8539,8565,8580,8404,8425,8060,8076,8097,8204,8204,8204,8223,7701,7751,7768,7785,7834,7868,7868,7887,7887,7920,7920,7990,8007,8013],"floor_reached":51,"language":"ENG","playtime":2199,"items_purged":["Pain"],"score":1264,"play_id":"a8780760-8a81-44e6-a04d-719a71604a52","local_time":"20210211100658","is_ascension_mode":false,"campfire_choices":[{"data":"bronze:Goto","floor":1,"key":"SMITH"},{"data":"bronze:FineTuning","floor":18,"key":"SMITH"},{"data":"J.A.X.","floor":25,"key":"SMITH"},{"data":"bronze:TinkerersToolbox","floor":35,"key":"SMITH"},{"data":"bronze:Terminator","floor":43,"key":"SMITH"},{"data":"bronze:Iterate","floor":47,"key":"SMITH"}],"circlet_count":0,"master_deck":["bronze:Strike","bronze:Strike","bronze:Defend","bronze:Defend","bronze:Defend","bronze:Defend","bronze:Replicate","bronze:Goto+1","Tantrum+1","bronze:FineTuning+1","bronze:FineTuning","bronze:OilSpill","bronze:WildBeam","bronze:Deprecate","bronze:FollowUp","bronze:DelayedSlice","bronze:Optimize","bronze:FineTuning","bronze:FineTuning","bronze:RecursiveStrike","bronze:Optimize","bronze:Constructor","bronze:Mutator","bronze:OilSpill","bronze:InfiniteLoop","bronze:Invalidate","bronze:WildBeam+1","J.A.X.+1","bronze:Constructor","bronze:CutThrough","bronze:Fortify","bronze:DelayedSlice","bronze:Iterate+1","bronze:Flail+1","bronze:AlphaBuild","bronze:DelayedGuard+1","bronze:OilSpill+1","bronze:Terminator+1","bronze:TinkerersToolbox+1","bronze:Terminator+1","REME_BuildACard","bronze:FineTuning","bronze:DelayedSlice","bronze:FineTuning+1","bronze:OilSpill","bronze:DelayedSlice+1"],"relics":["bronze:BronzeCore","REME_ComplimentaryCards","DaveBox","GuanYuAspect","halation:EternalFortune","bronze:ProtectiveGoggles","Slimebound:PreparedRelic","Replay:Bottled Snecko","Oddly Smooth Stone","Kunai","Iron Hammer","reliquary:BallBearing","halation:PinkAlligatorPlush","Replay:Rubber Ducky","hubris:SphereOfDissonance","MutagenicStrength","halation:IllGainedPizza","qcfpunch:Broken_Tusk","ImprovedEquipment","halation:BottledLove","ReplayTheSpireMod:CursedCoin","Replay:Wax Seal","Guardian:PocketSentry","Frozen Eye","wanderingMiniBosses:OtherGremlinHorn","Sling","ThornShield","reliquary:HotPoker","Sling","reliquary:JackalopeAntler","CatCart"],"acts_visited":["Exordium","TheCity","TheBeyond"],"potions_floor_usage":[25,31,32],"damage_taken":[{"damage":5,"enemies":"downfall:FleeingMerchant","floor":5,"turns":4},{"damage":2,"enemies":"2 Louse","floor":6,"turns":2},{"damage":0,"enemies":"Small Slimes","floor":9,"turns":3},{"damage":0,"enemies":"Cultist","floor":10,"turns":2},{"damage":1,"enemies":"downfall:FleeingMerchant","floor":11,"turns":3},{"damage":0,"enemies":"Large Slime","floor":13,"turns":2},{"damage":0,"enemies":"Red Slaver","floor":14,"turns":1},{"damage":0,"enemies":"Exordium Thugs","floor":15,"turns":2},{"damage":0,"enemies":"WA_ARCHETYPE_RETAIN","floor":16,"turns":3},{"damage":4,"enemies":"Shell Parasite","floor":19,"turns":2},{"damage":2,"enemies":"Spheric Guardian","floor":20,"turns":1},{"damage":6,"enemies":"downfall:Augmenter","floor":22,"turns":3},{"damage":13,"enemies":"Book of Stabbing","floor":23,"turns":5},{"damage":2,"enemies":"Slavers","floor":26,"turns":1},{"damage":2,"enemies":"Centurion and Healer","floor":27,"turns":1},{"damage":2,"enemies":"Snecko","floor":29,"turns":1},{"damage":7,"enemies":"Shelled Parasite and Fungi","floor":31,"turns":2},{"damage":11,"enemies":"Centurion and Healer","floor":32,"turns":4},{"damage":7,"enemies":"DF_ARCHETYPE_CLAW","floor":33,"turns":2},{"damage":7,"enemies":"3 Darklings","floor":36,"turns":2},{"damage":4,"enemies":"2 Orb Walkers","floor":38,"turns":2},{"damage":5,"enemies":"Orb Walker","floor":39,"turns":1},{"damage":2,"enemies":"Spire Growth","floor":40,"turns":1},{"damage":7,"enemies":"Nemesis","floor":42,"turns":2},{"damage":2,"enemies":"Sphere and 2 Shapes","floor":44,"turns":1},{"damage":4,"enemies":"Giant Head","floor":46,"turns":2},{"damage":29,"enemies":"Orin","floor":48,"turns":5},{"damage":9,"enemies":"4 Shapes","floor":49,"turns":3},{"damage":11,"enemies":"SI_POISON_ARCHETYPE","floor":50,"turns":4}],"seed_played":"-8268556309719092353","potions_obtained":[{"floor":6,"key":"bronze:BuildAFunctionPotion"},{"floor":8,"key":"qcfpunch:Challenger_Coin"},{"floor":8,"key":"StSpp:InhibitionPotion"},{"floor":22,"key":"EntropicBrew"}],"is_trial":false,"path_per_floor":["R","?","?","?","$","M","T","?","M","M","$","$","M","M","M","B",null,"R","M","M","$","?","E","T","R","E","M","$","M","$","M","M","B",null,"R","M","$","?","M","M","T","E","R","M","T","E","R","?","M","B",null],"character_chosen":"THE_AUTOMATON","items_purchased":["bronze:ProtectiveGoggles","bronze:FineTuning","Slimebound:PreparedRelic","bronze:OilSpill","Oddly Smooth Stone","Kunai","bronze:Optimize","bronze:FineTuning","bronze:RecursiveStrike","Iron Hammer","bronze:Optimize","reliquary:BallBearing","Replay:Rubber Ducky","hubris:SphereOfDissonance","halation:BottledLove","ReplayTheSpireMod:CursedCoin","Replay:Wax Seal","Guardian:PocketSentry","Frozen Eye","bronze:DelayedGuard+1","Sling","REME_BuildACard"],"campfire_rested":0,"item_purchase_floors":[5,5,5,5,11,11,11,11,11,12,12,12,21,21,28,28,30,30,30,30,37,37],"current_hp_per_floor":[500,502,502,502,503,503,503,503,503,503,503,503,503,505,506,506,506,506,506,506,506,506,505,505,505,508,509,509,509,509,509,509,509,509,509,509,509,509,509,509,509,509,509,509,509,509,509,492,500,507],"gold":8013,"neow_bonus":"UPGRADE_CARD","is_daily":false,"chose_seed":false,"campfire_upgraded":6,"win_rate":0.0,"timestamp":1613038018,"path_taken":["R","?","?","?","$","?","T","?","M","?","?","$","M","?","M","BOSS","R","M","?","$","?","E","T","R","E","M","?","M","$","M","M","BOSS","R","M","$","?","M","M","T","E","R","M","?","E","R","?","M","BOSS"],"items_purchased_type":["Relic","Card","Relic","Card","Relic","Relic","Card","Card","Card","Relic","Card","Relic","Relic","Relic","Relic","Relic","Relic","Relic","Relic","Card","Relic","Card"],"build_version":"2020-12-22","purchased_purges":1,"victory":true,"max_hp_per_floor":[500,503,503,503,503,503,503,503,503,503,503,503,503,506,506,506,506,506,506,506,506,506,506,506,506,509,509,509,509,509,509,509,509,509,509,509,509,509,509,509,509,509,509,509,509,509,509,509,509,509],"card_choices":[{"not_picked":["bronze:InfiniteBeams","bronze:ForceShield"],"picked":"bronze:FineTuning","floor":5},{"not_picked":["bronze:Invalidate","bronze:Overheat"],"picked":"bronze:WildBeam","floor":6},{"not_picked":["bronze:BitShift","bronze:DarkDash"],"picked":"bronze:Deprecate","floor":9},{"not_picked":["bronze:Safeguard","bronze:CutThrough"],"picked":"bronze:FollowUp","floor":10},{"not_picked":["bronze:DarkDash","bronze:Shield"],"picked":"bronze:DelayedSlice","floor":11},{"not_picked":["bronze:FollowUp","bronze:BitShift"],"picked":"bronze:Constructor","floor":13},{"not_picked":["bronze:Deprecate","bronze:FollowUp"],"picked":"bronze:Mutator","floor":14},{"not_picked":["bronze:Refactor","bronze:FollowUp"],"picked":"bronze:OilSpill","floor":15},{"not_picked":["bronze:Break","bronze:RecursiveStrike"],"picked":"bronze:InfiniteLoop","floor":16},{"not_picked":["bronze:Deprecate","bronze:OilSpill"],"picked":"bronze:Invalidate","floor":19},{"not_picked":["bronze:Shield+1","bronze:Optimize"],"picked":"bronze:WildBeam+1","floor":20},{"not_picked":[],"picked":"J.A.X.","floor":22},{"not_picked":["bronze:Allocate","bronze:BugBarrage+1"],"picked":"bronze:Fortify","floor":22},{"not_picked":["bronze:CloningBeam+1","bronze:Deprecate"],"picked":"bronze:DelayedSlice","floor":23},{"not_picked":["bronze:ForLoop","bronze:FollowUp"],"picked":"bronze:Iterate","floor":26},{"not_picked":["bronze:OilSpill","bronze:Repulsor+1"],"picked":"bronze:Flail+1","floor":27},{"not_picked":["bronze:Branch","bronze:Overheat"],"picked":"bronze:AlphaBuild","floor":29},{"not_picked":["bronze:GetLatest","bronze:Invalidate"],"picked":"bronze:OilSpill+1","floor":31},{"not_picked":["bronze:Turbo+1","bronze:Philosophize+1"],"picked":"bronze:Terminator+1","floor":32},{"not_picked":["bronze:HardenedForm","bronze:FindAndReplace"],"picked":"bronze:TinkerersToolbox","floor":33},{"not_picked":["bronze:Deprecate+1","bronze:BitShift+1"],"picked":"bronze:Terminator","floor":36},{"not_picked":["bronze:DelayedGuard+1","bronze:BurnOut"],"picked":"bronze:FineTuning","floor":38},{"not_picked":["bronze:DelayedGuard","bronze:InfiniteBeams","bronze:BugBarrage"],"picked":"SKIP","floor":39},{"not_picked":["bronze:WhirlingStrike+1","bronze:WildBeam"],"picked":"bronze:DelayedSlice","floor":40},{"not_picked":["bronze:Turbo+1","bronze:Mutator"],"picked":"bronze:FineTuning+1","floor":42},{"not_picked":["bronze:Iterate","bronze:BugBarrage+1","bronze:Branch"],"picked":"SKIP","floor":44},{"not_picked":["bronze:Invalidate+1","bronze:NullPointer"],"picked":"bronze:OilSpill","floor":46},{"not_picked":["bronze:Flail","bronze:CutThrough+1"],"picked":"bronze:DelayedSlice+1","floor":48},{"not_picked":["bronze:BitShift+1","bronze:ForLoop","bronze:Overheat"],"picked":"SKIP","floor":49}],"player_experience":339570,"relics_obtained":[{"floor":7,"key":"Replay:Bottled Snecko"},{"floor":14,"key":"halation:EternalFortune"},{"floor":22,"key":"MutagenicStrength"},{"floor":23,"key":"halation:IllGainedPizza"},{"floor":24,"key":"qcfpunch:Broken_Tusk"},{"floor":26,"key":"halation:EternalFortune"},{"floor":26,"key":"ImprovedEquipment"},{"floor":32,"key":"wanderingMiniBosses:OtherGremlinHorn"},{"floor":38,"key":"ThornShield"},{"floor":42,"key":"reliquary:HotPoker"},{"floor":45,"key":"reliquary:SculptingSteel"},{"floor":46,"key":"reliquary:JackalopeAntler"},{"floor":48,"key":"CatCart"}],"event_choices":[{"damage_healed":0,"gold_gain":0,"player_choice":"Got Potions","damage_taken":0,"max_hp_gain":0,"max_hp_loss":0,"event_name":"Lab","floor":8,"gold_loss":0},{"damage_healed":0,"gold_gain":0,"player_choice":"Fight","damage_taken":0,"max_hp_gain":0,"max_hp_loss":0,"event_name":"Mysterious Sphere","floor":38,"gold_loss":0},{"damage_healed":0,"gold_gain":0,"player_choice":"Fight","damage_taken":0,"max_hp_gain":0,"max_hp_loss":0,"event_name":"OrinTheCat","floor":48,"gold_loss":0}],"is_beta":false,"boss_relics":[{"not_picked":["RhineFirstAidKit","hubris:CrackedHourglass"],"picked":"halation:PinkAlligatorPlush"},{"not_picked":["halation:Yufonium","StSpp:FireArrow","beaked:MawFillet"]}],"items_purged_floors":[28],"is_endless":false,"potions_floor_spawned":[6,9,15,20,22,26,27,29,39,44,46,48],"ascension_level":0}}