{"host":"sccdx89hs6cnwb1o","time":1613080342,"event":{"mods":["AchievementEnabler","BaseMod","Block Reminder","Colored Powertips","Highlight Path","Minty Spire (QoL Compilation)","Rare Cards Sparkle"],"gold_per_floor":[119,131,149,149,167,202,202,229,229,229,229,229,229,247,247,247,247],"floor_reached":16,"language":"DEU","playtime":1388,"items_purged":[],"score":100,"play_id":"65d3fd7d-0c88-49f8-bdb2-616289eb7255","local_time":"20210211225222","is_ascension_mode":false,"campfire_choices":[{"floor":7,"key":"REST"},{"floor":11,"key":"REST"},{"floor":15,"key":"REST"}],"circlet_count":0,"master_deck":["Strike_G","Strike_G","Strike_G","Strike_G","Strike_G","Defend_G","Defend_G","Defend_G","Defend_G","Defend_G","Survivor","Neutralize","Slice+1","Blur","Backstab","PiercingWail+1","Deadly Poison","Injury","Sucker Punch"],"relics":["Ring of the Snake","Potion Belt","Odd Mushroom","Question Card","Golden Idol","Toxic Egg 2"],"acts_visited":["Exordium"],"potions_floor_usage":[8,16,16],"damage_taken":[{"damage":0,"enemies":"Jaw Worm","floor":1,"turns":4},{"damage":0,"enemies":"Small Slimes","floor":2,"turns":4},{"damage":0,"enemies":"2 Louse","floor":3,"turns":3},{"damage":0,"enemies":"Looter","floor":5,"turns":3},{"damage":44,"enemies":"3 Sentries","floor":6,"turns":16},{"damage":24,"enemies":"The Mushroom Lair","floor":8,"turns":8},{"damage":0,"enemies":"Gremlin Gang","floor":14,"turns":7},{"damage":71,"enemies":"Hexaghost","floor":16,"turns":15}],"seed_played":"-1520695085042461008","potions_obtained":[{"floor":1,"key":"Regen Potion"},{"floor":2,"key":"Energy Potion"},{"floor":8,"key":"Strength Potion"},{"floor":14,"key":"DuplicationPotion"}],"is_trial":false,"path_per_floor":["M","M","M","$","M","E","R","?","T","?","R","?","T","M","R","B"],"character_chosen":"THE_SILENT","items_purchased":[],"campfire_rested":3,"item_purchase_floors":[],"current_hp_per_floor":[63,63,63,63,63,19,44,35,35,18,43,43,43,43,68,0,0],"gold":247,"neow_bonus":"TWENTY_PERCENT_HP_BONUS","is_daily":false,"chose_seed":false,"campfire_upgraded":0,"win_rate":0.0,"timestamp":1613080342,"path_taken":["M","M","M","$","M","E","R","?","T","?","R","?","?","M","R","BOSS"],"items_purchased_type":[],"build_version":"2020-12-22","purchased_purges":0,"victory":false,"max_hp_per_floor":[84,84,84,84,84,84,84,84,84,84,84,84,84,84,84,84,84],"card_choices":[{"not_picked":["Flechettes","Accuracy"],"picked":"Slice","floor":1},{"not_picked":["Terror","Dodge and Roll"],"picked":"Blur","floor":2},{"not_picked":["Tactician","Predator"],"picked":"Backstab","floor":3},{"not_picked":["Eviscerate","All Out Attack","Riddle With Holes"],"picked":"SKIP","floor":5},{"not_picked":["Flying Knee","Die Die Die"],"picked":"PiercingWail","floor":6},{"not_picked":["Slice","Bane"],"picked":"Deadly Poison","floor":8},{"not_picked":["Riddle With Holes","Terror+1","Finisher"],"picked":"Sucker Punch","floor":14}],"player_experience":54832,"relics_obtained":[{"floor":6,"key":"Potion Belt"},{"floor":8,"key":"Odd Mushroom"},{"floor":9,"key":"Question Card"},{"floor":13,"key":"Toxic Egg 2"}],"event_choices":[{"damage_healed":0,"gold_gain":0,"player_choice":"Fought Mushrooms","damage_taken":0,"max_hp_gain":0,"max_hp_loss":0,"event_name":"Mushrooms","floor":8,"gold_loss":0},{"damage_healed":0,"gold_gain":0,"player_choice":"Entered Light","damage_taken":17,"max_hp_gain":0,"max_hp_loss":0,"event_name":"Shining Light","floor":10,"gold_loss":0,"cards_upgraded":["PiercingWail","Slice"]},{"damage_healed":0,"gold_gain":0,"player_choice":"Take Wound","damage_taken":0,"relics_obtained":["Golden Idol"],"max_hp_gain":0,"max_hp_loss":0,"event_name":"Golden Idol","floor":12,"gold_loss":0,"cards_obtained":["Injury"]}],"is_beta":false,"boss_relics":[],"items_purged_floors":[],"is_endless":false,"potions_floor_spawned":[1,2,8,14],"killed_by":"Hexaghost","ascension_level":0}}