{"host":"ttx8tv95o5vka1nm","time":1613052554,"event":{"mods":["AchievementEnabler","BaseMod","BetterRewards","Colored Map","Downfall","Evolution","Hermit","Hubris","Infinite Spire","Jorbs\u0027s Wanderer Trilogy","Minty Spire (QoL Compilation)","Relic Filter Mod","Reliquary","Replay The Spire","Robot Space Explorer","Shop Mod","Spicy Shops","StSLib","The Blue Laboratory","The Bug Knight","The Cursed","The Hayseed","The Necromancer","The Runesmith","TheBandit","TheVacant","Wandering Minibosses"],"gold_per_floor":[113,125,138,138,152,186,136,163,163,163,163],"floor_reached":10,"language":"ENG","playtime":548,"items_purged":[],"score":105,"play_id":"9e819ac7-024f-45a7-8b8a-2c4a85fc4814","local_time":"20210212000914","is_ascension_mode":true,"campfire_choices":[],"circlet_count":0,"master_deck":["Dagger Spray","Dagger Spray","Strike_G","Strike_G","Defend_G","Defend_G","Defend_G","Defend_G","Defend_G","Survivor","Neutralize","Poisoned Strike","Dark Shackles","Flash of Steel","Bane","Backstab","PiercingWail","Poisoned Stab","Corpse Explosion","Poisoned Stab"],"relics":["Ring of the Snake","EVO:Axolotl","reliquary:OuijaBoard","ReplayTheSpireMod:ShopPack","Calipers","Oddly Smooth Stone","Bottled Flame","Replay:Bottled Steam"],"acts_visited":["Exordium"],"potions_floor_usage":[],"damage_taken":[{"damage":0,"enemies":"Small Slimes","floor":1,"turns":3},{"damage":0,"enemies":"Jaw Worm","floor":2,"turns":3},{"damage":0,"enemies":"Cultist","floor":3,"turns":2},{"damage":2,"enemies":"Lots of Slimes","floor":5,"turns":2},{"damage":30,"enemies":"Lagavulin","floor":6,"turns":7},{"damage":12,"enemies":"3 Sentries","floor":8,"turns":6},{"damage":26,"enemies":"Lagavulin","floor":10,"turns":3}],"seed_played":"-2714672710472537842","potions_obtained":[{"floor":1,"key":"blueLaboratory:EnragingPotion"},{"floor":2,"key":"Strength Potion"}],"is_trial":false,"path_per_floor":["M","M","M","?","M","E","?","E","T","E"],"character_chosen":"THE_SILENT","items_purchased":["ReplayTheSpireMod:ShopPack","Calipers"],"campfire_rested":0,"item_purchase_floors":[0,0],"current_hp_per_floor":[49,49,49,49,47,17,17,5,5,0,0],"gold":163,"neow_bonus":"","is_daily":false,"chose_seed":false,"campfire_upgraded":0,"win_rate":0.0,"timestamp":1613052554,"path_taken":["M","M","M","?","M","E","?","E","T","E"],"items_purchased_type":["Relic","Relic"],"build_version":"2020-12-22","purchased_purges":0,"victory":false,"max_hp_per_floor":[70,70,70,70,70,70,70,70,70,70,70],"card_choices":[{"not_picked":["Crow Ritual","ReplayTheSpireMod:Brewmster"],"picked":"Poisoned Strike","floor":0},{"not_picked":["hubris:Ssssneak","PanicButton"],"picked":"Dark Shackles","floor":0},{"not_picked":["Panache","Replay:Dark Deal"],"picked":"Flash of Steel","floor":0},{"not_picked":["Slice","hubris:Sniper"],"picked":"Bane","floor":1},{"not_picked":["Tactician","Skewer"],"picked":"Backstab","floor":2},{"not_picked":["Caltrops","Dodge and Roll"],"picked":"PiercingWail","floor":3},{"not_picked":["Sucker Punch","Hidden Blade"],"picked":"Poisoned Stab","floor":5},{"not_picked":["Dash","Poisoned Stab"],"picked":"Corpse Explosion","floor":6},{"not_picked":["Deflect","Corpse Explosion"],"picked":"Poisoned Stab","floor":8}],"player_experience":1146555,"relics_obtained":[{"floor":6,"key":"Oddly Smooth Stone"},{"floor":8,"key":"Bottled Flame"},{"floor":9,"key":"Replay:Bottled Steam"}],"event_choices":[{"damage_healed":0,"gold_gain":0,"player_choice":"Ignored","damage_taken":0,"max_hp_gain":0,"max_hp_loss":0,"event_name":"Liars Game","floor":4,"gold_loss":0},{"cards_removed":["Strike_G"],"damage_healed":0,"gold_gain":0,"player_choice":"Card Removal","damage_taken":0,"max_hp_gain":0,"max_hp_loss":0,"event_name":"The Cleric","floor":7,"gold_loss":50}],"is_beta":false,"boss_relics":[],"items_purged_floors":[],"is_endless":false,"potions_floor_spawned":[1,2],"killed_by":"Lagavulin","ascension_level":7}}