{"host":"cvgfrai8nrtinf2y","time":1613072133,"event":{"mods":["A Magickal Journey","Act Like it!","BaseMod","Better Third Choice","Challenge The Spire","Colored Map","Downfall","Gensokyo","Googly Eyes","Hermit","Highlight Path","Hubris","Infinite Spire","Minty Spire (QoL Compilation)","Rare Cards Sparkle","Relic Sorter","Remilia??????","Spicy Shops","StSLib","The Disciple","The Hierophant","The Necromancer","The Runesmith"],"gold_per_floor":[115,115,130,142,155,181,26,26,53,80,80,80,80,96,96,201,201,211,224,224,29,40,40,68,68,94,114,131,131,531,579,579,677,677,689,689,689,709,709,709,709,709],"floor_reached":41,"language":"ENG","playtime":1913,"items_purged":[],"score":441,"play_id":"d2f421aa-6b9d-4857-b317-1821aaa80a3d","local_time":"20210211203533","is_ascension_mode":false,"campfire_choices":[{"data":"BatForm","floor":8.0,"key":"SMITH"},{"data":"Stigmanizer","floor":11.0,"key":"SMITH"},{"data":"RedMoon","floor":15.0,"key":"SMITH"},{"floor":23.0,"key":"REST"},{"floor":32.0,"key":"REST"},{"floor":40,"key":"REST"}],"circlet_count":0,"master_deck":["Strike_RM","Strike_RM","Strike_RM","Defend_RM","Defend_RM","Defend_RM","RedMoon+1","ScarletShoot","MastersStateliness","VampireFantasy","BatForm+1","Stigmanizer+1","NightDance","BloodyHallows","DiffusionOfMisfortune","ScarletDream","Septette","Gensokyo:LochNessMonster","BombardNight","ChainGang+1","ChaoticDestiny","hubris:InfiniteBlow","VampirishNight+1","BloodyCatastrophe"],"relics":["ScarletHat","ScarletDevilRocket","Oddly Smooth Stone","NeowsBlessing","Juzu Bracelet","infinitespire:ShieldingShard","Fusion Hammer","infinitespire:PuzzleCube","Strawberry","ScarletEmblem"],"acts_visited":["Exordium","Exordium","TheBeyond"],"potions_floor_usage":[],"damage_taken":[{"damage":0.0,"enemies":"2 Louse","floor":1.0,"turns":1.0},{"damage":0.0,"enemies":"Cultist","floor":3.0,"turns":1.0},{"damage":0.0,"enemies":"Jaw Worm","floor":4.0,"turns":1.0},{"damage":5.0,"enemies":"Lots of Slimes","floor":5.0,"turns":6.0},{"damage":10.0,"enemies":"3 Sentries","floor":6.0,"turns":13.0},{"damage":26.0,"enemies":"Gremlin Nob","floor":10.0,"turns":7.0},{"damage":0.0,"enemies":"Looter","floor":14.0,"turns":3.0},{"damage":12.0,"enemies":"The Guardian","floor":16.0,"turns":10.0},{"damage":6.0,"enemies":"Gensokyo:Chomper","floor":18.0,"turns":4.0},{"damage":2.0,"enemies":"Gensokyo:2_Gloops","floor":19.0,"turns":5.0},{"damage":26.0,"enemies":"Gensokyo:Mirror_and_Dog","floor":22.0,"turns":2.0},{"damage":23.0,"enemies":"Nightmare","floor":24.0,"turns":11.0},{"damage":0.0,"enemies":"Gensokyo:Swordslinger","floor":25.0,"turns":1.0},{"damage":2.0,"enemies":"Gensokyo:Slime_Group","floor":27.0,"turns":3.0},{"damage":2.0,"enemies":"Gensokyo:Monolith_and_Dog","floor":28.0,"turns":8.0},{"damage":21.0,"enemies":"Gensokyo:Tenshi","floor":31.0,"turns":4.0},{"damage":29.0,"enemies":"Gensokyo:Eiki","floor":33.0,"turns":9.0},{"damage":19.0,"enemies":"3 Shapes","floor":35.0,"turns":9.0},{"damage":0,"enemies":"3 Darklings","floor":38,"turns":3},{"damage":41,"enemies":"Giant Head","floor":41,"turns":4}],"seed_played":"-9004258152269273949","potions_obtained":[{"floor":2.0,"key":"SmokeBomb"},{"floor":2.0,"key":"DistilledChaos"},{"floor":2.0,"key":"Strength Potion"},{"floor":10.0,"key":"Regen Potion"},{"floor":19.0,"key":"Fire Potion"},{"floor":28.0,"key":"Strength Potion"},{"floor":35.0,"key":"SmokeBomb"},{"floor":38,"key":"DuplicationPotion"}],"is_trial":false,"path_per_floor":["M","?","M","M","M","E","$","R","T","E","R","?","?","M","R","B",null,"M","M","?","COS","M","R","NM","M","T","M","M","?","?","E","R","B",null,"M","?","AVR","M","?","R","E"],"character_chosen":"REMILIA","items_purchased":["Oddly Smooth Stone"],"campfire_rested":3,"item_purchase_floors":[7],"current_hp_per_floor":[75,75,75,75,72,62,62,62,62,37,37,37,62,62,62,58,75,70,68,68,68,42,64,71,71,71,74,72,72,72,59,82,61,82,64,64,64,66,66,82,42,42],"gold":709,"neow_bonus":"THREE_ENEMY_KILL","is_daily":false,"chose_seed":false,"campfire_upgraded":3,"win_rate":0.0,"timestamp":1613072133,"path_taken":["M","?","M","?","?","E","$","R","T","E","R","?","?","M","R","BOSS","M","M","?","COS","M","R","NM","M","T","M","M","?","?","E","R","BOSS","M","?","AVR","M","?","R","E"],"items_purchased_type":["Relic"],"build_version":"2020-12-22","purchased_purges":0,"victory":false,"max_hp_per_floor":[75,75,75,75,75,75,75,75,75,75,75,75,75,75,75,75,75,75,75,75,75,75,75,75,75,75,75,75,75,75,82,82,82,82,82,82,82,82,82,82,82,82],"card_choices":[{"not_picked":["VampirishNight","GlobalNightmare"],"picked":"MastersStateliness","floor":1.0},{"not_picked":["EmergencyRegeneration","FavorOfDestiny","EndlessAdversity"],"picked":"SKIP","floor":3.0},{"not_picked":["CharismaGuard","VampireKiss"],"picked":"VampireFantasy","floor":4.0},{"not_picked":["BadLadyScramble","EndlessAdversity","UnderTheZenith"],"picked":"SKIP","floor":5.0},{"not_picked":["GlobalNightmare","NightLord"],"picked":"BatForm","floor":6.0},{"not_picked":["ForbiddenFruit","Septette"],"picked":"Stigmanizer","floor":10.0},{"not_picked":["NightLord","RedRainbow"],"picked":"NightDance","floor":14.0},{"not_picked":["BloodRain","KillingBlow"],"picked":"BloodyHallows","floor":16.0},{"not_picked":["MastersStateliness+1","ScarletSymphony"],"picked":"DiffusionOfMisfortune","floor":18.0},{"not_picked":["FavorOfDestiny","BadLadyScramble"],"picked":"ScarletDream","floor":19.0},{"not_picked":["BloodAndWine","UnstableMagic+1"],"picked":"BombardNight","floor":22.0},{"not_picked":["RedRainbow","BloodySeventeenLaser","BloodHunter"],"picked":"SKIP","floor":24.0},{"not_picked":["BloodAndWine+1","BloodHunter"],"picked":"ChainGang+1","floor":27.0},{"not_picked":["BlasphemousPunishment","VampireKiss","CeilingFear"],"picked":"SKIP","floor":28.0},{"not_picked":["BloodHunter","ScarletDevil","BlasphemousPunishment+1"],"picked":"SKIP","floor":31.0},{"not_picked":["BloodyHallows","CeilingFear"],"picked":"ChaoticDestiny","floor":33.0},{"not_picked":["VampireFantasy+1","DiffusionOfMisfortune","MastersStateliness+1"],"picked":"SKIP","floor":35.0},{"not_picked":["BombardNight","ForbiddenFruit"],"picked":"VampirishNight+1","floor":38}],"player_experience":1259459,"relics_obtained":[{"floor":6.0,"key":"ScarletDevilRocket"},{"floor":9.0,"key":"Juzu Bracelet"},{"floor":10.0,"key":"infinitespire:ShieldingShard"},{"floor":24.0,"key":"Peace Pipe"},{"floor":26.0,"key":"infinitespire:PuzzleCube"},{"floor":31.0,"key":"Strawberry"}],"event_choices":[{"damage_healed":0.0,"max_hp_gain":0.0,"max_hp_loss":0.0,"gold_gain":0.0,"event_name":"Lab","player_choice":"Got Potions","floor":2.0,"gold_loss":0.0,"damage_taken":0.0},{"damage_healed":0.0,"max_hp_gain":0.0,"max_hp_loss":0.0,"gold_gain":0.0,"event_name":"NoteForYourself","player_choice":"Ignored","floor":12.0,"gold_loss":0.0,"damage_taken":0.0},{"damage_healed":25.0,"max_hp_gain":0.0,"max_hp_loss":0.0,"gold_gain":0.0,"event_name":"Big Fish","player_choice":"Banana","floor":13.0,"gold_loss":0.0,"damage_taken":0.0},{"cards_removed":["Defend_RM"],"damage_healed":0.0,"max_hp_gain":0.0,"max_hp_loss":0.0,"gold_gain":0.0,"event_name":"Falling","player_choice":"Removed Skill","floor":36.0,"gold_loss":0.0,"damage_taken":0.0},{"damage_healed":0,"gold_gain":0,"cards_transformed":["Strike_RM"],"player_choice":"Transformed","damage_taken":0,"max_hp_gain":0,"max_hp_loss":0,"event_name":"Transmorgrifier","floor":39,"gold_loss":0,"cards_obtained":["BloodyCatastrophe"]}],"is_beta":false,"boss_relics":[{"not_picked":["Philosopher\u0027s Stone","Runic Pyramid"],"picked":"Fusion Hammer"},{"not_picked":["Astrolabe","hubris:CrackedHourglass"],"picked":"ScarletEmblem"}],"items_purged_floors":[],"is_endless":true,"potions_floor_spawned":[4,5,10,18,19,22,25,28,35,38],"killed_by":"Giant Head","ascension_level":0}}