{"host":"psh83vqabmtchp5z","time":1613039890,"event":{"mods":["AchievementEnabler","Aspiration","BaseMod","Better Altar","Better Match","Better Skull","Better Third Choice","Better Vampires","BetterRewards","Challenge The Spire","Conspire","Downfall","Gold Saver","Lobotomy","LobotomyExtend","Minty Spire (QoL Compilation)","Quick Restart","Relic Filter","Replay The Spire","Shop Mod","Spicy Shops","StSLib","óô»ðÖ¸ÄÏ"],"gold_per_floor":[2869,2880,2880,2892,2905,2922,2922,2922,2937,1668,1696,1725,1737,1809,1819,1916,1916,1916,1928,1670,1770,1800,940,965,965,965,990,990,1017,1029,1060,1091,1202,1314,1326,1357,1369,1381,1393,1405,1496,1508,1395,1407,1407,1407,1407,1420,1430,1430],"floor_reached":51,"language":"ZHS","playtime":18511,"items_purged":["Pain","Writhe","Amnesia"],"score":888,"play_id":"0d1b055b-e12a-467e-8aee-dd621727e77d","local_time":"20210211183810","is_ascension_mode":false,"campfire_choices":[{"data":"Pot Of Greed","floor":8.0,"key":"SMITH"},{"data":"Pot Of Greed","floor":18.0,"key":"SMITH"},{"floor":25.0,"key":"DIG"},{"floor":35,"key":"RECALL"},{"data":"sneckomod:MasterEye","floor":40,"key":"SMITH"},{"data":"sneckomod:MasterEye","floor":40,"key":"SMITH"},{"data":"sneckomod:SoulRoll","floor":45,"key":"SMITH"},{"data":"sneckomod:QuickBite","floor":45,"key":"SMITH"},{"data":"sneckomod:DiceCrush","floor":47,"key":"SMITH"},{"data":"sneckomod:UnknownDraw","floor":47,"key":"SMITH"}],"circlet_count":0,"master_deck":["sneckomod:Strike","sneckomod:Defend","sneckomod:Defend","sneckomod:Defend","sneckomod:TailWhip","sneckomod:SnekBite+1","sneckomod:Unknown","sneckomod:Unknown","sneckomod:RainOfDice+1","Pot Of Greed+1","sneckomod:SoulDraw","Pot Of Greed+1","sneckomod:ImprovisedAttack+1","sneckomod:Nope+1","sneckomod:QuickBite+1","sneckomod:SoulRoll+1","sneckomod:DiceCrush+1","Sadistic Nature","sneckomod:SoulRoll+1","sneckomod:UnendingSupply","sneckomod:UnknownDraw+1","sneckomod:UnknownRareSkill+1","sneckomod:SerpentMind","Pot Of Greed+1","sneckomod:MorePower","sneckomod:WideSting","sneckomod:UnknownDexterity+1","sneckomod:Unknown3Cost+1","expansioncontent:QuickStudy+1","sneckomod:UnknownClassAngela+1","sneckomod:UnknownStrength+1","sneckomod:UnknownVulnerable+1","J.A.X.+1","sneckomod:UnknownVulnerable+1","sneckomod:SoulRoll+1","Pot Of Greed+1","sneckomod:MasterEye+1","sneckomod:Transmogrify+1","sneckomod:MasterEye+1","sneckomod:SerpentMind","sneckomod:UnknownExhaust+1","sneckomod:UnknownColorless+1","sneckomod:UnknownRarePower+1","sneckomod:MorePower","sneckomod:TrashToTreasure+1","Replay:SS_fish_1+1","Pot Of Greed+1","expansioncontent:YouAreMine+1","expansioncontent:PrepareCrush+1","Delirium","sneckomod:UnknownX+1","sneckomod:CheapStock"],"relics":["sneckomod:SneckoSoul","Tiny Chest","Whetstone","Toolbox","Grinning Jar","LetterFromLob","WarpedTongs","Bottled Flame","aspiration:SeaSaltIceCream","Chemical X","Odd Mushroom","sneckomod:LoadedDie","Toxic Egg 2","Replay:Grab Bag","Philosopher\u0027s Stone","Cursed Key","aspiration:RunicSpoon","Replay:Arrowhead","War Paint","Replay:Baseball","MutagenicStrength","Strawberry","Bottled Tornado","Cauldron","Replay:Wax Seal","Lantern","sneckomod:LoadedDie","Replay:Wanted Poster","Golden Egg","conspire:DeflatedDodgeball","ReplayTheSpireMod:Onyx Gauntlets","Oddly Smooth Stone","Pen Nib","Bronze Scales"],"acts_visited":["Exordium","TheCity","TheBeyond"],"potions_floor_usage":[50,50],"damage_taken":[{"damage":0.0,"enemies":"Small Slimes","floor":2.0,"turns":2.0},{"damage":0.0,"enemies":"Cultist","floor":4.0,"turns":3.0},{"damage":2.0,"enemies":"conspire:RoseBush","floor":5.0,"turns":2.0},{"damage":0.0,"enemies":"2 Fungi Beasts","floor":6.0,"turns":2.0},{"damage":8.0,"enemies":"Red Slaver","floor":9.0,"turns":2.0},{"damage":5.0,"enemies":"The Mushroom Lair","floor":11.0,"turns":3.0},{"damage":0.0,"enemies":"Gremlin Nob","floor":12.0,"turns":2.0},{"damage":0.0,"enemies":"Large Slime","floor":13.0,"turns":1.0},{"damage":16.0,"enemies":"conspire:2 RoseBushes","floor":15.0,"turns":5.0},{"damage":0.0,"enemies":"DF_ARCHETYPE_STREAMLINE","floor":16.0,"turns":3.0},{"damage":5.0,"enemies":"Chosen","floor":19.0,"turns":2.0},{"damage":6.0,"enemies":"downfall:FleeingMerchant","floor":20.0,"turns":4.0},{"damage":0.0,"enemies":"downfall:Augmenter","floor":21.0,"turns":2.0},{"damage":0.0,"enemies":"conspire:MimicChest","floor":22.0,"turns":2.0},{"damage":0.0,"enemies":"Gremlin Leader","floor":29.0,"turns":2.0},{"damage":3.0,"enemies":"Snake Plant","floor":31.0,"turns":2.0},{"damage":12.0,"enemies":"Chosen and Byrds","floor":32.0,"turns":3.0},{"damage":29.0,"enemies":"IC_MUSHROOM_ARCHETYPE","floor":33.0,"turns":4.0},{"damage":3,"enemies":"Orb Walker","floor":36,"turns":2},{"damage":4,"enemies":"3 Darklings","floor":44,"turns":2},{"damage":15,"enemies":"Jaw Worm Horde","floor":48,"turns":2},{"damage":17,"enemies":"Spire Growth","floor":49,"turns":3},{"damage":8,"enemies":"WA_ARCHETYPE_DIVINITY","floor":50,"turns":4}],"seed_played":"-6838539316084697304","potions_obtained":[{"floor":0.0,"key":"Fire Potion"},{"floor":0.0,"key":"Cursed Concoction"},{"floor":0.0,"key":"conspire:TimeTravelPotion"},{"floor":2.0,"key":"Dexterity Potion"},{"floor":4.0,"key":"champ:CounterPotion"},{"floor":6.0,"key":"ColorlessPotion"},{"floor":21.0,"key":"ColorlessPotion"},{"floor":23.0,"key":"Fruit Juice"},{"floor":29.0,"key":"Milkshake"},{"floor":32.0,"key":"Regen Potion"},{"floor":33.0,"key":"champ:CounterPotion"}],"is_trial":false,"path_per_floor":["R","M","?","M","M","M","T","R","M","R","?","E","M","T","M","B",null,"R","M","$","?","?","$","T","R","?","T","R","E","R","M","M","B",null,"R","M","?","?","?","R","T","T","$","M","R","$","R","M","M","B",null],"character_chosen":"THE_SNECKO","items_purchased":["Tiny Chest","sneckomod:RainOfDice","Whetstone","Toolbox","Grinning Jar","sneckomod:DiceCrush","Sadistic Nature","sneckomod:SoulRoll","sneckomod:UnendingSupply","Juzu Bracelet","aspiration:SeaSaltIceCream","Chemical X","Dream Catcher","Replay:Arrowhead","War Paint","Replay:Baseball","expansioncontent:QuickStudy","sneckomod:MasterEye","Bottled Tornado","Lantern","Replay:Multitool","Cauldron"],"campfire_rested":0,"item_purchase_floors":[1,1,1,1,1,10,10,10,10,10,10,10,10,20,20,20,20,23,23,23,23,23],"current_hp_per_floor":[90,90,90,90,88,88,88,88,80,80,75,75,75,75,59,59,90,90,85,79,79,86,86,86,86,86,86,97,102,102,99,87,58,102,102,99,99,91,81,81,81,81,81,77,77,77,77,62,45,46],"gold":1430,"neow_bonus":"THREE_SMALL_POTIONS","is_daily":false,"chose_seed":false,"campfire_upgraded":8,"win_rate":0.0,"timestamp":1613039890,"path_taken":["R","M","?","?","M","M","T","R","M","R","?","E","M","?","M","BOSS","R","M","$","?","?","$","T","R","?","?","R","E","R","M","M","BOSS","R","M","?","?","?","R","T","?","$","M","R","?","R","M","M","BOSS"],"items_purchased_type":["Relic","Card","Relic","Relic","Relic","Card","Card","Card","Card","Relic","Relic","Relic","Relic","Relic","Relic","Relic","Card","Card","Relic","Card","Relic","Relic"],"build_version":"2020-12-22","purchased_purges":3,"victory":true,"max_hp_per_floor":[90,90,90,90,90,90,90,90,90,90,90,90,90,90,90,90,90,90,90,90,90,97,97,97,97,97,97,97,102,102,102,102,102,102,102,102,102,102,102,102,102,102,102,102,102,102,102,102,102,102],"card_choices":[{"not_picked":["sneckomod:UnknownUncommonPower","sneckomod:UnknownUncommonAttack"],"picked":"sneckomod:SoulDraw","floor":2.0},{"not_picked":["sneckomod:QuickMove","sneckomod:Memorize"],"picked":"sneckomod:ImprovisedAttack","floor":4.0},{"not_picked":["sneckomod:QuickMove","sneckomod:SnekBeam"],"picked":"sneckomod:Nope","floor":5.0},{"not_picked":["sneckomod:UnknownClassPURPLE","sneckomod:ImprovisedAttack"],"picked":"sneckomod:QuickBite","floor":6.0},{"not_picked":["sneckomod:ImprovisedGuard","sneckomod:UnknownClassGUARDIAN"],"picked":"sneckomod:SoulRoll","floor":9.0},{"not_picked":["sneckomod:SerpentIdol","sneckomod:PureSnecko"],"picked":"sneckomod:UnknownDraw","floor":11.0},{"not_picked":["sneckomod:Unknown0Cost","sneckomod:UnknownCommonAttack"],"picked":"sneckomod:UnknownRareSkill","floor":12.0},{"not_picked":["sneckomod:UnknownClassPURPLE","sneckomod:QuickMove","sneckomod:DiceCrush"],"picked":"SKIP","floor":13.0},{"not_picked":["sneckomod:RainOfDice","sneckomod:DiceBlock+1"],"picked":"sneckomod:SerpentMind","floor":15.0},{"not_picked":["sneckomod:UnknownRareSkill+1","sneckomod:UnknownRareAttack"],"picked":"sneckomod:MorePower","floor":16.0},{"not_picked":["sneckomod:UnknownBlock+1","sneckomod:DiceCrush"],"picked":"sneckomod:WideSting","floor":19.0},{"not_picked":["sneckomod:SoulExchange+1","sneckomod:DiceBlock+1"],"picked":"sneckomod:UnknownDexterity+1","floor":20.0},{"not_picked":["sneckomod:UnknownRareSkill+1","sneckomod:UnknownColorless+1"],"picked":"sneckomod:Unknown3Cost+1","floor":20.0},{"not_picked":["sneckomod:UnknownCommonAttack+1","sneckomod:UnknownCommonSkill+1"],"picked":"sneckomod:UnknownClassAngela+1","floor":21.0},{"not_picked":[],"picked":"J.A.X.","floor":21.0},{"not_picked":["sneckomod:UnknownStrike+1","sneckomod:UnknownBlock+1"],"picked":"sneckomod:UnknownVulnerable+1","floor":22.0},{"not_picked":["sneckomod:UnknownStrike+1","sneckomod:Unknown0Cost+1"],"picked":"sneckomod:SoulRoll+1","floor":22.0},{"not_picked":["sneckomod:DiceBlock+1","sneckomod:UnknownDraw+1"],"picked":"sneckomod:MasterEye","floor":28.0},{"not_picked":["sneckomod:Nope+1","sneckomod:SnekBeam+1"],"picked":"sneckomod:SerpentMind","floor":29.0},{"not_picked":["sneckomod:UnknownDraw+1","sneckomod:SnekBeam"],"picked":"sneckomod:UnknownExhaust+1","floor":31.0},{"not_picked":["sneckomod:ImprovisedAttack","sneckomod:DiceBlock+1"],"picked":"sneckomod:UnknownColorless+1","floor":32.0},{"not_picked":["sneckomod:Unknown0Cost+1","sneckomod:UnknownStrike+1"],"picked":"sneckomod:UnknownRarePower+1","floor":33.0},{"not_picked":["sneckomod:DangerNoodle","sneckomod:UnknownBoss+1"],"picked":"sneckomod:MorePower","floor":33.0},{"not_picked":["sneckomod:UnknownUncommonPower","sneckomod:Nope+1"],"picked":"sneckomod:TrashToTreasure+1","floor":36},{"not_picked":["expansioncontent:Hexaburn","expansioncontent:PolyBeam"],"picked":"Replay:SS_fish_1","floor":39},{"not_picked":["expansioncontent:AwakenDeath","Replay:SS_fish_1"],"picked":"expansioncontent:YouAreMine","floor":39},{"not_picked":["expansioncontent:LastStand","expansioncontent:Chronoboost"],"picked":"expansioncontent:PrepareCrush","floor":39},{"not_picked":["sneckomod:Unknown0Cost+1","sneckomod:Nope+1"],"picked":"sneckomod:UnknownX+1","floor":44},{"not_picked":["sneckomod:DefensiveFlair+1","sneckomod:UnknownCommonAttack+1"],"picked":"sneckomod:CheapStock","floor":48},{"not_picked":["sneckomod:DiceBlock+1","sneckomod:IronFang","sneckomod:DiceCrush+1"],"picked":"SKIP","floor":49}],"player_experience":636065,"relics_obtained":[{"floor":2.0,"key":"LetterFromLob"},{"floor":7.0,"key":"Bottled Flame"},{"floor":11.0,"key":"Odd Mushroom"},{"floor":12.0,"key":"sneckomod:LoadedDie"},{"floor":14.0,"key":"Toxic Egg 2"},{"floor":21.0,"key":"MutagenicStrength"},{"floor":22.0,"key":"Strawberry"},{"floor":25.0,"key":"Replay:Wax Seal"},{"floor":27.0,"key":"sneckomod:LoadedDie"},{"floor":29.0,"key":"MawBank"},{"floor":32.0,"key":"Lantern"},{"floor":33.0,"key":"sneckomod:LoadedDie"},{"floor":37,"key":"Ring of Chaos"},{"floor":41,"key":"Golden Egg"},{"floor":42,"key":"conspire:DeflatedDodgeball"},{"floor":44,"key":"ReplayTheSpireMod:Onyx Gauntlets"},{"floor":48,"key":"Oddly Smooth Stone"},{"floor":49,"key":"Pen Nib"},{"floor":49,"key":"Bronze Scales"}],"event_choices":[{"damage_healed":0.0,"max_hp_gain":0.0,"max_hp_loss":0.0,"gold_gain":0.0,"event_name":"Accursed Blacksmith","player_choice":"Rummage","floor":3.0,"gold_loss":0.0,"damage_taken":0.0,"relics_obtained":["WarpedTongs"],"cards_obtained":["Pain"]},{"damage_healed":0.0,"max_hp_gain":0.0,"max_hp_loss":0.0,"gold_gain":0.0,"event_name":"Mushrooms","player_choice":"Fought Mushrooms","floor":11.0,"gold_loss":0.0,"damage_taken":0.0},{"damage_healed":0.0,"max_hp_gain":0.0,"max_hp_loss":0.0,"gold_gain":0.0,"event_name":"The Library","player_choice":"Read","floor":26.0,"gold_loss":0.0,"damage_taken":0.0,"cards_obtained":["sneckomod:Transmogrify"]}],"is_beta":false,"boss_relics":[{"not_picked":["sneckomod:SuperSneckoSoul","aspiration:SecretTechniqueScroll"],"picked":"Replay:Grab Bag"},{"not_picked":["Coffee Dripper","Velvet Choker"],"picked":"Philosopher\u0027s Stone"},{"not_picked":["Fusion Hammer","ChewingGum"],"picked":"Cursed Key"},{"not_picked":["Pandora\u0027s Box","conspire:SpecialSausage"],"picked":"aspiration:RunicSpoon"},{"not_picked":["Replay:Bronze Core","conspire:SeveredTorchhead"],"picked":"Replay:Wanted Poster"}],"items_purged_floors":[10,20,43],"is_endless":false,"potions_floor_spawned":[2,4,6,21,29,32,33,44,48,49],"ascension_level":0}}