{"host":"lg52aq764g9v2r4m","time":1613041307,"event":{"mods":["2.2 Compatiblity","BaseMod","Minty Spire (QoL Compilation)"],"gold_per_floor":[361,436,12,12,26,26,41,105,158,187,187,204,222,172,172,273,273,288,55,55,55,73,73,96,112,137,171,25,25,43,61,61,163,163,180,180,196,196,209,209,236,236,236,253,272,285,106,125,125,125],"floor_reached":51,"language":"ENG","playtime":8657,"items_purged":[],"score":808,"play_id":"ad307416-daa6-4205-a897-ccf4d472e220","local_time":"20210211060147","is_ascension_mode":true,"campfire_choices":[{"data":"Armaments","floor":6,"key":"SMITH"},{"floor":11,"key":"REST"},{"data":"Seeing Red","floor":15,"key":"SMITH"},{"data":"Bash","floor":23,"key":"SMITH"},{"floor":32,"key":"REST"},{"data":"Demon Form","floor":40,"key":"SMITH"},{"floor":42,"key":"REST"},{"floor":49,"key":"REST"}],"circlet_count":0,"master_deck":["Strike_R","Strike_R","Strike_R","Defend_R+1","Defend_R","Defend_R","Bash+1","Armaments+1","Infernal Blade+1","Flex+1","Iron Wave","Flame Barrier","Feed","Dropkick","Seeing Red+1","Juggernaut","Iron Wave","Spot Weakness","Ghostly Armor","Rampage+1","Flame Barrier+1","Iron Wave+1","Blood for Blood","Clothesline+1","Demon Form+1","Entrench","Rage","Disarm+1","Body Slam+1","Spot Weakness+1","Whirlwind","Heavy Blade","Shrug It Off+1","Parasite","Seeing Red+1"],"relics":["Burning Blood","Orichalcum","Lee\u0027s Waffle","Meat on the Bone","Bag of Preparation","War Paint","Sozu","Pen Nib","Strawberry","Dream Catcher","Oddly Smooth Stone","HandDrill","Runic Pyramid","MealTicket","Blood Vial","Toxic Egg 2","Regal Pillow"],"acts_visited":["Exordium","TheCity","TheBeyond"],"potions_floor_usage":[25],"damage_taken":[{"damage":3,"enemies":"Small Slimes","floor":1,"turns":3},{"damage":2,"enemies":"2 Louse","floor":5,"turns":2},{"damage":5,"enemies":"Cultist","floor":7,"turns":4},{"damage":9,"enemies":"3 Sentries","floor":8,"turns":10},{"damage":32,"enemies":"Lagavulin","floor":10,"turns":7},{"damage":3,"enemies":"Exordium Thugs","floor":12,"turns":3},{"damage":0,"enemies":"Exordium Wildlife","floor":13,"turns":2},{"damage":74,"enemies":"The Guardian","floor":16,"turns":15},{"damage":6,"enemies":"3 Byrds","floor":18,"turns":5},{"damage":18,"enemies":"Spheric Guardian","floor":22,"turns":4},{"damage":0,"enemies":"Cultist and Chosen","floor":25,"turns":4},{"damage":30,"enemies":"Gremlin Leader","floor":27,"turns":6},{"damage":55,"enemies":"3 Cultists","floor":30,"turns":7},{"damage":15,"enemies":"Centurion and Healer","floor":31,"turns":5},{"damage":34,"enemies":"Champ","floor":33,"turns":10},{"damage":12,"enemies":"3 Shapes","floor":35,"turns":5},{"damage":4,"enemies":"Orb Walker","floor":37,"turns":2},{"damage":16,"enemies":"3 Darklings","floor":39,"turns":6},{"damage":54,"enemies":"Giant Head","floor":41,"turns":9},{"damage":7,"enemies":"Transient","floor":44,"turns":5},{"damage":47,"enemies":"4 Shapes","floor":45,"turns":4},{"damage":12,"enemies":"Maw","floor":46,"turns":5},{"damage":26,"enemies":"Writhing Mass","floor":48,"turns":5},{"damage":83,"enemies":"Donu and Deca","floor":50,"turns":10}],"seed_played":"1947519379430890932","potions_obtained":[{"floor":5,"key":"SpeedPotion"},{"floor":7,"key":"Explosive Potion"}],"is_trial":false,"path_per_floor":["M","?","$","?","M","R","M","?","T","E","R","M","M","?","R","B",null,"M","$","?","?","M","R","T","M","T","E","$","$","M","M","R","B",null,"M","?","M","?","M","R","E","R","T","M","M","M","$","M","R","B",null],"character_chosen":"IRONCLAD","items_purchased":["Orichalcum","Lee\u0027s Waffle","Infernal Blade","SteroidPotion","Pen Nib","Spot Weakness","HandDrill","Regal Pillow","Shrug It Off+1"],"campfire_rested":4,"item_purchase_floors":[3,3,3,3,19,19,28,47,47],"current_hp_per_floor":[59,48,87,87,87,87,87,84,84,58,84,90,90,90,90,34,90,93,93,75,75,63,63,70,79,79,70,70,70,33,36,69,53,111,108,108,110,110,100,100,68,103,103,104,68,76,91,73,121,59],"gold":125,"neow_bonus":"TWO_FIFTY_GOLD","is_daily":false,"chose_seed":false,"campfire_upgraded":4,"win_rate":0.0,"timestamp":1613041307,"path_taken":["M","?","$","?","M","R","M","?","T","E","R","M","M","?","R","BOSS","M","$","?","?","?","R","?","M","T","E","?","$","M","?","R","BOSS","M","?","?","?","M","R","E","R","T","M","M","M","$","?","R","BOSS"],"items_purchased_type":["Relic","Relic","Card","Potion","Relic","Card","Relic","Relic","Card"],"build_version":"2020-12-22","purchased_purges":0,"victory":true,"max_hp_per_floor":[80,80,87,87,87,87,87,87,87,87,87,90,90,90,90,90,90,93,93,98,98,98,98,105,108,108,111,111,111,111,111,111,111,111,114,114,114,114,114,114,118,118,118,118,121,121,121,121,121,124],"card_choices":[{"not_picked":["Body Slam","Entrench"],"picked":"Armaments","floor":1},{"not_picked":["Rupture","Body Slam"],"picked":"Flex","floor":5},{"not_picked":["Body Slam","Clash"],"picked":"Iron Wave","floor":7},{"not_picked":["True Grit","Power Through"],"picked":"Flame Barrier","floor":8},{"not_picked":["True Grit","Sword Boomerang"],"picked":"Feed","floor":10},{"not_picked":["Iron Wave","Twin Strike"],"picked":"Dropkick","floor":12},{"not_picked":["True Grit","Warcry"],"picked":"Seeing Red","floor":13},{"not_picked":["Double Tap","Corruption"],"picked":"Juggernaut","floor":16},{"not_picked":["Cleave+1","Pummel"],"picked":"Iron Wave","floor":18},{"not_picked":["Reckless Charge","Cleave"],"picked":"Ghostly Armor","floor":22},{"not_picked":["Perfected Strike","Searing Blow"],"picked":"Rampage+1","floor":25},{"not_picked":["Anger","Clothesline"],"picked":"Flame Barrier+1","floor":27},{"not_picked":["Headbutt","Dropkick"],"picked":"Iron Wave+1","floor":30},{"not_picked":["Spot Weakness+1","Anger"],"picked":"Blood for Blood","floor":31},{"not_picked":["Seeing Red+1","Intimidate"],"picked":"Clothesline+1","floor":32},{"not_picked":["Feed","Limit Break"],"picked":"Demon Form","floor":33},{"not_picked":["Reckless Charge+1","Feel No Pain","Dropkick"],"picked":"SKIP","floor":35},{"not_picked":["Pommel Strike+1","Warcry"],"picked":"Entrench","floor":37},{"not_picked":["Shrug It Off+1","Body Slam+1"],"picked":"Rage","floor":39},{"not_picked":["Carnage","Spot Weakness"],"picked":"Disarm+1","floor":41},{"not_picked":["Flex+1","Clash+1"],"picked":"Body Slam+1","floor":42},{"not_picked":["Hemokinesis+1","Brutality"],"picked":"Spot Weakness+1","floor":44},{"not_picked":["Blood for Blood+1","Clothesline+1"],"picked":"Whirlwind","floor":45},{"not_picked":["Perfected Strike+1","Dropkick+1"],"picked":"Heavy Blade","floor":46},{"not_picked":["Battle Trance+1","Pommel Strike","Anger+1"],"picked":"SKIP","floor":48},{"not_picked":["Twin Strike","Disarm+1"],"picked":"Seeing Red+1","floor":49}],"player_experience":59871,"relics_obtained":[{"floor":9,"key":"Bag of Preparation"},{"floor":10,"key":"War Paint"},{"floor":24,"key":"Strawberry"},{"floor":26,"key":"Dream Catcher"},{"floor":27,"key":"Oddly Smooth Stone"},{"floor":41,"key":"Blood Vial"},{"floor":43,"key":"Toxic Egg 2"}],"event_choices":[{"damage_healed":0,"gold_gain":75,"player_choice":"Gather Gold","damage_taken":11,"max_hp_gain":0,"max_hp_loss":0,"event_name":"World of Goop","floor":2,"gold_loss":0},{"damage_healed":0,"gold_gain":0,"player_choice":"Grow","damage_taken":0,"max_hp_gain":0,"max_hp_loss":0,"event_name":"Living Wall","floor":4,"gold_loss":0,"cards_upgraded":["Infernal Blade"]},{"damage_healed":0,"gold_gain":0,"player_choice":"Searched \u00272\u0027 times","damage_taken":0,"relics_obtained":["Meat on the Bone"],"max_hp_gain":0,"max_hp_loss":0,"event_name":"Dead Adventurer","floor":8,"gold_loss":0},{"cards_removed":["Strike_R"],"damage_healed":0,"gold_gain":0,"player_choice":"Card Removal","damage_taken":0,"max_hp_gain":0,"max_hp_loss":0,"event_name":"The Cleric","floor":14,"gold_loss":50},{"damage_healed":0,"gold_gain":0,"player_choice":"Shed Blood","damage_taken":23,"max_hp_gain":5,"max_hp_loss":0,"event_name":"Forgotten Altar","floor":20,"gold_loss":0},{"cards_removed":["Strike_R"],"damage_healed":0,"gold_gain":0,"player_choice":"Purged","damage_taken":0,"max_hp_gain":0,"max_hp_loss":0,"event_name":"Purifier","floor":21,"gold_loss":0},{"cards_removed":["Defend_R"],"damage_healed":0,"gold_gain":0,"player_choice":"Offered Basic","damage_taken":0,"max_hp_gain":0,"max_hp_loss":0,"event_name":"Bonfire Elementals","floor":36,"gold_loss":0},{"damage_healed":0,"gold_gain":0,"player_choice":"Gave Potion","damage_taken":0,"relics_obtained":["MealTicket"],"max_hp_gain":0,"max_hp_loss":0,"event_name":"WeMeetAgain","floor":38,"gold_loss":0}],"is_beta":false,"boss_relics":[{"not_picked":["Mark of Pain","Black Star"],"picked":"Sozu"},{"not_picked":["Coffee Dripper","Cursed Key"],"picked":"Runic Pyramid"}],"items_purged_floors":[],"is_endless":false,"potions_floor_spawned":[5,7,13,16,22,25,27,33,35,37,44],"ascension_level":1}}