{"host":"bp6b47iftb3mluh0","time":1613069426,"event":{"mods":["100% Spire Juice","Act Like it!","Alarm Clock","Aspiration","Astrologer","BaseMod","Bestiary","Better Third Choice","Better Vampires","Challenge The Spire","Colored Powertips","Conspire","Curses Come First","Dota2Spire","Downfall","Friendly Minions","Gensokyo","Hallownest","Hermit","Kiyohime£®«Âºß£©","Lobotomy","LobotomyExtend","Marisa£®ÏF”Í°°ƒß¿Ì…≥£©","Marked Mod","Minty Spire (QoL Compilation)","Quick Restart","Rare Cards Sparkle","Red Circlet Mod","Relic Filter Mod","Relic Stats","Remilia£®¿Ÿ√◊¿Ú—«£©","Replay The Spire","Reworked Bosses","Ryuuou¡˙Õı","Shop Mod","Spicy Shops","StSLib","The Bug Knight","The Invoker Mod","Uncapped","Waifu the Spire","Youmu£®ªÍ∆«—˝√Œ£©","°æ“≈ŒÔø®≈∆°øREMEMod","≤–¡Ù÷ÆŒÔ"],"gold_per_floor":[99,109,119,119,221,221,221,232,232,232,232],"floor_reached":9,"language":"ZHS","playtime":543,"items_purged":[],"score":51,"play_id":"917bdee3-f274-4a43-bb01-5000d6d4e9ec","local_time":"20210212025026","is_ascension_mode":false,"campfire_choices":[{"data":"sneckomod:UnknownRareAttack","floor":1,"key":"SMITH"},{"floor":7,"key":"DIG"}],"circlet_count":0,"master_deck":["Slimebound:Tackle","Slimebound:Split","Slimebound:CorrosiveSpit","sneckomod:UnknownRareAttack+1","Slimebound:FlameTackle","Slimebound:SplitAcid","Slimebound:RollThrough","Slimebound:MassRepurpose","Slimebound:ItLooksTasty","Slimebound:WasteNot","Slimebound:LeadByExample","Slimebound:SlimeBarrage","Slimebound:ProtectTheBoss","Slimebound:Schlurp","Slimebound:SamplingLick+1"],"relics":["Slimebound:AbsorbEndCombat","REME_ComplimentaryCards","LetterFromLob","Pandora\u0027s Box","aspiration:HiddenCompartment"],"acts_visited":["Hallownest:Greenpath","Gensokyo:Gensokyoer"],"potions_floor_usage":[],"damage_taken":[{"damage":7,"enemies":"2_ Uuma","floor":2,"turns":6},{"damage":10,"enemies":"Hallownest:monsterHuskGuard","floor":3,"turns":4},{"damage":37,"enemies":"SI_SHIV_ARCHETYPE","floor":5,"turns":10},{"damage":29,"enemies":"Gensokyo:Chomper","floor":8,"turns":5},{"damage":21,"enemies":"Gensokyo:3_Dogs","floor":9,"turns":4}],"seed_played":"-5373928323308420558","potions_obtained":[],"is_trial":false,"path_per_floor":["R","M","M","?","B",null,"R","M","M"],"character_chosen":"SLIMEBOUND","items_purchased":[],"campfire_rested":0,"item_purchase_floors":[],"current_hp_per_floor":[65,60,52,52,23,65,65,40,27,27,27],"gold":232,"neow_bonus":"TRANSFORM_CARD","is_daily":false,"chose_seed":false,"campfire_upgraded":1,"win_rate":0.0,"timestamp":1613069426,"path_taken":["R","M","M","?","BOSS","R","M","M"],"items_purchased_type":[],"build_version":"2020-12-22","purchased_purges":0,"victory":false,"max_hp_per_floor":[65,65,65,65,65,65,65,65,65,65,65],"relic_stats":{"counters":[5,29],"Pandora\u0027s Box":["Slimebound:ItLooksTasty","Slimebound:WasteNot","Slimebound:LeadByExample","Slimebound:SlimeBarrage","Slimebound:ProtectTheBoss","Slimebound:Schlurp"],"obtain_stats":[{"Pandora\u0027s Box":6,"Slimebound:AbsorbEndCombat":0,"LetterFromLob":2,"aspiration:HiddenCompartment":7,"REME_ComplimentaryCards":0},{"Pandora\u0027s Box":3,"Slimebound:AbsorbEndCombat":0,"LetterFromLob":1,"aspiration:HiddenCompartment":3,"REME_ComplimentaryCards":0},{"Pandora\u0027s Box":20,"Slimebound:AbsorbEndCombat":0,"LetterFromLob":6,"aspiration:HiddenCompartment":20,"REME_ComplimentaryCards":0}]},"card_choices":[{"not_picked":["Slimebound:Grow","Slimebound:ProtectTheBoss"],"picked":"Slimebound:SplitAcid","floor":2},{"not_picked":["Slimebound:RainOfGoop","Slimebound:ItLooksTasty"],"picked":"Slimebound:RollThrough","floor":3},{"not_picked":["Slimebound:RallyTheTroops","Slimebound:WasteNot"],"picked":"Slimebound:MassRepurpose","floor":5},{"not_picked":["Slimebound:ViciousTackle","Slimebound:RollThrough+1"],"picked":"Slimebound:SamplingLick+1","floor":8}],"player_experience":202592,"relics_obtained":[{"floor":2,"key":"LetterFromLob"},{"floor":7,"key":"aspiration:HiddenCompartment"}],"event_choices":[],"is_beta":false,"boss_relics":[{"not_picked":["Coffee Dripper","Empty Cage"],"picked":"Pandora\u0027s Box"}],"items_purged_floors":[],"is_endless":false,"potions_floor_spawned":[],"killed_by":"Gensokyo:3_Dogs","ascension_level":0}}