{"host":"pq168dofzzbbmuuf","time":1613013537,"event":{"mods":["BaseMod","Downfall","Friendly Minions","Minty Spire (QoL Compilation)","StSLib"],"gold_per_floor":[99,274,67,78,178,207,207,207,207,207,207,220,20,33,51,155,155,67,79,91,114,146,158,197,227,24,24,24,24,36,136,148,148,148,148],"floor_reached":33,"language":"ENG","playtime":2207,"items_purged":["Doubt"],"score":268,"play_id":"b5ca4588-b111-49e6-91c7-9b957545eac8","local_time":"20210210221857","is_ascension_mode":false,"campfire_choices":[{"floor":1,"key":"RECALL"},{"floor":13,"key":"REST"},{"data":"champ:HoldFirm","floor":18,"key":"SMITH"},{"data":"champ:Taunt","floor":23,"key":"SMITH"},{"data":"champ:ShieldWall","floor":27,"key":"SMITH"}],"circlet_count":0,"master_deck":["champ:Defend","champ:Defend","champ:Defend","champ:Execute","champ:Taunt+1","champ:DefensiveShout","champ:GladiatorStyle","expansioncontent:HyperBeam","champ:FlashCut","champ:PreciseThrust","champ:EndlessRage","champ:AdrenalArmor","Parasite","champ:EnGarde","champ:Parry","champ:CalledShot","champ:HoldFirm+1","CurseOfTheBell","Necronomicurse","Bite","Bite","Bite","Bite","Bite","champ:FlashCut+1","champ:GutPunch","expansioncontent:AwakenDeath","champ:ShieldWall+1","champ:StanceDance","champ:LastStand"],"relics":["Empty Cage","CloakClasp","Orichalcum","downfall:HeartBlessingRed","downfall:HeartBlessingGreen","Calling Bell","MawBank","White Beast Statue","TungstenRod","downfall:HeartBlessingBlue","Necronomicon","Juzu Bracelet","Nloth\u0027s Gift","champ:BlackKnightHelmet","Darkstone Periapt"],"acts_visited":["Exordium","TheCity"],"potions_floor_usage":[5,6,25,25,25,32,32,33,33],"damage_taken":[{"damage":10,"enemies":"downfall:FleeingMerchant","floor":3,"turns":4},{"damage":22,"enemies":"Jaw Worm","floor":4,"turns":4},{"damage":76,"enemies":"Jaw Worm","floor":5,"turns":13},{"damage":38,"enemies":"Gremlin Nob","floor":6,"turns":5},{"damage":0,"enemies":"2 Louse","floor":12,"turns":1},{"damage":20,"enemies":"Small Slimes","floor":14,"turns":4},{"damage":20,"enemies":"3 Louse","floor":15,"turns":3},{"damage":58,"enemies":"IC_STATUS_ARCHETYPE","floor":16,"turns":10},{"damage":18,"enemies":"Spheric Guardian","floor":21,"turns":4},{"damage":13,"enemies":"3 Byrds","floor":22,"turns":6},{"damage":0,"enemies":"3 Cultists","floor":25,"turns":4},{"damage":4,"enemies":"downfall:FleeingMerchant","floor":26,"turns":4},{"damage":40,"enemies":"Snake Plant","floor":30,"turns":5},{"damage":63,"enemies":"Snake Plant","floor":31,"turns":9},{"damage":18,"enemies":"Sentry and Sphere","floor":32,"turns":5},{"damage":132,"enemies":"DF_ARCHETYPE_CLAW","floor":33,"turns":12}],"seed_played":"-4998238043284301680","potions_obtained":[{"floor":4,"key":"champ:UltimateStancePotion"},{"floor":5,"key":"Strength Potion"},{"floor":14,"key":"BlessingOfTheForge"},{"floor":15,"key":"Strength Potion"},{"floor":21,"key":"Explosive Potion"},{"floor":22,"key":"PowerPotion"},{"floor":25,"key":"SkillPotion"},{"floor":26,"key":"Ancient Potion"},{"floor":30,"key":"SpeedPotion"},{"floor":31,"key":"Block Potion"},{"floor":32,"key":"champ:UltimateStancePotion"}],"is_trial":false,"path_per_floor":["R","?","$","M","?","E","T","?","T","?","?","M","R","M","M","B",null,"R","?","?","M","M","R","T","M","$","R","?","?","M","?","M","B"],"character_chosen":"THE_CHAMP","items_purchased":["champ:GladiatorStyle","expansioncontent:HyperBeam","champ:FlashCut","expansioncontent:AwakenDeath","champ:ShieldWall"],"campfire_rested":1,"item_purchase_floors":[3,3,3,26,26],"current_hp_per_floor":[90,90,90,73,42,14,14,36,36,33,33,35,62,64,66,45,90,100,85,85,89,94,94,94,96,96,96,96,96,80,58,64,0,0,0],"gold":148,"neow_bonus":"BOSS_RELIC","is_daily":false,"chose_seed":false,"campfire_upgraded":3,"win_rate":0.0,"timestamp":1613013537,"path_taken":["R","?","$","M","?","E","T","?","?","?","?","M","R","M","M","BOSS","R","?","?","M","M","R","T","M","$","R","?","?","M","?","M","BOSS"],"items_purchased_type":["Card","Card","Card","Card","Card"],"build_version":"2020-12-22","purchased_purges":1,"victory":false,"max_hp_per_floor":[90,90,90,90,90,90,90,90,90,90,90,90,90,90,90,90,90,100,100,100,100,100,100,100,100,100,100,100,100,100,100,100,100,100,100],"card_choices":[{"not_picked":["champ:Backstep","champ:BladeFlurry"],"picked":"champ:DefensiveShout","floor":3},{"not_picked":["champ:PreemptiveStrike","champ:Shatter"],"picked":"champ:PreciseThrust","floor":4},{"not_picked":["champ:Circumvent","champ:ArenaPreparation"],"picked":"champ:EndlessRage","floor":5},{"not_picked":["champ:RapidStrikes","champ:Devastate"],"picked":"champ:AdrenalArmor","floor":6},{"not_picked":["champ:TornadoPunch","champ:Endure"],"picked":"champ:EnGarde","floor":12},{"not_picked":["champ:PreemptiveStrike","champ:HeartStrike"],"picked":"champ:Parry","floor":14},{"not_picked":["champ:Shatter","champ:FanOfKnives"],"picked":"champ:CalledShot","floor":15},{"not_picked":["champ:UltimateStance","champ:Improvising"],"picked":"champ:HoldFirm","floor":16},{"not_picked":["champ:Circumvent","champ:PreemptiveStrike"],"picked":"champ:FlashCut+1","floor":21},{"not_picked":["champ:BladeFlurry","champ:PreemptiveStrike+1","champ:EnGarde"],"picked":"SKIP","floor":22},{"not_picked":["champ:BringItOn","champ:DefensiveShout"],"picked":"champ:GutPunch","floor":25},{"not_picked":["champ:SteelEdge","champ:PerfectedStrike","champ:GutPunch"],"picked":"SKIP","floor":26},{"not_picked":["champ:EnGarde+1","champ:Backstep+1","champ:DancingMaster"],"picked":"SKIP","floor":30},{"not_picked":["champ:CalledShot","champ:Haymaker+1"],"picked":"champ:StanceDance","floor":31},{"not_picked":["champ:PreciseThrust","champ:RisingSlash"],"picked":"champ:LastStand","floor":32}],"player_experience":587667,"relics_obtained":[{"floor":5,"key":"CloakClasp"},{"floor":6,"key":"Ornamental Fan"},{"floor":9,"key":"Orichalcum"},{"floor":17,"key":"MawBank"},{"floor":17,"key":"White Beast Statue"},{"floor":17,"key":"TungstenRod"},{"floor":19,"key":"Necronomicon"},{"floor":24,"key":"Juzu Bracelet"},{"floor":31,"key":"champ:BlackKnightHelmet"},{"floor":31,"key":"Darkstone Periapt"}],"event_choices":[{"damage_healed":22,"gold_gain":0,"player_choice":"Healed and dodged fight","damage_taken":0,"max_hp_gain":0,"max_hp_loss":0,"event_name":"Mushrooms","floor":8,"gold_loss":0,"cards_obtained":["Parasite"]},{"damage_healed":0,"gold_gain":0,"player_choice":"Success","damage_taken":3,"relics_obtained":["Blood Vial"],"max_hp_gain":0,"max_hp_loss":0,"event_name":"Scrap Ooze","floor":10,"gold_loss":0},{"damage_healed":0,"gold_gain":0,"player_choice":"Became a vampire (Vial)","damage_taken":0,"max_hp_gain":0,"max_hp_loss":0,"event_name":"Vampires","floor":20,"relics_lost":["Blood Vial"],"gold_loss":0,"cards_obtained":["Bite","Bite","Bite","Bite","Bite"]}],"is_beta":false,"boss_relics":[{"not_picked":["Astrolabe","Coffee Dripper"],"picked":"Calling Bell"}],"items_purged_floors":[26],"is_endless":false,"potions_floor_spawned":[4,5,14,15,21,22,25,26,30,31,32],"killed_by":"DF_ARCHETYPE_CLAW","ascension_level":0}}