{"host":"z4s4qib7mdvdkfud","time":1613060384,"event":{"mods":["BaseMod","Colored Map","Colored Powertips","Curses Come First","DeckTracker","Downfall","Highlight Path","Minty Spire (QoL Compilation)","Permanent Neow","StSLib"],"gold_per_floor":[14,14,14,114,133,133,157,191,218,218,241,285,308,328,328,452,452,452,452,452,392,89,89,89,89,89,89,89,89,89,89,89,89,89],"floor_reached":33,"language":"ENG","playtime":1510,"items_purged":["Normality"],"score":335,"play_id":"60bc8afd-e51b-4b14-a8e1-af36c541ab5d","local_time":"20210212031944","is_ascension_mode":true,"campfire_choices":[{"data":"Neutralize","floor":6,"key":"SMITH"},{"floor":10,"key":"REST"},{"floor":15,"key":"REST"},{"data":"Envenom","floor":23,"key":"SMITH"},{"floor":28,"key":"REST"},{"data":"Envenom","floor":32,"key":"SMITH"}],"circlet_count":0,"master_deck":["Strike_G+1","Strike_G","Strike_G","Strike_G","Strike_G+1","Defend_G+1","Defend_G","Defend_G","Defend_G","Defend_G","Survivor+1","Neutralize+1","Panache","Escape Plan","downfall:Haunted","downfall:Haunted","Catalyst","Deadly Poison","Catalyst","Dagger Spray","Escape Plan","Envenom+1","Infinite Blades","Blade Dance","Poisoned Stab","Envenom+1","Venomology"],"relics":["Ring of the Snake","Golden Idol","Darkstone Periapt","PreservedInsect","Happy Flower","Whetstone","Nunchaku","Ectoplasm","Red Mask","Sling","Vajra","Boot","Bronze Scales"],"acts_visited":["Exordium","TheCity"],"potions_floor_usage":[8,16,31,31,33],"damage_taken":[{"damage":2,"enemies":"Small Slimes","floor":1,"turns":4},{"damage":0,"enemies":"2 Louse","floor":5,"turns":5},{"damage":37,"enemies":"Lagavulin","floor":8,"turns":11},{"damage":0,"enemies":"Jaw Worm","floor":11,"turns":5},{"damage":23,"enemies":"3 Sentries","floor":12,"turns":9},{"damage":4,"enemies":"Large Slime","floor":13,"turns":5},{"damage":0,"enemies":"Exordium Thugs","floor":14,"turns":5},{"damage":41,"enemies":"Slime Boss","floor":16,"turns":11},{"damage":7,"enemies":"3 Byrds","floor":18,"turns":4},{"damage":4,"enemies":"Masked Bandits","floor":19,"turns":3},{"damage":20,"enemies":"2 Thieves","floor":21,"turns":4},{"damage":9,"enemies":"Centurion and Healer","floor":24,"turns":5},{"damage":10,"enemies":"3 Cultists","floor":25,"turns":4},{"damage":27,"enemies":"Gremlin Leader","floor":27,"turns":5},{"damage":15,"enemies":"Snecko","floor":29,"turns":5},{"damage":7,"enemies":"Slavers","floor":31,"turns":3},{"damage":7,"enemies":"Collector","floor":33,"turns":3}],"seed_played":"5448682465033637241","potions_obtained":[{"floor":5,"key":"Dexterity Potion"},{"floor":8,"key":"BlessingOfTheForge"},{"floor":13,"key":"Guardian:BlockOnCardUsePotion"},{"floor":16,"key":"Dexterity Potion"},{"floor":19,"key":"CunningPotion"},{"floor":29,"key":"GhostInAJar"}],"is_trial":false,"path_per_floor":["M","?","?","?","M","R","T","E","T","R","M","E","M","M","R","B",null,"M","?","?","M","$","R","M","M","T","E","R","M","?","E","R","B"],"character_chosen":"THE_SILENT","items_purchased":["Infinite Blades","Sling"],"campfire_rested":3,"item_purchase_floors":[22,22],"current_hp_per_floor":[68,51,37,55,55,55,55,18,18,44,44,21,17,17,43,2,88,81,77,69,49,49,49,40,30,30,3,29,14,14,7,7,0,0],"gold":89,"neow_bonus":"RANDOM_COLORLESS_2","is_daily":false,"chose_seed":false,"campfire_upgraded":3,"win_rate":0.0,"timestamp":1613060384,"path_taken":["M","?","?","?","M","R","?","E","T","R","M","E","M","M","R","BOSS","M","?","?","M","$","R","?","M","T","E","R","M","?","E","R","BOSS"],"items_purchased_type":["Card","Relic"],"build_version":"2020-12-22","purchased_purges":1,"victory":false,"max_hp_per_floor":[70,70,70,88,88,88,88,88,88,88,88,88,88,88,88,88,88,88,88,88,88,88,88,88,88,88,88,88,88,88,88,88,88,88],"card_choices":[{"not_picked":["Chrysalis","The Bomb"],"picked":"Panache","floor":0},{"not_picked":["Endless Agony","Choke"],"picked":"Escape Plan","floor":1},{"not_picked":["PiercingWail","Slice","Caltrops"],"picked":"SKIP","floor":5},{"not_picked":["Backstab","After Image"],"picked":"Catalyst","floor":8},{"not_picked":["Endless Agony","All Out Attack"],"picked":"Deadly Poison","floor":11},{"not_picked":["Underhanded Strike","Backflip"],"picked":"Catalyst","floor":12},{"not_picked":["Backflip","Footwork"],"picked":"Dagger Spray","floor":13},{"not_picked":["Dagger Throw","Flying Knee"],"picked":"Escape Plan","floor":14},{"not_picked":["A Thousand Cuts","Adrenaline"],"picked":"Envenom","floor":16},{"not_picked":["Acrobatics","Footwork","Blur"],"picked":"SKIP","floor":18},{"not_picked":["Deflect+1","PiercingWail+1","Slice"],"picked":"SKIP","floor":21},{"not_picked":["Acrobatics","Expertise","PiercingWail+1"],"picked":"SKIP","floor":24},{"not_picked":["Reflex","Underhanded Strike"],"picked":"Blade Dance","floor":25},{"not_picked":["Distraction","Dagger Throw","PiercingWail"],"picked":"SKIP","floor":27},{"not_picked":["Sucker Punch","PiercingWail+1"],"picked":"Poisoned Stab","floor":29},{"not_picked":["Unload","Terror"],"picked":"Venomology","floor":31}],"player_experience":64024,"relics_obtained":[{"floor":7,"key":"PreservedInsect"},{"floor":8,"key":"Happy Flower"},{"floor":9,"key":"Whetstone"},{"floor":12,"key":"Nunchaku"},{"floor":19,"key":"Red Mask"},{"floor":26,"key":"Vajra"},{"floor":27,"key":"Boot"},{"floor":31,"key":"Bronze Scales"}],"event_choices":[{"damage_healed":0,"gold_gain":0,"player_choice":"Take Damage","damage_taken":17,"relics_obtained":["Golden Idol"],"max_hp_gain":0,"max_hp_loss":0,"event_name":"Golden Idol","floor":2,"gold_loss":0},{"damage_healed":0,"gold_gain":0,"player_choice":"Entered Light","damage_taken":14,"max_hp_gain":0,"max_hp_loss":0,"event_name":"Shining Light","floor":3,"gold_loss":0,"cards_upgraded":["Defend_G","Survivor"]},{"damage_healed":0,"gold_gain":0,"player_choice":"Fought Bandits","damage_taken":0,"max_hp_gain":0,"max_hp_loss":0,"event_name":"Masked Bandits","floor":19,"gold_loss":0},{"damage_healed":0,"gold_gain":75,"player_choice":"Touch","damage_taken":8,"max_hp_gain":0,"max_hp_loss":0,"event_name":"FaceTrader","floor":20,"gold_loss":0},{"damage_healed":0,"gold_gain":0,"player_choice":"Read","damage_taken":0,"max_hp_gain":0,"max_hp_loss":0,"event_name":"The Library","floor":30,"gold_loss":0,"cards_obtained":["Envenom"]}],"is_beta":false,"boss_relics":[{"not_picked":["SacredBark","HoveringKite"],"picked":"Ectoplasm"}],"items_purged_floors":[22],"is_endless":false,"potions_floor_spawned":[5,8,13,16,19,21,29],"killed_by":"Collector","ascension_level":1}}