{"host":"z3qs3l37sjzyczji","time":1613086151,"event":{"mods":["AchievementEnabler","BaseMod","Colored Map","Colored Powertips","Keyboard Shortcuts","Minty Spire (QoL Compilation)","Relic Stats","SuperFastMode"],"gold_per_floor":[110,121,138,158,178,178,178,194,194,294,325,325,350,48,48,148,148,163,163,179,179,198,233,233,268,268,268,278,278,295,43,43,145,145,155,166,180,180,180],"floor_reached":38,"language":"ENG","playtime":2237,"items_purged":["Strike_R","Strike_R"],"score":667,"play_id":"05c0e744-2ce8-4055-adcb-e026278b72a4","local_time":"20210211232911","is_ascension_mode":true,"campfire_choices":[{"data":"Bash","floor":6.0,"key":"SMITH"},{"data":"Rage","floor":12.0,"key":"SMITH"},{"data":"Apotheosis","floor":15.0,"key":"SMITH"},{"data":"Feed","floor":24.0,"key":"SMITH"},{"floor":27.0,"key":"REST"},{"data":"Demon Form","floor":32.0,"key":"SMITH"}],"circlet_count":0,"master_deck":["AscendersBane","Strike_R","Strike_R","Strike_R","Defend_R","Defend_R","Defend_R","Defend_R","Bash+1","Inflame+1","Clothesline","Carnage","Power Through","Thunderclap","Sword Boomerang","Rage+1","Apotheosis+1","Shrug It Off","Feed+1","Shrug It Off","Demon Form+1","Pommel Strike","Whirlwind","Barricade","Heavy Blade+1","Battle Trance"],"relics":["Burning Blood","Ginger","Sundial","Eternal Feather","Sozu","Champion Belt","Regal Pillow","Pen Nib","Black Star"],"acts_visited":["Exordium","TheCity","TheBeyond"],"potions_floor_usage":[],"damage_taken":[{"damage":1.0,"enemies":"Small Slimes","floor":1.0,"turns":4.0},{"damage":6.0,"enemies":"Cultist","floor":2.0,"turns":3.0},{"damage":4.0,"enemies":"Jaw Worm","floor":3.0,"turns":4.0},{"damage":14.0,"enemies":"Gremlin Gang","floor":4.0,"turns":6.0},{"damage":5.0,"enemies":"Exordium Wildlife","floor":5.0,"turns":4.0},{"damage":0.0,"enemies":"Red Slaver","floor":8.0,"turns":5.0},{"damage":25.0,"enemies":"3 Sentries","floor":11.0,"turns":8.0},{"damage":22.0,"enemies":"Gremlin Nob","floor":13.0,"turns":5.0},{"damage":20.0,"enemies":"Hexaghost","floor":16.0,"turns":6.0},{"damage":0.0,"enemies":"Spheric Guardian","floor":18.0,"turns":3.0},{"damage":22.0,"enemies":"2 Thieves","floor":20.0,"turns":4.0},{"damage":18.0,"enemies":"Shelled Parasite and Fungi","floor":22.0,"turns":7.0},{"damage":1.0,"enemies":"Gremlin Leader","floor":23.0,"turns":6.0},{"damage":67.0,"enemies":"Slavers","floor":25.0,"turns":9.0},{"damage":32.0,"enemies":"Snake Plant","floor":28.0,"turns":4.0},{"damage":7.0,"enemies":"Snecko","floor":30.0,"turns":5.0},{"damage":54.0,"enemies":"Collector","floor":33.0,"turns":11.0},{"damage":6.0,"enemies":"3 Shapes","floor":35.0,"turns":8.0},{"damage":16.0,"enemies":"Orb Walker","floor":36.0,"turns":4.0},{"damage":16.0,"enemies":"Spire Growth","floor":37.0,"turns":6.0},{"damage":67,"enemies":"Writhing Mass","floor":38,"turns":7}],"seed_played":"1499262754736948760","potions_obtained":[{"floor":1.0,"key":"Weak Potion"},{"floor":8.0,"key":"SpeedPotion"},{"floor":11.0,"key":"ElixirPotion"},{"floor":13.0,"key":"EntropicBrew"}],"is_trial":false,"path_per_floor":["M","M","M","M","M","R","?","M","T","?","E","R","E","$","R","B",null,"M","?","M","?","M","E","R","E","T","R","M","?","M","$","R","B",null,"M","M","M","M"],"character_chosen":"IRONCLAD","items_purchased":["Apotheosis","Shrug It Off","Pen Nib"],"campfire_rested":1,"item_purchase_floors":[14,14,31],"current_hp_per_floor":[85,85,87,79,80,80,80,86,86,86,67,67,51,51,60,46,78,84,84,71,71,59,68,80,23,23,79,53,53,52,52,64,16,78,82,76,66,0,0],"gold":180,"neow_bonus":"TEN_PERCENT_HP_BONUS","is_daily":false,"chose_seed":false,"campfire_upgraded":5,"win_rate":0.0,"timestamp":1613086151,"path_taken":["M","M","M","M","M","R","?","M","T","?","E","R","E","$","R","BOSS","M","?","M","?","M","E","R","E","T","R","M","?","?","$","R","BOSS","M","M","M","M"],"items_purchased_type":["Card","Card","Relic"],"build_version":"2020-12-22","purchased_purges":2,"victory":false,"max_hp_per_floor":[88,88,88,88,88,88,88,88,88,88,88,88,88,88,88,88,88,88,88,91,91,91,95,95,99,99,99,99,99,99,99,99,99,99,103,107,107,107,107],"relic_stats":{"Sozu":8,"Regal Pillow":15,"counters":[21,119],"Sundial":[8],"Eternal Feather":45,"Pen Nib":[5],"Black Star":0,"Ginger":[13],"Champion Belt":[25],"obtain_stats":[{"Sozu":17,"Regal Pillow":25,"Sundial":11,"Eternal Feather":13,"Pen Nib":31,"Black Star":34,"Ginger":9,"Champion Belt":23,"Burning Blood":0},{"Sozu":9,"Regal Pillow":14,"Sundial":7,"Eternal Feather":8,"Pen Nib":16,"Black Star":17,"Ginger":6,"Champion Belt":13,"Burning Blood":0},{"Sozu":45,"Regal Pillow":74,"Sundial":34,"Eternal Feather":39,"Pen Nib":83,"Black Star":94,"Ginger":26,"Champion Belt":65,"Burning Blood":0}],"Burning Blood":120},"card_choices":[{"not_picked":["Dual Wield","Battle Trance"],"picked":"Inflame","floor":1.0},{"not_picked":["Sentinel","Clash"],"picked":"Clothesline","floor":2.0},{"not_picked":["Pommel Strike","Sword Boomerang"],"picked":"Carnage","floor":3.0},{"not_picked":["Armaments","Warcry"],"picked":"Power Through","floor":4.0},{"not_picked":["Reaper","Ghostly Armor"],"picked":"Thunderclap","floor":5.0},{"not_picked":["Spot Weakness","Combust"],"picked":"Sword Boomerang","floor":8.0},{"not_picked":["Shrug It Off","Seeing Red"],"picked":"Rage","floor":11.0},{"not_picked":["Seeing Red","Twin Strike","Carnage"],"picked":"SKIP","floor":13.0},{"not_picked":["Corruption","Fiend Fire"],"picked":"Feed","floor":16.0},{"not_picked":["Clash","Iron Wave","Cleave"],"picked":"SKIP","floor":18.0},{"not_picked":["True Grit","Hemokinesis","Bloodletting"],"picked":"SKIP","floor":20.0},{"not_picked":["Evolve","True Grit+1","Headbutt"],"picked":"SKIP","floor":22.0},{"not_picked":["Sword Boomerang+1","Fiend Fire"],"picked":"Demon Form","floor":23.0},{"not_picked":["Carnage+1","Clothesline","Sever Soul+1"],"picked":"SKIP","floor":25.0},{"not_picked":["Warcry","Anger+1"],"picked":"Pommel Strike","floor":28.0},{"not_picked":["Cleave","Havoc"],"picked":"Whirlwind","floor":30.0},{"not_picked":["Immolate","Fiend Fire"],"picked":"Barricade","floor":33.0},{"not_picked":["Dual Wield","Intimidate+1","Clash+1"],"picked":"SKIP","floor":35.0},{"not_picked":["Infernal Blade+1","Anger+1"],"picked":"Heavy Blade+1","floor":36.0},{"not_picked":["Warcry","Iron Wave+1"],"picked":"Battle Trance","floor":37.0}],"player_experience":66538,"relics_obtained":[{"floor":9.0,"key":"Ginger"},{"floor":11.0,"key":"Sundial"},{"floor":13.0,"key":"Eternal Feather"},{"floor":23.0,"key":"Champion Belt"},{"floor":25.0,"key":"Regal Pillow"}],"event_choices":[{"damage_healed":0.0,"max_hp_gain":0.0,"max_hp_loss":0.0,"gold_gain":0.0,"event_name":"Living Wall","player_choice":"Grow","floor":7.0,"gold_loss":0.0,"damage_taken":0.0,"cards_upgraded":["Inflame"]},{"damage_healed":0.0,"max_hp_gain":0.0,"max_hp_loss":0.0,"gold_gain":100.0,"event_name":"Golden Shrine","player_choice":"Pray","floor":10.0,"gold_loss":0.0,"damage_taken":0.0},{"damage_healed":0.0,"max_hp_gain":0.0,"max_hp_loss":0.0,"gold_gain":0.0,"event_name":"The Library","player_choice":"Read","floor":19.0,"gold_loss":0.0,"damage_taken":0.0,"cards_obtained":["Shrug It Off"]},{"damage_healed":0.0,"max_hp_gain":0.0,"max_hp_loss":0.0,"gold_gain":0.0,"event_name":"Ghosts","player_choice":"Ignored","floor":21.0,"gold_loss":0.0,"damage_taken":0.0},{"damage_healed":0.0,"max_hp_gain":0.0,"max_hp_loss":0.0,"gold_gain":0.0,"event_name":"Lab","player_choice":"Got Potions","floor":29.0,"gold_loss":0.0,"damage_taken":0.0}],"is_beta":false,"boss_relics":[{"not_picked":["Astrolabe","Busted Crown"],"picked":"Sozu"},{"not_picked":["Runic Pyramid","SlaversCollar"],"picked":"Black Star"}],"items_purged_floors":[14,31],"is_endless":false,"potions_floor_spawned":[1,8,11,13,20,23,33,36,37],"killed_by":"Writhing Mass","ascension_level":10}}