{"host":"xp5rvh2jwe2ejyfm","time":1613070349,"event":{"mods":["2.2 Compatiblity","Aspiration","BaseMod","Better Altar","Better Match","Better Note","Better Sensory Stone","Better Skull","BetterRewards","Colored Powertips","Conspire","Downfall","GifTheSpireLib","Gremlin Mod","GungeonMod","Hermit","Hubris","Jorbs\u0027s Wanderer Trilogy","Minty Spire (QoL Compilation)","Potionbrewer","Quick Restart","Replay The Spire","Robot Space Explorer","Shade Mod","Somnambulant","StSLib","The Bug Knight","The Clintock","The Construct","The Cursed","The Disciple","The Forsaken","The Hierophant","The Necromancer","The Runesmith","The Servant 0.9.4","The Valiant","The Witch","TheFirefly","thorton"],"gold_per_floor":[114,114,2,16,33,33,67,67,93,93,111,38,38,52,52,149,199,210,210,222,232,232,232,232,9,32,32,52,65,100,120,120,220,220,232,245,245,23,23,52,52,104,104,59,77,77,89,121,121,121,121],"floor_reached":50,"language":"ENG","playtime":1866,"items_purged":[],"score":470,"play_id":"2c92d0c8-d6fd-4564-b3f4-5bd5fe54ae80","local_time":"20210211140549","is_ascension_mode":false,"campfire_choices":[{"data":"Shade:AnimateDead","floor":6,"key":"SMITH"},{"data":"Shade:SkeletonArmy","floor":8,"key":"SMITH"},{"floor":10,"key":"RECALL"},{"data":"Shade:PressTheAttack","floor":15,"key":"SMITH"},{"floor":23,"key":"REST"},{"floor":27,"key":"REST"},{"floor":32,"key":"REST"},{"floor":41,"key":"REST"},{"floor":46,"key":"REST"},{"data":"Shade:FreshBones","floor":49,"key":"SMITH"}],"circlet_count":0,"master_deck":["Shade:Strike_Shade","Shade:Strike_Shade","Shade:Strike_Shade+1","Shade:Strike_Shade","Shade:Defend_Shade","Shade:Defend_Shade","Shade:Defend_Shade","Shade:Defend_Shade","Shade:AnimateDead+1","Shade:Bonestorm","Shade:Bonestorm","Shade:AuraOfUnlife","Shade:SkeletonHug+1","Shade:SkeletonArmy+1","Shade:SkeletonHug","Shade:WallOfFlesh","Shade:SkeletonHug","Shade:PressTheAttack+1","Shade:SkeletonArmy","Shade:Coordination","Shade:AncientSpear","Shade:SensePrey+1","Shade:GraveStillness+1","Shade:AuraOfUnlife+1","Shade:AnimateDead+1","Sadistic Nature","Shade:FingerOfDeath","Shade:Carnophage","Shade:SkeletonArmy+1","Shade:SkeletonHug+1","Shade:WallOfFlesh+1","Shade:Putrefaction","Shade:ClawBack","Shade:Bonestorm+1","Shade:SpectralStrikes","Shade:FeralStrike","Shade:Putrefaction","Shade:FreshBones+1","Shade:GraveStillness+1","Shade:WallOfFlesh+1","Shade:CommandSoldier+1","Shade:LichForm+1"],"relics":["Shade:YorickSkull","NeowsBlessing","DemoMod:LamentConfigurum","Happy Flower","Tiny House","DemoMod:BlueGuonStone","Runesmith:AutoHammer","aspiration:MobileForge","thethorton:BrokenCalculator","Replay:Kaleidoscope","Meat on the Bone","Golden Egg","hubris:FunFungus"],"acts_visited":["Exordium","TheCity","TheBeyond"],"potions_floor_usage":[7,20,21,29,31,31,31,33,33,40,47,50],"damage_taken":[{"damage":0,"enemies":"2 Louse","floor":1,"turns":1},{"damage":0,"enemies":"Cultist","floor":4,"turns":1},{"damage":0,"enemies":"Jaw Worm","floor":5,"turns":1},{"damage":12,"enemies":"Gremlin Nob","floor":7,"turns":4},{"damage":0,"enemies":"Large Slime","floor":11,"turns":4},{"damage":0,"enemies":"3 Louse","floor":14,"turns":3},{"damage":4,"enemies":"Slime Boss","floor":16,"turns":7},{"damage":29,"enemies":"3 Byrds","floor":18,"turns":4},{"damage":40,"enemies":"conspire:FuzzyDice","floor":20,"turns":4},{"damage":0,"enemies":"Centurion and Healer","floor":21,"turns":7},{"damage":20,"enemies":"Chosen and Byrds","floor":28,"turns":6},{"damage":6,"enemies":"Snake Plant","floor":29,"turns":4},{"damage":4,"enemies":"Replay:Snechameleon","floor":30,"turns":5},{"damage":7,"enemies":"Shelled Parasite and Fungi","floor":31,"turns":4},{"damage":26,"enemies":"hubris:MusketHawk","floor":33,"turns":11},{"damage":10,"enemies":"3 Darklings","floor":35,"turns":5},{"damage":4,"enemies":"3 Shapes","floor":36,"turns":3},{"damage":46,"enemies":"Giant Head","floor":40,"turns":10},{"damage":0,"enemies":"4 Shapes","floor":45,"turns":5},{"damage":8,"enemies":"Transient","floor":47,"turns":5},{"damage":26,"enemies":"Reptomancer","floor":48,"turns":8},{"damage":42,"enemies":"conspire:OrnateMirror","floor":50,"turns":6}],"seed_played":"4068684159546643985","potions_obtained":[{"floor":4,"key":"Weak Potion"},{"floor":7,"key":"SteroidPotion"},{"floor":16,"key":"potionbrewer:ToxicPotion"},{"floor":17,"key":"potionbrewer:CleansingPotion"},{"floor":20,"key":"Block Potion"},{"floor":21,"key":"potionbrewer:CleansingPotion"},{"floor":28,"key":"BlessingOfTheForge"},{"floor":31,"key":"potionbrewer:SplittingPotion"},{"floor":33,"key":"bronze:BurnAndBuffPotion"},{"floor":36,"key":"Elixir"},{"floor":40,"key":"FearPotion"},{"floor":45,"key":"potionbrewer:FreezingPotion"}],"is_trial":false,"path_per_floor":["M","?","$","M","M","R","E","R","T","R","M","$","$","M","R","B",null,"M","?","M","M","?","R","?","$","T","R","M","M","E","M","R","B",null,"M","M","?","$","?","E","R","?","T","$","M","R","M","E","R","B"],"character_chosen":"SHADE","items_purchased":["Shade:AuraOfUnlife","Shade:SkeletonHug+1","Shade:PressTheAttack","Sadistic Nature","Shade:FingerOfDeath","thethorton:BrokenCalculator","Shade:SpectralStrikes","Shade:GraveStillness"],"campfire_rested":5,"item_purchase_floors":[3,3,12,25,25,38,38,44],"current_hp_per_floor":[65,65,65,65,65,65,53,53,53,53,53,53,53,53,53,49,70,41,45,5,5,5,26,26,26,26,47,27,21,17,10,31,5,70,60,56,56,56,56,10,31,31,31,31,43,64,56,42,42,0,0],"gold":121,"neow_bonus":"THREE_ENEMY_KILL","is_daily":false,"chose_seed":false,"campfire_upgraded":4,"win_rate":0.0,"timestamp":1613070349,"path_taken":["M","?","$","M","M","R","E","R","T","R","M","?","$","M","R","BOSS","M","?","M","M","?","R","?","?","T","R","M","?","E","M","R","BOSS","M","M","?","$","?","E","R","?","T","$","M","R","?","E","R","BOSS"],"items_purchased_type":["Card","Card","Card","Card","Card","Relic","Card","Card"],"build_version":"2020-12-22","purchased_purges":0,"victory":false,"max_hp_per_floor":[65,65,65,65,65,65,65,65,65,65,65,65,65,65,65,65,70,70,70,70,70,70,70,70,70,70,70,70,70,70,70,70,70,70,70,70,70,70,70,70,70,70,70,70,70,70,70,70,70,70,70],"card_choices":[{"not_picked":["Shade:FingerOfDeath","Shade:GreyBargain"],"picked":"Shade:Bonestorm","floor":1},{"not_picked":["Shade:FingerOfDeath","Shade:GreyBargain"],"picked":"Shade:Bonestorm","floor":1},{"not_picked":["Shade:GraveStillness","Shade:DangerousRitual"],"picked":"Shade:SkeletonArmy","floor":4},{"not_picked":["Shade:Haruspicy","Shade:Excise"],"picked":"Shade:SkeletonHug","floor":5},{"not_picked":["Shade:Brains","Shade:AncientSpear"],"picked":"Shade:WallOfFlesh","floor":7},{"not_picked":["Shade:CommandSoldier","Shade:OfferingToTheBeyond"],"picked":"Shade:SkeletonHug","floor":11},{"not_picked":["Shade:FingerOfDeath","Shade:GraveStillness"],"picked":"Shade:SkeletonArmy","floor":14},{"not_picked":["Shade:Consume","Shade:LichForm"],"picked":"Shade:Coordination","floor":16},{"not_picked":["Shade:Frenzy","Shade:GreyBargain"],"picked":"Shade:AncientSpear","floor":17},{"not_picked":["Shade:FuneraryArmor","Shade:PotionOfRestlessness"],"picked":"Shade:SensePrey","floor":18},{"not_picked":["Shade:DangerousRitual","Shade:SkeletonArmy"],"picked":"Shade:GraveStillness+1","floor":20},{"not_picked":["Shade:FingerOfDeath","Shade:GraveStillness"],"picked":"Shade:AuraOfUnlife+1","floor":21},{"not_picked":["Shade:FingerOfDeath","Shade:AuraOfUnlife"],"picked":"Shade:Carnophage","floor":28},{"not_picked":["Shade:FeralStrike","Shade:Trample"],"picked":"Shade:SkeletonArmy+1","floor":29},{"not_picked":["Shade:GreyBargain","Shade:FleshLikeOak"],"picked":"Shade:SkeletonHug+1","floor":30},{"not_picked":["Shade:CommandSoldier","Shade:RavenousHorde"],"picked":"Shade:WallOfFlesh+1","floor":31},{"not_picked":["Shade:Consume","Shade:LastGasp"],"picked":"Shade:Putrefaction","floor":33},{"not_picked":["Shade:BoneShards+1","Shade:AncientSpear"],"picked":"Shade:ClawBack","floor":35},{"not_picked":["Shade:Premonition","Shade:WallOfFlesh+1"],"picked":"Shade:Bonestorm+1","floor":36},{"not_picked":["Shade:Doomsay","Shade:SkeletonArmy"],"picked":"Shade:FeralStrike","floor":40},{"not_picked":["Shade:RavenousHorde","Shade:WallOfFlesh"],"picked":"Shade:Putrefaction","floor":42},{"not_picked":["Shade:AncientSpear","Shade:Excise"],"picked":"Shade:FreshBones","floor":42},{"not_picked":["Shade:FingerOfDeath","Shade:RavenousHorde"],"picked":"Shade:WallOfFlesh+1","floor":45},{"not_picked":["Shade:WallOfFlesh","Shade:FeralStrike"],"picked":"Shade:CommandSoldier+1","floor":47},{"not_picked":["Shade:Doomsay+1","Shade:Bonestorm+1"],"picked":"Shade:LichForm","floor":48}],"player_experience":487293,"relics_obtained":[{"floor":7,"key":"DemoMod:LamentConfigurum"},{"floor":9,"key":"Happy Flower"},{"floor":30,"key":"Runesmith:AutoHammer"},{"floor":40,"key":"Replay:Kaleidoscope"},{"floor":42,"key":"Meat on the Bone"},{"floor":43,"key":"Golden Egg"},{"floor":48,"key":"hubris:FunFungus"}],"event_choices":[{"damage_healed":0,"gold_gain":0,"player_choice":"Ignored","damage_taken":0,"max_hp_gain":0,"max_hp_loss":0,"event_name":"Purifier","floor":2,"gold_loss":0},{"damage_healed":4,"gold_gain":0,"player_choice":"LEAVE ","damage_taken":0,"relics_obtained":[],"max_hp_gain":0,"max_hp_loss":0,"event_name":"betterSkull:BetterSkull","floor":19,"gold_loss":0,"cards_upgraded":[]},{"damage_healed":0,"gold_gain":0,"player_choice":"Copied","damage_taken":0,"max_hp_gain":0,"max_hp_loss":0,"event_name":"Duplicator","floor":22,"gold_loss":0,"cards_obtained":["Shade:AnimateDead"]},{"damage_healed":0,"gold_gain":0,"player_choice":"Ignored","damage_taken":0,"max_hp_gain":0,"max_hp_loss":0,"event_name":"N\u0027loth","floor":24,"gold_loss":0},{"cards_removed":["Shade:CarefulCut"],"damage_healed":0,"gold_gain":0,"player_choice":"Removed Attack","damage_taken":0,"max_hp_gain":0,"max_hp_loss":0,"event_name":"Falling","floor":37,"gold_loss":0}],"is_beta":false,"boss_relics":[{"not_picked":["Honey Jar","Painkiller Herb"],"picked":"Tiny House"},{"not_picked":["aspiration:WatcherSkillbook","theForsaken:PaleLantern"],"picked":"aspiration:MobileForge"}],"items_purged_floors":[],"is_endless":false,"potions_floor_spawned":[4,7,16,20,21,28,31,33,36,40,45],"killed_by":"conspire:OrnateMirror","ascension_level":0}}