{"host":"8efry9zhj4tjp5kw","time":1613078082,"event":{"mods":["Act Like it!","Aspiration","Bard","BaseMod","Beaked The Cultist","Colored Map","Colored Powertips","Conspire","Downfall","Glutton Mod","Halation","Hallownest","Hermit","Highlight Path","Hubris","Infinite Spire","Jedi Mod","Jorbs\u0027s Wanderer Trilogy","Koishi","Mad Scientist","Marisa????????","Mimic Mod","Minty Spire (QoL Compilation)","Reworked Bosses","Shop Mod","StSLib","The Administrix","The Construct","The Disciple","The Jungle","The Mystic","The Necromancer","The Servant 0.9.4","Unceasing Turn Reminder"],"gold_per_floor":[99,99,174,174,206,206,284,295,305,305,338,338,352,380,392,489,489,489,508,518,530,530,530,530,562,394,394,405,435,448,475,489,592,592,592,609,628,642,309,325,325,336,336,350,350,52,86,136,152,152],"floor_reached":51,"language":"ENG","playtime":4543,"items_purged":["Slimebound:Tackle","Slimebound:Defend_Slimebound"],"score":769,"play_id":"09989bda-b4de-467e-aefb-7e6ff1e710ef","local_time":"20210211221442","is_ascension_mode":true,"campfire_choices":[{"data":"Slimebound:Split","floor":1,"key":"SMITH"},{"data":"Slimebound:HauntingLick","floor":6,"key":"SMITH"},{"data":"Slimebound:ItLooksTasty","floor":10,"key":"SMITH"},{"data":"Slimebound:SplitLeeching","floor":12,"key":"SMITH"},{"data":"Slimebound:OneTwoCombo","floor":18,"key":"SMITH"},{"data":"Slimebound:AcidTongue","floor":27,"key":"SMITH"},{"data":"Slimebound:Grow","floor":35,"key":"SMITH"},{"data":"Slimebound:Grow","floor":43,"key":"SMITH"},{"floor":45,"key":"REST"}],"circlet_count":0,"master_deck":["Slimebound:Strike_Slimebound","Slimebound:Strike_Slimebound","Slimebound:Defend_Slimebound","Slimebound:Defend_Slimebound","Slimebound:Defend_Slimebound","Slimebound:Split+1","Slimebound:CorrosiveSpit","Slimebound:HauntingLick+1","Slimebound:ItLooksTasty+1","Slimebound:SplitLeeching+1","Slimebound:MegaLick","Slimebound:RejuvenatingLick","Slimebound:Schlurp","Slimebound:Equalize","Slimebound:SamplingLick","Slimebound:OneTwoCombo+1","Slimebound:SplitSpecialist","Slimebound:SplitMire","Slimebound:GoopSpray+1","Slimebound:AcidTongue+1","Slimebound:Dissolve","Slimebound:Grow+1","Slimebound:Grow+1","Slimebound:SpikyOuterGoop","Slimebound:TongueLash+1","Slimebound:DuplicatedForm","Slimebound:Nibble","Slimebound:TongueLash+1","Slimebound:LeechLife","Slimebound:LeechingTouch","Slimebound:SamplingLick","Slimebound:LeechEnergy+1"],"relics":["Slimebound:AbsorbEndCombatUpgraded","downfall:HeartsMalice","aspiration:EmptySkull","halation:SelfBoilingWater","hubris:SlimyHat","Blue Candle","Mercury Hourglass","aspiration:ChemicalBlood","infinitespire:CursedDice","hubris:Potato","Runic Pyramid","hubris:MedicalManual","Slimebound:MaxSlimesRelic","hubris:Teleporter"],"acts_visited":["Exordium","TheCity","TheBeyond"],"potions_floor_usage":[14,31,33,38,42,50,50,50],"damage_taken":[{"damage":0,"enemies":"conspire:RoseBush","floor":2,"turns":1},{"damage":0,"enemies":"Jaw Worm","floor":4,"turns":1},{"damage":0,"enemies":"Small Slimes","floor":5,"turns":1},{"damage":3,"enemies":"Small Slimes","floor":8,"turns":3},{"damage":5,"enemies":"Red Slaver","floor":9,"turns":2},{"damage":23,"enemies":"Lagavulin","floor":11,"turns":4},{"damage":0,"enemies":"Large Slime","floor":13,"turns":3},{"damage":14,"enemies":"Gremlin Nob","floor":14,"turns":4},{"damage":4,"enemies":"Blue Slaver","floor":15,"turns":3},{"damage":7,"enemies":"SI_SHIV_ARCHETYPE","floor":16,"turns":16},{"damage":19,"enemies":"Spheric Guardian","floor":19,"turns":4},{"damage":2,"enemies":"Snecko","floor":20,"turns":4},{"damage":7,"enemies":"Cultist and Chosen","floor":21,"turns":7},{"damage":17,"enemies":"conspire:Head Lice","floor":25,"turns":7},{"damage":0,"enemies":"downfall:FleeingMerchant","floor":26,"turns":4},{"damage":4,"enemies":"conspire:HollyBat","floor":28,"turns":6},{"damage":8,"enemies":"conspire:SneckoGhost","floor":29,"turns":5},{"damage":0,"enemies":"Centurion and Healer","floor":30,"turns":5},{"damage":15,"enemies":"Gremlin Leader","floor":31,"turns":6},{"damage":16,"enemies":"Sentry and Sphere","floor":32,"turns":6},{"damage":78,"enemies":"WA_ARCHETYPE_CALM","floor":33,"turns":10},{"damage":5,"enemies":"3 Shapes","floor":36,"turns":5},{"damage":19,"enemies":"3 Darklings","floor":37,"turns":5},{"damage":18,"enemies":"Spire Growth","floor":38,"turns":5},{"damage":27,"enemies":"Sphere and 2 Shapes","floor":40,"turns":5},{"damage":26,"enemies":"Maw","floor":42,"turns":6},{"damage":21,"enemies":"3 Darklings","floor":44,"turns":5},{"damage":0,"enemies":"downfall:FleeingMerchant","floor":46,"turns":4},{"damage":6,"enemies":"Giant Head","floor":47,"turns":8},{"damage":0,"enemies":"Giant Head","floor":48,"turns":4},{"damage":32,"enemies":"Transient","floor":49,"turns":5},{"damage":53,"enemies":"DF_ARCHETYPE_ORBS","floor":50,"turns":6}],"seed_played":"-560972430658285619","potions_obtained":[{"floor":11,"key":"Fruit Juice"},{"floor":13,"key":"Block Potion"},{"floor":14,"key":"DuplicationPotion"},{"floor":16,"key":"Slimebound:SlimyTonguePotion"},{"floor":32,"key":"DistilledChaos"},{"floor":36,"key":"Explosive Potion"},{"floor":37,"key":"Energy Potion"},{"floor":38,"key":"hexamod:SoulburnPotion"},{"floor":42,"key":"CultistPotion"},{"floor":49,"key":"Energy Potion"},{"floor":50,"key":"champ:CounterPotion"}],"is_trial":false,"path_per_floor":["R","M","?","M","MIM","R","T","M","M","R","E","R","M","E","M","B",null,"R","M","M","M","?","?","T","E","$","R","M","E","M","E","M","B",null,"R","M","M","M","?","M","T","M","R","M","R","$","E","?","M","B",null],"character_chosen":"SLIMEBOUND","items_purchased":["Slimebound:AcidTongue","Slimebound:LeechingTouch","Slimebound:SamplingLick","Regen Potion"],"campfire_rested":1,"item_purchase_floors":[26,46,46,46],"current_hp_per_floor":[65,65,65,65,65,65,65,64,62,62,46,46,52,47,51,56,70,70,57,70,63,63,63,63,69,70,70,67,68,70,68,66,6,70,70,70,67,64,79,69,69,58,58,56,79,79,74,79,63,72],"gold":152,"neow_bonus":"THREE_ENEMY_KILL","is_daily":false,"chose_seed":false,"campfire_upgraded":8,"win_rate":0.0,"timestamp":1613078082,"path_taken":["R","M","?","M","?","R","T","?","M","R","E","R","M","E","M","BOSS","R","M","M","M","?","?","T","E","?","R","M","E","?","E","M","BOSS","R","M","M","M","?","M","T","M","R","M","R","$","E","?","M","BOSS"],"items_purchased_type":["Card","Card","Card","Potion"],"build_version":"2020-12-22","purchased_purges":2,"victory":true,"max_hp_per_floor":[65,65,65,65,65,65,65,65,65,65,65,65,65,70,70,70,70,70,70,70,70,70,70,70,70,70,70,70,70,70,70,70,70,70,70,70,70,70,79,79,79,79,79,79,79,79,79,79,79,79],"card_choices":[{"not_picked":["Slimebound:LevelUp","Slimebound:DivideAndConquer"],"picked":"Slimebound:HauntingLick","floor":2},{"not_picked":["Slimebound:GoopTackle","Slimebound:Gluttony"],"picked":"Slimebound:ItLooksTasty","floor":4},{"not_picked":["Slimebound:PressTheAttack","Slimebound:DivideAndConquer"],"picked":"Slimebound:SplitLeeching","floor":5},{"not_picked":["Slimebound:GoopSpray","Slimebound:SplitLeeching"],"picked":"Slimebound:MegaLick","floor":8},{"not_picked":["Slimebound:SpikyOuterGoop","Slimebound:BestDefense"],"picked":"Slimebound:RejuvenatingLick","floor":9},{"not_picked":["Slimebound:Grow","Slimebound:Chomp"],"picked":"Slimebound:Schlurp","floor":11},{"not_picked":["Slimebound:SplitAcid","Slimebound:FinishingTackle","Slimebound:RollThrough"],"picked":"SKIP","floor":13},{"not_picked":["Slimebound:ItLooksTasty","Slimebound:Prepare"],"picked":"Slimebound:Equalize","floor":14},{"not_picked":["Slimebound:GoopTackle","Slimebound:FormOfPuddle"],"picked":"Slimebound:SamplingLick","floor":15},{"not_picked":["Slimebound:SelfFormingGoo","Slimebound:CheckThePlaybook"],"picked":"Slimebound:OneTwoCombo","floor":16},{"not_picked":["Slimebound:SlimeBarrage","Slimebound:HauntingLick"],"picked":"Slimebound:SplitSpecialist","floor":19},{"not_picked":["Slimebound:GrowthPunch+1","Slimebound:Prepare","Slimebound:ComboTackle+1"],"picked":"SKIP","floor":20},{"not_picked":["Slimebound:LivingWall","Slimebound:MegaLick+1"],"picked":"Slimebound:SplitMire","floor":21},{"not_picked":["Slimebound:SplitBruiser+1","Slimebound:RainOfGoop"],"picked":"Slimebound:GoopSpray+1","floor":25},{"not_picked":["Slimebound:Prepare","Slimebound:CheckThePlaybook","Slimebound:RollThrough"],"picked":"SKIP","floor":26},{"not_picked":["Slimebound:SplitSpecialist","Slimebound:BestDefense"],"picked":"Slimebound:Dissolve","floor":28},{"not_picked":["Slimebound:Prepare","Slimebound:FinishingTackle+1"],"picked":"Slimebound:Grow","floor":29},{"not_picked":["Slimebound:Chomp","Slimebound:GoopTackle+1"],"picked":"Slimebound:Grow","floor":30},{"not_picked":["Slimebound:GoopTackle","Slimebound:Dissolve"],"picked":"Slimebound:SpikyOuterGoop","floor":31},{"not_picked":["Slimebound:LivingWall","Slimebound:Replication"],"picked":"Slimebound:TongueLash+1","floor":32},{"not_picked":["Slimebound:MassFeed","Slimebound:WasteNot"],"picked":"Slimebound:DuplicatedForm","floor":33},{"not_picked":["Slimebound:PressTheAttack+1","Slimebound:ProtectTheBoss","Slimebound:SplitMire+1"],"picked":"SKIP","floor":36},{"not_picked":["Slimebound:SplitBruiser+1","Slimebound:MegaLick+1"],"picked":"Slimebound:Nibble","floor":37},{"not_picked":["Slimebound:Chomp","Slimebound:Prepare+1","Slimebound:SplitLeeching"],"picked":"SKIP","floor":38},{"not_picked":["Slimebound:FormOfPuddle","Slimebound:SplitMire+1","Slimebound:SplitBruiser+1"],"picked":"SKIP","floor":40},{"not_picked":["Slimebound:MassFeed","Slimebound:SlimeTap+1","Slimebound:RollThrough+1"],"picked":"SKIP","floor":42},{"not_picked":["Slimebound:SlimeTap+1","Slimebound:GoopTackle+1"],"picked":"Slimebound:TongueLash+1","floor":44},{"not_picked":["Slimebound:LeechEnergy+1","Slimebound:SplitBruiser+1"],"picked":"Slimebound:LeechLife","floor":46},{"not_picked":["Slimebound:FirmFortitude","Slimebound:SplitLeeching","Slimebound:ViciousTackle+1"],"picked":"SKIP","floor":47},{"not_picked":["Slimebound:GoopSpray","Slimebound:GrowthPunch"],"picked":"Slimebound:LeechEnergy+1","floor":49}],"player_experience":1123631,"relics_obtained":[{"floor":5,"key":"aspiration:EmptySkull"},{"floor":7,"key":"halation:SelfBoilingWater"},{"floor":11,"key":"hubris:SlimyHat"},{"floor":14,"key":"Blue Candle"},{"floor":24,"key":"Mercury Hourglass"},{"floor":25,"key":"aspiration:ChemicalBlood"},{"floor":29,"key":"infinitespire:CursedDice"},{"floor":31,"key":"hubris:Potato"},{"floor":41,"key":"hubris:MedicalManual"},{"floor":47,"key":"Slimebound:MaxSlimesRelic"},{"floor":48,"key":"hubris:Teleporter"}],"event_choices":[],"is_beta":false,"boss_relics":[{"not_picked":["bronze:MakeshiftBattery","hubris:GrandSneckoEye"],"picked":"Slimebound:AbsorbEndCombatUpgraded"},{"not_picked":["halation:PlatinumPhoenix","SlaversCollar"],"picked":"Runic Pyramid"}],"items_purged_floors":[26,46],"is_endless":false,"potions_floor_spawned":[11,13,14,16,21,30,31,36,37,38,48,49],"ascension_level":2}}