{"host":"7s0ipaqx8m4pdduf","time":1613058031,"event":{"mods":["BaseMod","BetterRewards","Colored Map","Infinite Spire","Minty Spire (QoL Compilation)","StSLib","SuperFastMode","The Animator"],"gold_per_floor":[118,118,118,48,48,80,80,104,157,157,184,196,215,233,233,342,342,370,61,78,95,95,95,119,119,170,184,204,204,204,229,229,324,399,412,412,432,446,52,52,52,75,152,152,152,152,163,173,173,173],"floor_reached":51,"language":"ENG","playtime":3349,"items_purged":["animator:Strike"],"score":734,"play_id":"b3c3594d-3f7b-4b9f-904e-c67097c52e5d","local_time":"20210211164031","is_ascension_mode":false,"campfire_choices":[{"data":"animator:SuzuneAmano","floor":7,"key":"SMITH"},{"data":"animator:IrohaTamaki","floor":10,"key":"SMITH"},{"data":"animator:MetalKnight","floor":15,"key":"SMITH"},{"data":"animator:Saitama","floor":23,"key":"SMITH"},{"floor":25,"key":"REST"},{"floor":30,"key":"REST"},{"data":"animator:Ainz","floor":32,"key":"SMITH"},{"data":"animator:Hibiki","floor":40,"key":"SMITH"},{"data":"animator:HigakiRinne","floor":46,"key":"SMITH"},{"floor":49,"key":"REST"}],"circlet_count":0,"master_deck":["animator:Strike_MadokaMagica","animator:Defend_MadokaMagica","animator:Strike","animator:Defend","animator:Defend","animator:Defend","animator:IrohaTamaki+1","animator:YuiTsuruno","animator:MumenRider+1","animator:SuzuneAmano+1","animator:Sonic+1","animator:Kyubey","animator:Sonic","animator:MetalKnight+1","animator:YaoHaDucy","animator:OrikoMikuni","animator:Ainz+1","animator:MadokaKaname","animator:Gilgamesh+4","animator:Saitama+1","animator:Lancer","animator:Entoma+4","animator:PinaCoLada","animator:Albedo","animator:MumenRider","animator:Genos","animator:Biyorigo","animator:PandorasActor","animator:KyokoSakura","animator:Hibiki+1","infinitespire:Execution","animator:Envy","animator:HigakiRinne+1","animator:Albedo","animator:TukaLunaMarceau+1"],"relics":["animator:LivingPicture","animator:TheMissingPiece","NeowsBlessing","Happy Flower","animator:OldCoffin","animator:WornHelmet","Strawberry","Sozu","Boot","Eternal Feather","Tiny House","Oddly Smooth Stone","Bronze Scales"],"acts_visited":["Exordium","TheCity","TheBeyond"],"potions_floor_usage":[11,24,24,50],"damage_taken":[{"damage":0,"enemies":"Jaw Worm","floor":1,"turns":1},{"damage":0,"enemies":"Lagavulin","floor":6,"turns":1},{"damage":0,"enemies":"2 Louse","floor":8,"turns":1},{"damage":0,"enemies":"Gremlin Nob","floor":11,"turns":3},{"damage":0,"enemies":"Cultist","floor":12,"turns":3},{"damage":9,"enemies":"3 Louse","floor":13,"turns":5},{"damage":0,"enemies":"Exordium Wildlife","floor":14,"turns":2},{"damage":12,"enemies":"Hexaghost","floor":16,"turns":10},{"damage":4,"enemies":"Spheric Guardian","floor":18,"turns":5},{"damage":2,"enemies":"Chosen","floor":20,"turns":6},{"damage":26,"enemies":"3 Cultists","floor":21,"turns":7},{"damage":16,"enemies":"Snecko","floor":24,"turns":5},{"damage":12,"enemies":"Shelled Parasite and Fungi","floor":27,"turns":6},{"damage":22,"enemies":"Snake Plant","floor":28,"turns":4},{"damage":13,"enemies":"Champ","floor":33,"turns":12},{"damage":21,"enemies":"Orb Walker","floor":35,"turns":4},{"damage":22,"enemies":"3 Darklings","floor":37,"turns":6},{"damage":9,"enemies":"4 Shapes","floor":38,"turns":8},{"damage":17,"enemies":"Spire Growth","floor":42,"turns":5},{"damage":29,"enemies":"Writhing Mass","floor":47,"turns":6},{"damage":7,"enemies":"3 Darklings","floor":48,"turns":6},{"damage":45,"enemies":"infinitespire:MassOfShapes","floor":50,"turns":9}],"seed_played":"-1601149536517265670","potions_obtained":[{"floor":1,"key":"Energy Potion"},{"floor":8,"key":"FearPotion"},{"floor":13,"key":"SpeedPotion"},{"floor":14,"key":"ColorlessPotion"},{"floor":16,"key":"LiquidMemories"}],"is_trial":false,"path_per_floor":["M","?","?","$","?","E","R","M","T","R","E","M","M","M","R","B",null,"M","$","M","M","?","R","M","R","T","M","M","?","R","T","R","B",null,"M","?","M","M","$","R","AVR","M","T","?","?","R","M","M","R","B",null],"character_chosen":"THE_ANIMATOR","items_purchased":["animator:SuzuneAmano","animator:Gilgamesh","animator:Saitama","animator:Hibiki","Oddly Smooth Stone"],"campfire_rested":3,"item_purchase_floors":[4,19,19,39,39],"current_hp_per_floor":[66,66,59,59,59,59,59,59,59,59,66,66,57,58,58,46,74,70,70,68,49,49,49,36,58,58,51,34,34,57,57,72,62,84,67,67,48,45,45,63,63,52,52,41,41,59,33,29,76,31],"gold":173,"neow_bonus":"THREE_ENEMY_KILL","is_daily":false,"chose_seed":false,"campfire_upgraded":7,"win_rate":0.0,"timestamp":1613058031,"path_taken":["M","?","?","$","?","E","R","M","T","R","E","M","M","M","R","BOSS","M","$","M","M","?","R","M","R","T","M","?","?","R","?","R","BOSS","M","?","M","M","$","R","AVR","M","T","?","?","R","?","M","R","BOSS"],"items_purchased_type":["Card","Card","Card","Card","Relic"],"build_version":"2020-12-22","purchased_purges":1,"victory":true,"max_hp_per_floor":[66,66,66,66,66,66,66,66,66,66,73,73,73,74,74,74,74,74,74,74,75,75,75,75,75,75,77,79,79,79,79,79,79,84,85,85,85,88,88,88,88,88,88,88,88,88,88,88,88,88],"card_choices":[{"not_picked":["animator:YaoHaDucy","animator:Assassin"],"picked":"animator:MumenRider","floor":1},{"not_picked":["animator:Cocytus","animator:Archer"],"picked":"animator:Sonic","floor":6},{"not_picked":["animator:Cocytus","animator:MaesHughes"],"picked":"animator:Kyubey","floor":8},{"not_picked":["animator:MumenRider","animator:Tatsumaki"],"picked":"animator:Sonic","floor":11},{"not_picked":["animator:Archer","animator:ShinjiMatou"],"picked":"animator:MetalKnight","floor":12},{"not_picked":["animator:RoryMercury","animator:Togame"],"picked":"animator:YaoHaDucy","floor":13},{"not_picked":["animator:Demiurge","animator:Tatsumaki"],"picked":"animator:OrikoMikuni","floor":14},{"not_picked":["animator:Boros","animator:MadokaKaname"],"picked":"animator:Ainz","floor":16},{"not_picked":["animator:YuiTsuruno","animator:KyokoSakura"],"picked":"animator:MadokaKaname","floor":18},{"not_picked":["animator:Berserker+1","animator:Tatsumaki"],"picked":"animator:Lancer","floor":20},{"not_picked":["animator:YaoHaDucy+1","animator:SilverFang+1"],"picked":"animator:Entoma+1","floor":21},{"not_picked":["animator:Hitei","animator:SilverFang"],"picked":"animator:Albedo","floor":24},{"not_picked":["animator:Melzalgald","animator:Tatsumaki"],"picked":"animator:MumenRider","floor":27},{"not_picked":["animator:MetalKnight+1","animator:YuiTsuruno"],"picked":"animator:Genos","floor":28},{"not_picked":["animator:Saitama","animator:Gilgamesh"],"picked":"animator:Biyorigo","floor":33},{"not_picked":["animator:Lancer","animator:Konayuki"],"picked":"animator:PandorasActor","floor":35},{"not_picked":["animator:Tatsumaki","animator:SilverFang","animator:Togame+1"],"picked":"SKIP","floor":37},{"not_picked":["animator:IrohaTamaki","animator:Kyubey"],"picked":"animator:KyokoSakura","floor":38},{"not_picked":["animator:Emonzaemon+1","animator:OrikoMikuni"],"picked":"animator:Envy","floor":42},{"not_picked":["animator:TsurugaMeisai","animator:Emonzaemon"],"picked":"animator:TukaLunaMarceau+1","floor":47},{"not_picked":["animator:Lancer+1","animator:Genos","animator:Sebas+1"],"picked":"SKIP","floor":48}],"player_experience":2409131,"relics_obtained":[{"floor":6,"key":"animator:OldCoffin"},{"floor":9,"key":"animator:WornHelmet"},{"floor":11,"key":"Strawberry"},{"floor":26,"key":"Boot"},{"floor":31,"key":"Eternal Feather"},{"floor":43,"key":"Bronze Scales"}],"event_choices":[{"damage_healed":0,"gold_gain":0,"player_choice":"Grow","damage_taken":0,"max_hp_gain":0,"max_hp_loss":0,"event_name":"Living Wall","floor":2,"gold_loss":0,"cards_upgraded":["animator:MumenRider"]},{"damage_healed":0,"gold_gain":0,"player_choice":"Success","damage_taken":7,"relics_obtained":["Happy Flower"],"max_hp_gain":0,"max_hp_loss":0,"event_name":"Scrap Ooze","floor":3,"gold_loss":0},{"damage_healed":0,"gold_gain":0,"player_choice":"Leave","damage_taken":0,"max_hp_gain":0,"max_hp_loss":0,"event_name":"The Cleric","floor":5,"gold_loss":0},{"damage_healed":0,"gold_gain":0,"player_choice":"1 cards matched","damage_taken":0,"max_hp_gain":0,"max_hp_loss":0,"event_name":"Match and Keep!","floor":22,"gold_loss":0,"cards_obtained":["animator:PinaCoLada"]},{"damage_healed":0,"gold_gain":0,"player_choice":"Ignored","damage_taken":0,"max_hp_gain":0,"max_hp_loss":0,"event_name":"Vampires","floor":29,"gold_loss":0},{"damage_healed":0,"gold_gain":0,"player_choice":"Embrace Madness","damage_taken":11,"max_hp_gain":0,"max_hp_loss":0,"event_name":"Winding Halls","floor":44,"gold_loss":0,"cards_obtained":["animator:HigakiRinne"]},{"damage_healed":0,"gold_gain":0,"cards_transformed":["animator:Strike"],"player_choice":"Transformed","damage_taken":0,"max_hp_gain":0,"max_hp_loss":0,"event_name":"Transmorgrifier","floor":45,"gold_loss":0,"cards_obtained":["animator:Albedo"]}],"is_beta":false,"boss_relics":[{"not_picked":["infinitespire:Cupcake","Black Star"],"picked":"Sozu"},{"not_picked":["Astrolabe","Philosopher\u0027s Stone"],"picked":"Tiny House"}],"items_purged_floors":[39],"is_endless":false,"potions_floor_spawned":[1,8,13,14,16,20,21,28,35,42,47],"ascension_level":0}}