{"host":"o3b7ow6d1xe49css","time":1613024287,"event":{"mods":["Act Like it!","Aspiration","BaseMod","Bestiary","Better Altar","Better Match","Better Note","Better Sensory Stone","Better Skull","Better Third Choice","Colored Powertips","Conspire","Energized Spire","GifTheSpireLib","Halation","Hermit","Hubris","Infinite Spire","Lobotomy","Minty Spire (QoL Compilation)","Quick Restart","Rare Cards Sparkle","Relic Filter Mod","Reliquary","Replay The Spire","Spicy Shops","Spikes Relics","Spire Arcade","StSLib","Stuff the Spire","The Blue Laboratory","Wandering Minibosses"],"gold_per_floor":[112,125,136,136,156,156,191,11,11,46,46,76,76,108,108,206,206,222,242,195,195,195,221,22,22,22,22,22,48,48,79,79,178,178,193,207,207,207,207,207,237,265,292,67,67,67,67,94,94,192,192,192,31,61,61],"floor_reached":56,"language":"ENG","playtime":3290,"items_purged":["Regret","Strike_P","UniverseFragment","Strike_P"],"score":1735,"play_id":"e92f6ddf-592c-4e12-9085-6d1914280334","local_time":"20210210211807","daily_mods":["Heirloom","Flight"],"is_ascension_mode":true,"campfire_choices":[{"data":"Blasphemy","floor":6,"key":"SMITH"},{"data":"CrushJoints","floor":15,"key":"SMITH"},{"floor":25,"key":"REST"},{"data":"StuffTheSpire:Ambrosia","floor":28,"key":"SMITH"},{"floor":30,"key":"REST"},{"data":"Fasting2","floor":32,"key":"SMITH"},{"floor":40,"key":"REST"},{"floor":46,"key":"REST"},{"data":"BattleHymn","floor":47,"key":"SMITH"},{"floor":49,"key":"REST"},{"data":"Fasting2","floor":52,"key":"SMITH"}],"circlet_count":0,"master_deck":["Strike_P","Defend_P","Defend_P","Defend_P","Eruption","Vigilance","BowlingBash","Consecrate","Fasting2+1","ClearTheMind","BowlingBash","StuffTheSpire:Ambrosia+1","CrushJoints+1","Establishment","ThirdEye","infinitespire:FutureSight","Fasting2+1","Wallop","Perseverance+1","Crescendo+1","BattleHymn+1","Fasting2","Consecrate+1","Vault","Halt","Protect+1"],"relics":["PureWater","Ring of Chaos","conspire:GiftBox","CogitoBucket","StuffTheSpire:RedRose","Omamori","aspiration:FrozenJewel","reliquary:Dhvaja","aspiration:TomeofQuesting","halation:Prosthetics","SkinProphecy","MiniBlackHole","conspire:SeveredTorchhead","aspiration:Lifesprig","reliquary:FeatherDuster","Mango","StuffTheSpire:GrapeVine","reliquary:Craggleroot","hubris:Towel","Pocketwatch","halation:PrussianBluePaint","Replay:Bottled Steam","Strawberry","StuffTheSpire:OldFever","The Courier","Empty Cage","Ring of Chaos","reliquary:FerryPass"],"acts_visited":["Exordium","TheCity","TheBeyond","Exordium","TheEnding"],"potions_floor_usage":[7,7,10,12,33,42,42,50,54,55,55,55],"damage_taken":[{"damage":0,"enemies":"conspire:RoseBush","floor":1,"turns":3},{"damage":0,"enemies":"Small Slimes","floor":2,"turns":2},{"damage":0,"enemies":"Jaw Worm","floor":3,"turns":1},{"damage":4,"enemies":"Gremlin Gang","floor":5,"turns":3},{"damage":36,"enemies":"Lagavulin","floor":7,"turns":7},{"damage":0,"enemies":"Gremlin Nob","floor":10,"turns":2},{"damage":6,"enemies":"Replay:BlueRogue","floor":12,"turns":5},{"damage":11,"enemies":"3 Sentries","floor":14,"turns":4},{"damage":0,"enemies":"Slime Boss","floor":16,"turns":3},{"damage":4,"enemies":"Chosen","floor":18,"turns":4},{"damage":0,"enemies":"3 Byrds","floor":19,"turns":3},{"damage":14,"enemies":"3 Cultists","floor":20,"turns":6},{"damage":3,"enemies":"Nightmare","floor":23,"turns":6},{"damage":8,"enemies":"conspire:Head Lice","floor":29,"turns":2},{"damage":7,"enemies":"conspire:SneckoGhost","floor":31,"turns":4},{"damage":14,"enemies":"Champ","floor":33,"turns":7},{"damage":36,"enemies":"3 Shapes","floor":35,"turns":5},{"damage":0,"enemies":"3 Darklings","floor":36,"turns":3},{"damage":3,"enemies":"R_Hoarder","floor":41,"turns":5},{"damage":6,"enemies":"Nightmare","floor":42,"turns":5},{"damage":26,"enemies":"Giant Head","floor":48,"turns":5},{"damage":42,"enemies":"Donu and Deca","floor":50,"turns":4},{"damage":32,"enemies":"Shield and Spear","floor":54,"turns":4},{"damage":31,"enemies":"The Heart","floor":55,"turns":9}],"seed_played":"-8502675101421617044","potions_obtained":[{"floor":1,"key":"Block Potion"},{"floor":5,"key":"Weak Potion"},{"floor":7,"key":"ColorlessPotion"},{"floor":10,"key":"Weak Potion"},{"floor":19,"key":"blueLaboratory:PhilterOfMotion"},{"floor":31,"key":"Adrenaline Potion"},{"floor":35,"key":"Dexterity Potion"},{"floor":42,"key":"blueLaboratory:PressurePotion"},{"floor":50,"key":"blueLaboratory:AlphaPotion"}],"is_trial":true,"path_per_floor":["M","M","M","?","M","R","E","$","T","E","?","E","?","E","R","B",null,"M","M","M","?","AVR","NM","$","R","T","?","R","E","R","E","R","B",null,"M","M","?","$","AVR","R","E","NM","T","$","?","R","R","E","R","B",null,"R","$","E","B",null],"character_chosen":"WATCHER","items_purchased":["Fasting2","Wallop","BattleHymn","StuffTheSpire:OldFever","Halt","SpeedPotion","blueLaboratory:FrostheartPotion"],"campfire_rested":5,"item_purchase_floors":[8,24,44,44,53,53,53],"current_hp_per_floor":[72,72,72,72,68,68,32,32,32,32,56,50,50,40,40,41,39,37,34,17,17,17,11,11,26,26,26,26,30,50,41,41,25,63,23,21,21,21,21,47,46,38,45,45,45,75,75,47,79,35,106,106,106,72,39],"gold":61,"neow_bonus":"","is_daily":false,"chose_seed":false,"campfire_upgraded":6,"win_rate":0.0,"timestamp":1613024287,"path_taken":["M","M","M","?","M","R","E","$","T","E","?","E","?","E","R","BOSS","M","M","?","?","AVR","NM","$","R","T","?","R","E","R","E","R","BOSS","M","?","?","$","AVR","R","E","NM","T","$","?","R","R","E","R","BOSS","R","$","E","BOSS"],"items_purchased_type":["Card","Card","Card","Relic","Card","Potion","Potion"],"build_version":"2020-12-22","purchased_purges":4,"victory":true,"max_hp_per_floor":[72,72,72,72,72,72,72,72,72,72,72,72,72,73,73,74,39,41,44,47,47,47,50,50,50,50,50,50,68,68,72,72,76,76,84,88,88,88,88,88,92,96,103,103,103,103,103,107,107,111,111,111,111,115,119],"card_choices":[{"not_picked":["DevaForm","Replay:LoomingThreat"],"picked":"Blasphemy","floor":0},{"not_picked":["Prostrate","LikeWater"],"picked":"BowlingBash","floor":1},{"not_picked":["ShyLook","WallGazer","Bloodbath"],"picked":"Singing Bowl","floor":1},{"not_picked":["Adaptation","CarveReality"],"picked":"Tantrum","floor":2},{"not_picked":["SpiderBud","WallGazer","OldLady"],"picked":"Singing Bowl","floor":2},{"not_picked":["WallGazer","VoidDream"],"picked":"UniverseFragment","floor":2},{"not_picked":["Weave","SandsOfTime"],"picked":"Consecrate","floor":3},{"not_picked":["ShyLook","WallGazer","Bloodbath"],"picked":"Singing Bowl","floor":3},{"not_picked":["SpiderBud","WhitesApple","BeautyBeast"],"picked":"Singing Bowl","floor":5},{"not_picked":["LikeWater","Replay:Battleflow","CutThroughFate"],"picked":"SKIP","floor":5},{"not_picked":["BigBadWolf","BlackSwan","BeautyBeast"],"picked":"Singing Bowl","floor":7},{"not_picked":["MasterReality","FollowUp","SignatureMove"],"picked":"SKIP","floor":7},{"not_picked":["Judgement","ThirdEye"],"picked":"ClearTheMind","floor":10},{"not_picked":["FlyingSleeves","SandsOfTime"],"picked":"BowlingBash","floor":12},{"not_picked":["StuffTheSpire:Perfection","StuffTheSpire:Vigor"],"picked":"StuffTheSpire:Ambrosia","floor":13},{"not_picked":["Conclude","CarveReality"],"picked":"CrushJoints","floor":14},{"not_picked":["Ragnarok","DeusExMachina"],"picked":"Establishment","floor":16},{"not_picked":["BigBird","FieryBird","LittlePrince"],"picked":"Singing Bowl","floor":16},{"not_picked":["Adaptation+1","Replay:BluntJabs","Pray"],"picked":"SKIP","floor":18},{"not_picked":["EmptyBody","WheelKick+1"],"picked":"ThirdEye","floor":19},{"not_picked":["SandsOfTime","FollowUp","SashWhip"],"picked":"SKIP","floor":20},{"not_picked":["infinitespire:Punishment","Replay:Fractal Strike"],"picked":"infinitespire:FutureSight","floor":21},{"not_picked":["Sanctity","Replay:Hum"],"picked":"Fasting2","floor":23},{"not_picked":["SingingMachine","SilentOrchestra","OSAHOGD"],"picked":"Singing Bowl","floor":23},{"not_picked":["Consecrate","EmptyMind+1","CutThroughFate+1"],"picked":"SKIP","floor":29},{"not_picked":["SpiritShield","ThirdEye"],"picked":"Perseverance+1","floor":31},{"not_picked":["InnerPeace","FlyingSleeves"],"picked":"Crescendo+1","floor":35},{"not_picked":["Vengeance","Evaluate","Crescendo+1"],"picked":"SKIP","floor":36},{"not_picked":["FlyingSleeves","CrushJoints+1","ThirdEye+1"],"picked":"SKIP","floor":41},{"not_picked":["Conclude+1","SpiritShield","BowlingBash+1"],"picked":"SKIP","floor":42},{"not_picked":["Wireheading+1","Prostrate"],"picked":"Consecrate+1","floor":48},{"not_picked":["ConjureBlade","Scrawl"],"picked":"Vault","floor":50},{"not_picked":["Replay:Battleflow+1","EmptyMind+1"],"picked":"Protect+1","floor":54}],"player_experience":1357209,"relics_obtained":[{"floor":7,"key":"Omamori"},{"floor":9,"key":"ReplayTheSpireMod:Lightbulb"},{"floor":10,"key":"aspiration:FrozenJewel"},{"floor":12,"key":"reliquary:Dhvaja"},{"floor":14,"key":"aspiration:TomeofQuesting"},{"floor":23,"key":"aspiration:Lifesprig"},{"floor":26,"key":"reliquary:FeatherDuster"},{"floor":29,"key":"Mango"},{"floor":31,"key":"StuffTheSpire:GrapeVine"},{"floor":41,"key":"halation:PrussianBluePaint"},{"floor":42,"key":"Replay:Bottled Steam"},{"floor":43,"key":"Strawberry"},{"floor":48,"key":"The Courier"},{"floor":54,"key":"reliquary:FerryPass"}],"event_choices":[{"damage_healed":24,"gold_gain":0,"player_choice":"Banana","damage_taken":0,"max_hp_gain":0,"max_hp_loss":0,"event_name":"Big Fish","floor":11,"gold_loss":0},{"damage_healed":0,"gold_gain":0,"player_choice":"Leave","damage_taken":0,"max_hp_gain":0,"max_hp_loss":0,"event_name":"conspire:Investor","floor":27,"gold_loss":0},{"damage_healed":0,"gold_gain":0,"player_choice":"Copied","damage_taken":0,"max_hp_gain":0,"max_hp_loss":0,"event_name":"Duplicator","floor":45,"gold_loss":0,"cards_obtained":["Fasting2"]}],"is_beta":false,"boss_relics":[{"not_picked":["hubris:BlackHole","ReplayTheSpireMod:DimensionalGlitch"],"picked":"halation:Prosthetics"},{"not_picked":["hubris:VirtuousBlindfold","halation:CatFaceCupcake"],"picked":"reliquary:Craggleroot"},{"not_picked":["energizedSpire:RedRose","halation:HeavySnake"],"picked":"Empty Cage"}],"items_purged_floors":[8,22,24,39],"is_endless":true,"potions_floor_spawned":[1,5,7,10,19,31,35,42,50],"ascension_level":5}}