{"host":"gin1e6e6f2y0ngxx","time":1613050737,"event":{"mods":["AchievementEnabler","Act Like it!","BaseMod","Downfall","Hallownest","Infinite Spire","Minty Spire (QoL Compilation)","StSLib","The Bug Knight","The Cursed","The Hierophant"],"gold_per_floor":[109,121,141,159,159,192,192,212,212,232,247,265,283,298,298,428,428,449,449,120,144,160,160,193,207,258,279,279,279],"floor_reached":28,"language":"ENG","playtime":2552,"items_purged":[],"score":288,"play_id":"a3fc11c3-c117-40ce-8419-4b2f7a29f246","local_time":"20210211033857","is_ascension_mode":true,"campfire_choices":[{"floor":7,"key":"REST"},{"floor":15,"key":"REST"},{"floor":23,"key":"REST"}],"circlet_count":0,"master_deck":["Strike_G","Strike_G","Strike_G","Strike_G","Strike_G","Defend_G","Defend_G","Defend_G","Defend_G","Defend_G","Survivor","Neutralize","Cloak And Dagger","Poisoned Stab","Poisoned Stab","Blade Dance","Poisoned Stab","Caltrops","Dagger Spray","After Image","Footwork","Bouncing Flask","Slice","After Image","Blade Dance","Noxious Fumes","Prepared","PiercingWail+1","Burst","Poisoned Stab+1","Deadly Poison+1"],"relics":["Runic Pyramid","Golden Idol","Kunai","Sundial","SlaversCollar","Matryoshka","infinitespire:Golems Mask","Pen Nib","Tiny Chest"],"acts_visited":["Exordium","TheCity"],"potions_floor_usage":[12,22,22,22,27,28],"damage_taken":[{"damage":0,"enemies":"2 Louse","floor":1,"turns":4},{"damage":1,"enemies":"Cultist","floor":2,"turns":5},{"damage":0,"enemies":"Jaw Worm","floor":3,"turns":4},{"damage":0,"enemies":"Red Slaver","floor":4,"turns":4},{"damage":14,"enemies":"Gremlin Nob","floor":6,"turns":4},{"damage":1,"enemies":"Looter","floor":8,"turns":3},{"damage":1,"enemies":"3 Louse","floor":10,"turns":4},{"damage":11,"enemies":"Lots of Slimes","floor":11,"turns":2},{"damage":26,"enemies":"Gremlin Gang","floor":12,"turns":6},{"damage":1,"enemies":"3 Louse","floor":13,"turns":3},{"damage":0,"enemies":"2 Fungi Beasts","floor":14,"turns":3},{"damage":32,"enemies":"The Guardian","floor":16,"turns":11},{"damage":15,"enemies":"Chosen","floor":18,"turns":7},{"damage":3,"enemies":"Shell Parasite","floor":21,"turns":6},{"damage":36,"enemies":"3 Cultists","floor":22,"turns":7},{"damage":15,"enemies":"Book of Stabbing","floor":24,"turns":8},{"damage":5,"enemies":"Snake Plant","floor":25,"turns":5},{"damage":0,"enemies":"Centurion and Healer","floor":27,"turns":10},{"damage":20,"enemies":"Cultist and Chosen","floor":28,"turns":4}],"seed_played":"2002461576086340645","potions_obtained":[{"floor":4,"key":"CunningPotion"},{"floor":6,"key":"SkillPotion"},{"floor":8,"key":"DuplicationPotion"},{"floor":13,"key":"bronze:BurnAndBuffPotion"},{"floor":18,"key":"BlessingOfTheForge"},{"floor":25,"key":"EssenceOfSteel"},{"floor":27,"key":"AttackPotion"}],"is_trial":false,"path_per_floor":["M","M","M","M","?","E","R","M","T","M","M","M","M","M","R","B",null,"M","?","$","M","M","R","E","M","T","M","M"],"character_chosen":"THE_SILENT","items_purchased":["Matryoshka","Noxious Fumes"],"campfire_rested":3,"item_purchase_floors":[20,20],"current_hp_per_floor":[70,69,69,69,52,38,59,58,58,57,46,20,19,19,40,8,70,55,55,55,52,16,37,22,17,17,17,0,0],"gold":279,"neow_bonus":"BOSS_RELIC","is_daily":false,"chose_seed":false,"campfire_upgraded":0,"win_rate":0.0,"timestamp":1613050737,"path_taken":["M","M","M","M","?","E","R","M","T","M","M","M","M","M","R","BOSS","M","?","$","M","?","R","E","M","T","?","M"],"items_purchased_type":["Relic","Card"],"build_version":"2020-12-22","purchased_purges":0,"victory":false,"max_hp_per_floor":[70,70,70,70,70,70,70,70,70,70,70,70,70,70,70,70,70,70,70,70,70,70,70,70,70,70,70,70,70],"card_choices":[{"not_picked":["Prepared","Slice"],"picked":"Cloak And Dagger","floor":1},{"not_picked":["Masterful Stab","Choke"],"picked":"Poisoned Stab","floor":2},{"not_picked":["Distraction","Underhanded Strike"],"picked":"Poisoned Stab","floor":3},{"not_picked":["Sucker Punch","Deadly Poison"],"picked":"Blade Dance","floor":4},{"not_picked":["Footwork","Quick Slash"],"picked":"Poisoned Stab","floor":6},{"not_picked":["Deflect","Well Laid Plans"],"picked":"Caltrops","floor":8},{"not_picked":["Deflect","Slice"],"picked":"Dagger Spray","floor":10},{"not_picked":["Prepared","Bouncing Flask"],"picked":"After Image","floor":11},{"not_picked":["Deflect","Endless Agony"],"picked":"Footwork","floor":12},{"not_picked":["Acrobatics","Escape Plan"],"picked":"Bouncing Flask","floor":13},{"not_picked":["Quick Slash","Riddle With Holes"],"picked":"Slice","floor":14},{"not_picked":["Glass Knife","Wraith Form v2"],"picked":"After Image","floor":16},{"not_picked":["Deadly Poison","PiercingWail"],"picked":"Blade Dance","floor":18},{"not_picked":["Quick Slash","Expertise"],"picked":"Prepared","floor":21},{"not_picked":["Deflect","Bane"],"picked":"PiercingWail+1","floor":22},{"not_picked":["Flechettes","Acrobatics+1"],"picked":"Burst","floor":24},{"not_picked":["Endless Agony","Backflip"],"picked":"Poisoned Stab+1","floor":25},{"not_picked":["Bane","Backflip"],"picked":"Deadly Poison+1","floor":27}],"player_experience":167050,"relics_obtained":[{"floor":6,"key":"Kunai"},{"floor":9,"key":"Sundial"},{"floor":24,"key":"infinitespire:Golems Mask"},{"floor":26,"key":"Pen Nib"},{"floor":26,"key":"Tiny Chest"}],"event_choices":[{"damage_healed":0,"gold_gain":0,"player_choice":"Take Damage","damage_taken":17,"relics_obtained":["Golden Idol"],"max_hp_gain":0,"max_hp_loss":0,"event_name":"Golden Idol","floor":5,"gold_loss":0},{"damage_healed":0,"gold_gain":0,"player_choice":"Leave","damage_taken":0,"max_hp_gain":0,"max_hp_loss":0,"event_name":"FaceTrader","floor":19,"gold_loss":0}],"is_beta":false,"boss_relics":[{"not_picked":["Astrolabe","Coffee Dripper"],"picked":"SlaversCollar"}],"items_purged_floors":[],"is_endless":false,"potions_floor_spawned":[4,6,8,11,13,18,21,25,27],"killed_by":"Cultist and Chosen","ascension_level":1}}