{"host":"g6a9gfzrk472u7l9","time":1613034681,"event":{"mods":["BaseMod","Downfall","Minty Spire (QoL Compilation)","StSLib"],"gold_per_floor":[99,116,136,136,154,154,154,19,119,137,137,137,137],"floor_reached":11,"language":"ENG","playtime":760,"items_purged":["champ:Strike"],"score":63,"play_id":"dab78f1d-4a76-46f2-ac07-b1b760d41499","local_time":"20210211101121","is_ascension_mode":false,"campfire_choices":[{"data":"champ:Execute","floor":1,"key":"SMITH"},{"data":"champ:SetATrap","floor":6,"key":"SMITH"}],"circlet_count":0,"master_deck":["champ:Strike","champ:Strike","champ:Defend","champ:Defend","champ:Defend","champ:Execute+1","champ:Taunt+1","Deep Breath","champ:BerserkerStyle","champ:SetATrap+1","champ:FlashCut","champ:StanceDance","champ:Lariat+1","champ:SetATrap","champ:Backstep"],"relics":["champ:ChampionCrown","Matryoshka"],"acts_visited":["Exordium"],"potions_floor_usage":[11],"damage_taken":[{"damage":12,"enemies":"2 Louse","floor":2,"turns":3},{"damage":21,"enemies":"Cultist","floor":3,"turns":3},{"damage":22,"enemies":"Small Slimes","floor":5,"turns":3},{"damage":22,"enemies":"downfall:FleeingMerchant","floor":8,"turns":4},{"damage":60,"enemies":"downfall:Heads","floor":9,"turns":8},{"damage":17,"enemies":"2 Fungi Beasts","floor":10,"turns":4},{"damage":51,"enemies":"3 Sentries","floor":11,"turns":4}],"seed_played":"4357240040345149338","potions_obtained":[{"floor":3,"key":"sneckomod:MuddlingPotion"},{"floor":5,"key":"BlessingOfTheForge"}],"is_trial":false,"path_per_floor":["R","M","M","?","M","R","T","$","?","M","E"],"character_chosen":"THE_CHAMP","items_purchased":["champ:StanceDance"],"campfire_rested":0,"item_purchase_floors":[8],"current_hp_per_floor":[90,88,87,87,85,85,85,80,47,47,0,0,0],"gold":137,"neow_bonus":"RANDOM_COLORLESS","is_daily":false,"chose_seed":false,"campfire_upgraded":2,"win_rate":0.0,"timestamp":1613034681,"path_taken":["R","M","M","?","?","R","T","$","?","M","E"],"items_purchased_type":["Card"],"build_version":"2020-12-22","purchased_purges":1,"victory":false,"max_hp_per_floor":[90,90,90,90,90,90,90,90,90,90,90,90,90],"card_choices":[{"not_picked":["Purity","Dark Shackles"],"picked":"Deep Breath","floor":0},{"not_picked":["champ:Shatter","champ:ShieldSigil"],"picked":"champ:BerserkerStyle","floor":2},{"not_picked":["champ:PerfectedStrike","champ:SwordSigil"],"picked":"champ:SetATrap","floor":3},{"not_picked":["champ:Lariat","champ:BladeFlurry","champ:ShieldSigil"],"picked":"SKIP","floor":5},{"not_picked":["champ:BladeFlurry","champ:CrownThrow"],"picked":"champ:FlashCut","floor":8},{"not_picked":["champ:DefensiveShout","champ:Lariat"],"picked":"champ:SetATrap","floor":9},{"not_picked":["champ:StanceDance","champ:Haymaker"],"picked":"champ:Backstep","floor":10}],"player_experience":122117,"relics_obtained":[{"floor":7,"key":"Matryoshka"}],"event_choices":[],"is_beta":false,"boss_relics":[],"items_purged_floors":[8],"is_endless":false,"potions_floor_spawned":[3,5],"killed_by":"3 Sentries","ascension_level":0}}