{"host":"rtw1tnr74gozsrw1","time":1613011804,"event":{"mods":["BaseMod","Colored Map","Colored Powertips","Highlight Path","Infinite Spire","Minty Spire (QoL Compilation)","StSLib","The Jungle"],"gold_per_floor":[118,137,137,156,156,191,203,203,203,215,217,217],"floor_reached":11,"language":"ENG","playtime":299,"items_purged":[],"score":83,"play_id":"5af880e2-e7da-452d-a0ed-095ef0e6a15a","local_time":"20210211035004","is_ascension_mode":true,"campfire_choices":[],"circlet_count":0,"master_deck":["Strike_G","Strike_G","Strike_G","Strike_G","Strike_G","Defend_G","Defend_G","Defend_G","Defend_G","Defend_G","Survivor","Neutralize","Poisoned Stab","infinitespire:Punishment","Catalyst","Footwork","Poisoned Stab"],"relics":["PureWater","NeowsBlessing","infinitespire:Cubic Diamond","Ornamental Fan","infinitespire:Midas Blood"],"acts_visited":["Exordium"],"potions_floor_usage":[],"damage_taken":[{"damage":0,"enemies":"Jaw Worm","floor":1,"turns":1},{"damage":0,"enemies":"Small Slimes","floor":2,"turns":1},{"damage":0,"enemies":"Cultist","floor":4,"turns":1},{"damage":17,"enemies":"Gremlin Nob","floor":6,"turns":4},{"damage":0,"enemies":"Red Slaver","floor":7,"turns":4},{"damage":6,"enemies":"Exordium Thugs","floor":10,"turns":4},{"damage":8,"enemies":"Lagavulin","floor":11,"turns":3}],"seed_played":"6208226721177191509","potions_obtained":[{"floor":1,"key":"Weak Potion"},{"floor":4,"key":"FearPotion"},{"floor":6,"key":"Strength Potion"}],"is_trial":false,"path_per_floor":["M","M","?","M","?","E","M","?","T","M","E"],"character_chosen":"THE_SILENT","items_purchased":[],"campfire_rested":0,"item_purchase_floors":[],"current_hp_per_floor":[70,70,53,53,53,36,36,36,36,30,22,22],"gold":217,"neow_bonus":"THREE_ENEMY_KILL","is_daily":false,"chose_seed":false,"campfire_upgraded":0,"win_rate":0.0,"timestamp":1613011804,"path_taken":["M","M","?","M","?","E","M","?","T","?","E"],"items_purchased_type":[],"build_version":"2020-12-22","purchased_purges":0,"victory":false,"max_hp_per_floor":[70,70,70,70,70,70,70,70,70,70,70,70],"card_choices":[{"not_picked":["Blur","Blade Dance"],"picked":"Poisoned Stab","floor":1},{"not_picked":["PiercingWail","Slice","Heel Hook"],"picked":"SKIP","floor":2},{"not_picked":["infinitespire:SealOfDarkness+","infinitespire:FutureSight"],"picked":"infinitespire:Punishment","floor":3},{"not_picked":["Tactician","Reflex","Slice"],"picked":"SKIP","floor":4},{"not_picked":["Deadly Poison","Accuracy"],"picked":"Catalyst","floor":6},{"not_picked":["Distraction","Deadly Poison"],"picked":"Footwork","floor":7},{"not_picked":["Quick Slash","Tools of the Trade","Dodge and Roll"],"picked":"SKIP","floor":10}],"player_experience":124937,"relics_obtained":[{"floor":6,"key":"Ornamental Fan"},{"floor":9,"key":"infinitespire:Midas Blood"}],"event_choices":[{"damage_healed":0,"gold_gain":0,"player_choice":"1 cards matched","damage_taken":0,"max_hp_gain":0,"max_hp_loss":0,"event_name":"Match and Keep!","floor":8,"gold_loss":0,"cards_obtained":["Poisoned Stab"]}],"is_beta":false,"boss_relics":[],"items_purged_floors":[],"is_endless":false,"potions_floor_spawned":[1,4,6,10],"killed_by":"Lagavulin","ascension_level":2}}