{"host":"4sjzlbgjluu3dor6","time":1613046205,"event":{"mods":["BaseMod","Colored Powertips","Custom Start","Minty Spire (QoL Compilation)","StSLib","The Cursed"],"gold_per_floor":[117,135,310,34,49,75,127,127,127,153,170,180,180,190,190,292,292,303,303,303,303,321,355,355,129,152,184,200,230,230,243,243,342,342,362,362,380,1379,1427,1460,1479,1504,1504,1517,1527,1139,1139,1157,1157,1157,1157],"floor_reached":50,"language":"JPN","playtime":9283,"items_purged":["Normality"],"score":772,"play_id":"41ff96ba-608b-4099-b987-bc9fe6585f6f","local_time":"20210211212325","is_ascension_mode":false,"campfire_choices":[{"data":"TheCursedMod:RavingStaff","floor":8,"key":"SMITH"},{"floor":15,"key":"REST"},{"data":"TheCursedMod:ParallelWorld","floor":32,"key":"SMITH"},{"data":"TheCursedMod:SpitefulPray","floor":47,"key":"SMITH"},{"floor":49,"key":"RECALL"}],"circlet_count":0,"master_deck":["TheCursedMod:Strike_TheCursed+1","TheCursedMod:Strike_TheCursed+1","TheCursedMod:Strike_TheCursed+1","TheCursedMod:Strike_TheCursed+1","TheCursedMod:Defend_TheCursed+1","TheCursedMod:Defend_TheCursed+1","TheCursedMod:Defend_TheCursed+1","TheCursedMod:Defend_TheCursed+1","TheCursedMod:CursedWand","TheCursedMod:CleanUpWorkshop+1","TheCursedMod:Dregs","TheCursedMod:Dregs","TheCursedMod:StunningStrike","TheCursedMod:CursedAmulet+1","TheCursedMod:SpitefulPray+1","Doubt","TheCursedMod:TroublousMinions","TheCursedMod:RavingStaff+1","TheCursedMod:AbyssShockwave","TheCursedMod:CursedSpellbook","TheCursedMod:CursedBlade","TheCursedMod:SmokeScreen","TheCursedMod:SmokeScreen","TheCursedMod:OutForBlood","TheCursedMod:BlessingInDisguise+1","TheCursedMod:Grudge","TheCursedMod:SurpriseAttack+1","TheCursedMod:Hemoplague","TheCursedMod:ParallelWorld+1","TheCursedMod:Mangle+1","TheCursedMod:Mangle+1","TheCursedMod:CircleOfAmplification+1","TheCursedMod:CollectTribute","TheCursedMod:HellsGateOpen","Panacea","Normality","TheCursedMod:PrepareRite+1","Deep Breath"],"relics":["TheCursedMod:BlackMagicAdvanced","Chemical X","Pantograph","Matryoshka","Blue Candle","Nilry\u0027s Codex","Eternal Feather","TheCursedMod:PinkPellets","Orichalcum","Juzu Bracelet","FossilizedHelix","Regal Pillow","Busted Crown","Ginger","Sundial","InkBottle","Pen Nib","Strawberry"],"acts_visited":["Exordium","TheCity","TheBeyond"],"potions_floor_usage":[14,22,22,29,50],"damage_taken":[{"damage":0,"enemies":"Jaw Worm","floor":1,"turns":4},{"damage":6,"enemies":"2 Louse","floor":2,"turns":3},{"damage":0,"enemies":"Small Slimes","floor":5,"turns":3},{"damage":3,"enemies":"3 Sentries","floor":6,"turns":5},{"damage":50,"enemies":"Gremlin Nob","floor":10,"turns":6},{"damage":0,"enemies":"3 Louse","floor":11,"turns":1},{"damage":0,"enemies":"Exordium Wildlife","floor":12,"turns":2},{"damage":0,"enemies":"Lots of Slimes","floor":14,"turns":1},{"damage":0,"enemies":"Slime Boss","floor":16,"turns":4},{"damage":0,"enemies":"Shell Parasite","floor":18,"turns":5},{"damage":19,"enemies":"Spheric Guardian","floor":22,"turns":6},{"damage":0,"enemies":"Gremlin Leader","floor":23,"turns":8},{"damage":3,"enemies":"Book of Stabbing","floor":27,"turns":8},{"damage":0,"enemies":"Snecko","floor":28,"turns":5},{"damage":0,"enemies":"Slavers","floor":29,"turns":5},{"damage":0,"enemies":"3 Cultists","floor":31,"turns":5},{"damage":40,"enemies":"Champ","floor":33,"turns":14},{"damage":0,"enemies":"3 Darklings","floor":35,"turns":6},{"damage":0,"enemies":"3 Shapes","floor":37,"turns":6},{"damage":54,"enemies":"2 Orb Walkers","floor":39,"turns":6},{"damage":9,"enemies":"Giant Head","floor":40,"turns":9},{"damage":0,"enemies":"Sphere and 2 Shapes","floor":41,"turns":3},{"damage":0,"enemies":"Nemesis","floor":42,"turns":7},{"damage":25,"enemies":"Transient","floor":44,"turns":5},{"damage":7,"enemies":"Spire Growth","floor":45,"turns":7},{"damage":7,"enemies":"4 Shapes","floor":48,"turns":8},{"damage":93,"enemies":"Donu and Deca","floor":50,"turns":8}],"seed_played":"4492527676213840864","potions_obtained":[{"floor":10,"key":"ColorlessPotion"},{"floor":12,"key":"Fire Potion"},{"floor":14,"key":"SmokeBomb"},{"floor":16,"key":"ColorlessPotion"},{"floor":22,"key":"Fruit Juice"},{"floor":23,"key":"FearPotion"},{"floor":31,"key":"Dexterity Potion"},{"floor":39,"key":"FairyPotion"},{"floor":40,"key":"Dexterity Potion"}],"is_trial":false,"path_per_floor":["M","M","?","$","M","E","?","R","T","E","M","M","?","M","R","B",null,"M","?","?","?","M","E","?","$","T","E","M","E","?","M","R","B",null,"M","?","M","?","?","E","M","E","T","M","M","$","R","M","R","B"],"character_chosen":"THE_CURSED","items_purchased":["TheCursedMod:TroublousMinions","Chemical X","TheCursedMod:RavingStaff","TheCursedMod:Hemoplague","TheCursedMod:PinkPellets","Strawberry","DuplicationPotion","Deep Breath"],"campfire_rested":1,"item_purchase_floors":[4,4,4,25,25,46,46,46],"current_hp_per_floor":[75,69,69,69,69,66,66,66,66,16,16,16,1,1,23,48,75,75,59,59,59,45,45,45,45,45,42,42,42,42,42,60,40,80,80,70,70,70,16,7,7,7,7,24,17,24,45,38,59,0,0],"gold":1157,"neow_bonus":"THREE_RARE_CARDS","is_daily":false,"chose_seed":false,"campfire_upgraded":3,"win_rate":0.0,"timestamp":1613046205,"path_taken":["M","M","?","$","M","E","?","R","T","E","M","M","?","M","R","BOSS","M","?","?","?","M","E","?","$","T","E","M","E","?","M","R","BOSS","M","?","M","?","?","E","M","E","T","M","M","$","R","M","R","BOSS"],"items_purchased_type":["Card","Relic","Card","Card","Relic","Relic","Potion","Card"],"build_version":"2020-12-22","purchased_purges":1,"victory":false,"max_hp_per_floor":[75,75,75,75,75,75,75,75,75,75,75,75,75,75,75,75,75,75,75,75,75,80,80,80,80,80,80,80,80,80,80,80,80,80,80,80,80,80,80,80,80,80,80,80,80,87,87,87,87,87,87],"card_choices":[{"not_picked":["TheCursedMod:CursedRelics","TheCursedMod:DemonicPact"],"picked":"TheCursedMod:StunningStrike","floor":0},{"not_picked":["TheCursedMod:CircleOfBlood","TheCursedMod:Torture"],"picked":"TheCursedMod:CursedAmulet","floor":1},{"not_picked":["TheCursedMod:VitalStrike","TheCursedMod:FuryStrike"],"picked":"TheCursedMod:SpitefulPray","floor":2},{"not_picked":["TheCursedMod:DoubleShield","TheCursedMod:FleshFromBone"],"picked":"TheCursedMod:AbyssShockwave","floor":5},{"not_picked":["TheCursedMod:StingEye","TheCursedMod:BloodBarrier"],"picked":"TheCursedMod:CursedSpellbook","floor":6},{"not_picked":["TheCursedMod:TroublousMinions","TheCursedMod:AbyssShockwave"],"picked":"TheCursedMod:CursedBlade","floor":10},{"not_picked":["TheCursedMod:WearCloak","TheCursedMod:TroublousMinions","TheCursedMod:BloodBarrier"],"picked":"SKIP","floor":11},{"not_picked":["TheCursedMod:SurpriseAttack","TheCursedMod:WearCloak"],"picked":"TheCursedMod:SmokeScreen","floor":12},{"not_picked":["TheCursedMod:RapidMovement","TheCursedMod:RavingStaff"],"picked":"TheCursedMod:SmokeScreen","floor":14},{"not_picked":["TheCursedMod:UltimatePain","TheCursedMod:CursedRelics"],"picked":"TheCursedMod:OutForBlood","floor":16},{"not_picked":["TheCursedMod:CursedShiv","TheCursedMod:Stigma+1"],"picked":"TheCursedMod:BlessingInDisguise+1","floor":18},{"not_picked":["TheCursedMod:AshesToAshes","TheCursedMod:Stigma"],"picked":"TheCursedMod:Grudge","floor":22},{"not_picked":["TheCursedMod:AshesToAshes","TheCursedMod:CircleOfCorruption"],"picked":"TheCursedMod:SurpriseAttack+1","floor":23},{"not_picked":["TheCursedMod:SurpriseAttack","TheCursedMod:DoubleShield+1"],"picked":"TheCursedMod:ParallelWorld","floor":27},{"not_picked":["TheCursedMod:SurpriseAttack","TheCursedMod:DoubleShield+1"],"picked":"TheCursedMod:Mangle+1","floor":28},{"not_picked":["TheCursedMod:CursedMace","TheCursedMod:SmokeScreen","TheCursedMod:CursedAmulet"],"picked":"SKIP","floor":29},{"not_picked":["TheCursedMod:Evocation","TheCursedMod:LuckyCharm"],"picked":"TheCursedMod:CircleOfAmplification+1","floor":31},{"not_picked":["TheCursedMod:DemonicPact","TheCursedMod:ManaCirculation"],"picked":"TheCursedMod:CollectTribute","floor":33},{"not_picked":[],"picked":"TheCursedMod:HellsGateOpen","floor":35},{"not_picked":[],"picked":"Panacea","floor":36},{"not_picked":["TheCursedMod:SpitefulStrike+1"],"picked":"SKIP","floor":37},{"not_picked":["TheCursedMod:WearCloak"],"picked":"SKIP","floor":40},{"not_picked":["TheCursedMod:WearCloak"],"picked":"SKIP","floor":40},{"not_picked":["TheCursedMod:SpitefulStrike"],"picked":"SKIP","floor":41},{"not_picked":[],"picked":"TheCursedMod:PrepareRite+1","floor":42},{"not_picked":["TheCursedMod:SmokeScreen"],"picked":"SKIP","floor":44},{"not_picked":["TheCursedMod:SpitefulStrike+1"],"picked":"SKIP","floor":45},{"not_picked":["TheCursedMod:Stretching"],"picked":"SKIP","floor":48}],"player_experience":2383984,"relics_obtained":[{"floor":6,"key":"Pantograph"},{"floor":9,"key":"Matryoshka"},{"floor":10,"key":"Blue Candle"},{"floor":19,"key":"Nilry\u0027s Codex"},{"floor":23,"key":"Eternal Feather"},{"floor":26,"key":"Orichalcum"},{"floor":26,"key":"Juzu Bracelet"},{"floor":27,"key":"FossilizedHelix"},{"floor":29,"key":"Regal Pillow"},{"floor":39,"key":"Ginger"},{"floor":40,"key":"Sundial"},{"floor":42,"key":"InkBottle"},{"floor":43,"key":"Pen Nib"}],"event_choices":[{"damage_healed":0,"gold_gain":175,"player_choice":"AGREE","damage_taken":0,"max_hp_gain":0,"max_hp_loss":0,"event_name":"Liars Game","floor":3,"gold_loss":0,"cards_obtained":["Doubt"]},{"damage_healed":0,"gold_gain":52,"player_choice":"Gained Gold","damage_taken":0,"max_hp_gain":0,"max_hp_loss":0,"event_name":"Golden Wing","floor":7,"gold_loss":0},{"damage_healed":0,"gold_gain":0,"player_choice":"Entered Light","damage_taken":15,"max_hp_gain":0,"max_hp_loss":0,"event_name":"Shining Light","floor":13,"gold_loss":0,"cards_upgraded":["TheCursedMod:CleanUpWorkshop","TheCursedMod:CursedAmulet"]},{"damage_healed":0,"gold_gain":0,"player_choice":"Obtained Book","damage_taken":16,"max_hp_gain":0,"max_hp_loss":0,"event_name":"Cursed Tome","floor":19,"gold_loss":0},{"damage_healed":0,"gold_gain":0,"player_choice":"Simplicity","damage_taken":0,"max_hp_gain":0,"max_hp_loss":0,"event_name":"Back to Basics","floor":20,"gold_loss":0,"cards_upgraded":["TheCursedMod:Strike_TheCursed","TheCursedMod:Strike_TheCursed","TheCursedMod:Strike_TheCursed","TheCursedMod:Strike_TheCursed","TheCursedMod:Defend_TheCursed","TheCursedMod:Defend_TheCursed","TheCursedMod:Defend_TheCursed","TheCursedMod:Defend_TheCursed"]},{"damage_healed":0,"gold_gain":0,"player_choice":"Ignored","damage_taken":0,"max_hp_gain":0,"max_hp_loss":0,"event_name":"Vampires","floor":21,"gold_loss":0},{"damage_healed":0,"gold_gain":0,"player_choice":"Ignored","damage_taken":0,"max_hp_gain":0,"max_hp_loss":0,"event_name":"Beggar","floor":24,"gold_loss":0},{"damage_healed":0,"gold_gain":0,"player_choice":"Copied","damage_taken":0,"max_hp_gain":0,"max_hp_loss":0,"event_name":"Duplicator","floor":30,"gold_loss":0,"cards_obtained":["TheCursedMod:Mangle"]},{"damage_healed":0,"gold_gain":0,"player_choice":"Memory 3","damage_taken":10,"max_hp_gain":0,"max_hp_loss":0,"event_name":"SensoryStone","floor":36,"gold_loss":0},{"damage_healed":0,"gold_gain":999,"player_choice":"Gold","damage_taken":0,"max_hp_gain":0,"max_hp_loss":0,"event_name":"MindBloom","floor":38,"gold_loss":0,"cards_obtained":["Normality","Normality"]},{"damage_healed":0,"gold_gain":0,"player_choice":"Fight","damage_taken":0,"max_hp_gain":0,"max_hp_loss":0,"event_name":"Mysterious Sphere","floor":39,"gold_loss":0}],"is_beta":false,"boss_relics":[{"not_picked":["Empty Cage","SlaversCollar"],"picked":"TheCursedMod:BlackMagicAdvanced"},{"not_picked":["Runic Pyramid","Black Star"],"picked":"Busted Crown"}],"items_purged_floors":[46],"is_endless":false,"potions_floor_spawned":[10,12,14,16,18,22,23,31,39,40,42,48],"killed_by":"Donu and Deca","ascension_level":0}}