{"host":"8d3fefv2347kqkpz","time":1613084926,"event":{"mods":["AchievementEnabler","Act Like it!","BaseMod","Better Vampires","Colored Map","Colored Powertips","Downfall","GifTheSpireLib","Highlight Path","Minty Spire (QoL Compilation)","Quick Restart","Rare Cards Sparkle","Relic Stats","Replay The Spire","Spicy Shops","StSLib","Waifu the Spire"],"gold_per_floor":[113,131,131,146,73,73,103,103,103,134,134,165,210,210,210,320,320,349,377,29,52,52,83,109,109,109,138,53,53,90,102,102],"floor_reached":31,"language":"ZHS","playtime":1321,"items_purged":["Regret","downfall:Icky","Writhe"],"score":293,"play_id":"b4048e61-afc1-41d5-8d55-bb9796385bfa","local_time":"20210212070846","daily_mods":["SealedDeck","Heirloom","DeadlyEvents","Elite Swarm"],"is_ascension_mode":false,"campfire_choices":[{"data":"Consume","floor":6,"key":"SMITH"},{"data":"FIFO Queue","floor":8,"key":"SMITH"},{"data":"Darkness","floor":11,"key":"SMITH"},{"floor":15,"key":"REST"},{"floor":25,"key":"REST"},{"floor":29,"key":"REST"}],"circlet_count":0,"master_deck":["Cold Snap","Ball Lightning","Darkness+1","Leap","Leap","FIFO Queue+1","Consume+1","Redo","Electrodynamics","Core Surge","Creative AI","Glacier+1","Loop","Specialist","Capacitor","Echo Form"],"relics":["Cracked Core","Torii","ReplayTheSpireMod:CursedCoin","bronze:DonusWashers","Du-Vu Doll","Replay:Bottled Snecko","Replay:Bandana","Replay:WaspNest","Kintsugi","ReplayTheSpireMod:ShopPack","Pen Nib","Quantum Egg","White Beast Statue","MawBank"],"acts_visited":["Exordium","TheCity"],"potions_floor_usage":[],"damage_taken":[{"damage":0.0,"enemies":"Jaw Worm","floor":1.0,"turns":2.0},{"damage":0.0,"enemies":"Cultist","floor":2.0,"turns":3.0},{"damage":8,"enemies":"Small Slimes","floor":4,"turns":2},{"damage":1,"enemies":"Lagavulin","floor":7,"turns":7},{"damage":18,"enemies":"3 Sentries","floor":10,"turns":3},{"damage":1,"enemies":"Exordium Thugs","floor":12,"turns":3},{"damage":16,"enemies":"Gremlin Nob","floor":13,"turns":4},{"damage":16,"enemies":"Slime Boss","floor":16,"turns":5},{"damage":12,"enemies":"Spheric Guardian","floor":18,"turns":4},{"damage":8,"enemies":"Chosen","floor":19,"turns":6},{"damage":10,"enemies":"Shelled Parasite and Fungi","floor":21,"turns":7},{"damage":15,"enemies":"Book of Stabbing","floor":23,"turns":5},{"damage":8,"enemies":"Chosen and Byrds","floor":24,"turns":4},{"damage":29,"enemies":"Snake Plant","floor":27,"turns":4},{"damage":23,"enemies":"Slavers","floor":30,"turns":4},{"damage":24,"enemies":"Cultist and Chosen","floor":31,"turns":4}],"seed_played":"-853878443452862057","potions_obtained":[{"floor":1.0,"key":"SteroidPotion"},{"floor":4,"key":"LiquidBronze"},{"floor":10,"key":"FearPotion"},{"floor":19,"key":"FocusPotion"}],"is_trial":true,"path_per_floor":["M","M","?","M","$","R","E","R","T","E","R","M","E","?","R","B",null,"M","M","$","M","?","E","M","R","T","M","?","R","E","M"],"character_chosen":"DEFECT","items_purchased":["ReplayTheSpireMod:CursedCoin","bronze:DonusWashers","ReplayTheSpireMod:ShopPack"],"campfire_rested":3,"item_purchase_floors":[5,5,20],"current_hp_per_floor":[75,75,75,67,67,67,66,66,66,48,48,47,31,31,53,37,75,63,55,55,45,45,30,22,44,44,15,15,37,14,0,0],"gold":102,"neow_bonus":"","is_daily":false,"chose_seed":false,"campfire_upgraded":3,"win_rate":0.0,"timestamp":1613084926,"path_taken":["M","M","?","?","$","R","E","R","T","E","R","M","?","?","R","BOSS","M","M","$","M","?","E","M","R","T","M","?","R","?","M"],"items_purchased_type":["Relic","Relic","Relic"],"build_version":"2020-12-22","purchased_purges":3,"victory":false,"max_hp_per_floor":[75,75,75,75,75,75,75,75,75,75,75,75,75,75,75,75,75,75,75,75,75,75,75,75,75,75,75,75,75,75,75,75],"relic_stats":{"Torii":37,"counters":[16,67],"Pen Nib":[1],"MawBank":12,"obtain_stats":[{"bronze:DonusWashers":5,"Torii":0,"ReplayTheSpireMod:CursedCoin":5,"Quantum Egg":26,"Replay:WaspNest":13,"Pen Nib":23,"MawBank":30,"White Beast Statue":28,"Du-Vu Doll":7,"Replay:Bandana":10,"Replay:Bottled Snecko":9,"Kintsugi":17,"Cracked Core":0,"ReplayTheSpireMod:ShopPack":20},{"bronze:DonusWashers":3,"Torii":0,"ReplayTheSpireMod:CursedCoin":3,"Quantum Egg":13,"Replay:WaspNest":7,"Pen Nib":12,"MawBank":15,"White Beast Statue":14,"Du-Vu Doll":4,"Replay:Bandana":5,"Replay:Bottled Snecko":4,"Kintsugi":8,"Cracked Core":0,"ReplayTheSpireMod:ShopPack":10},{"bronze:DonusWashers":7,"Torii":0,"ReplayTheSpireMod:CursedCoin":7,"Quantum Egg":55,"Replay:WaspNest":24,"Pen Nib":51,"MawBank":63,"White Beast Statue":59,"Du-Vu Doll":14,"Replay:Bandana":17,"Replay:Bottled Snecko":14,"Kintsugi":29,"Cracked Core":0,"ReplayTheSpireMod:ShopPack":39}]},"card_choices":[{"not_picked":["Panic Button","Auto Shields"],"picked":"Consume","floor":1.0},{"not_picked":["Hologram","Steam","BasicCrystalCard"],"picked":"SKIP","floor":2.0},{"not_picked":["Panic Button","BasicCrystalCard"],"picked":"Redo","floor":4},{"not_picked":["Meteor Strike","Biased Cognition"],"picked":"Electrodynamics","floor":7},{"not_picked":["Buffer","Hyperbeam"],"picked":"Core Surge","floor":10},{"not_picked":["Cold Snap","Turbo","Gash"],"picked":"SKIP","floor":12},{"not_picked":["Meteor Strike","Multi-Cast"],"picked":"Thunder Strike","floor":13},{"not_picked":["Hyperbeam","Machine Learning"],"picked":"Creative AI","floor":16},{"not_picked":["ReplayGash","Stack+1"],"picked":"Glacier+1","floor":18},{"not_picked":["Force Field","Panic Button"],"picked":"Loop","floor":19},{"not_picked":["Jack Of All Trades","ReplayUltimateDefense"],"picked":"Specialist","floor":20},{"not_picked":["ReplayTheSpireMod:Repulse","Panic Button","ReplayTheSpireMod:Calculation Training"],"picked":"SKIP","floor":21},{"not_picked":["Machine Learning","Fission","Seek"],"picked":"SKIP","floor":23},{"not_picked":["Steam","Go for the Eyes","Leap"],"picked":"SKIP","floor":24},{"not_picked":["Go for the Eyes+1","Gash+1","Undo+1"],"picked":"SKIP","floor":27},{"not_picked":["Creative AI","Thunder Strike"],"picked":"Echo Form","floor":30}],"player_experience":361191,"relics_obtained":[{"floor":7,"key":"Du-Vu Doll"},{"floor":9,"key":"Replay:Bottled Snecko"},{"floor":10,"key":"Replay:Bandana"},{"floor":13,"key":"Replay:WaspNest"},{"floor":23,"key":"Pen Nib"},{"floor":26,"key":"Quantum Egg"},{"floor":30,"key":"MawBank"}],"event_choices":[{"damage_healed":0,"gold_gain":0,"player_choice":"1 cards matched","damage_taken":0,"max_hp_gain":0,"max_hp_loss":0,"event_name":"Match and Keep!","floor":3,"gold_loss":0,"cards_obtained":["Zap"]},{"cards_removed":["Go for the Eyes"],"damage_healed":0,"gold_gain":0,"player_choice":"Purged","damage_taken":0,"max_hp_gain":0,"max_hp_loss":0,"event_name":"Purifier","floor":14,"gold_loss":0},{"damage_healed":0,"gold_gain":0,"player_choice":"Read","damage_taken":0,"max_hp_gain":0,"max_hp_loss":0,"event_name":"The Library","floor":22,"gold_loss":0,"cards_obtained":["Capacitor"]},{"damage_healed":0,"gold_gain":0,"player_choice":"Obtained Relic","damage_taken":0,"relics_obtained":["White Beast Statue"],"max_hp_gain":0,"max_hp_loss":0,"event_name":"Addict","floor":28,"gold_loss":85}],"is_beta":false,"boss_relics":[{"not_picked":["Ectoplasm","Honey Jar"],"picked":"Kintsugi"}],"items_purged_floors":[5,20,20],"is_endless":false,"potions_floor_spawned":[1,4,10,19,24,27,30],"killed_by":"Cultist and Chosen","ascension_level":0}}