{"host":"uc8wz0q199a7d901","time":1613006841,"event":{"mods":["2.2 Compatiblity","BaseMod","Colored Map","DeckTracker","Highlight Path","Minty Spire (QoL Compilation)","Permanent Neow","Quick Restart","SuperFastMode"],"gold_per_floor":[17,37,52,67,67,102,102,116,116,132,166,166,194,212,212,286,286,304,148,73,92,110,110,110,143,143,143,143],"floor_reached":27,"language":"KOR","playtime":799,"items_purged":["Strike_R"],"score":510,"play_id":"ac6fbcdb-2bf6-4dc3-bb1c-0bef62a35551","local_time":"20210211102721","is_ascension_mode":true,"campfire_choices":[{"data":"Body Slam","floor":7.0,"key":"SMITH"},{"data":"Immolate","floor":12.0,"key":"SMITH"},{"floor":15.0,"key":"REST"},{"floor":23.0,"key":"REST"}],"circlet_count":0,"master_deck":["AscendersBane","Strike_R","Strike_R","Strike_R","Defend_R","Defend_R","Defend_R","Defend_R","Bash","Pommel Strike","Shockwave","Bloodletting","Body Slam+1","Immolate+1","Battle Trance","Ghostly Armor","Flex","Seeing Red","Heavy Blade","Fiend Fire","Disarm+1","Offering+1","Disarm+1","Flex+1","Dark Embrace","Whirlwind","Wild Strike","Decay"],"relics":["Burning Blood","Prayer Wheel","Mercury Hourglass","White Beast Statue","Red Skull","Toxic Egg 2","Black Star","Art of War","Bottled Lightning","Self Forming Clay"],"acts_visited":["Exordium","TheCity"],"potions_floor_usage":[27],"damage_taken":[{"damage":9.0,"enemies":"Small Slimes","floor":1.0,"turns":5.0},{"damage":2.0,"enemies":"Cultist","floor":2.0,"turns":4.0},{"damage":10.0,"enemies":"Jaw Worm","floor":3.0,"turns":4.0},{"damage":8.0,"enemies":"Blue Slaver","floor":4.0,"turns":3.0},{"damage":16.0,"enemies":"Lagavulin","floor":6.0,"turns":7.0},{"damage":0.0,"enemies":"Gremlin Gang","floor":8.0,"turns":1.0},{"damage":8.0,"enemies":"Red Slaver","floor":10.0,"turns":2.0},{"damage":17.0,"enemies":"Gremlin Nob","floor":11.0,"turns":4.0},{"damage":38.0,"enemies":"Lagavulin","floor":13.0,"turns":4.0},{"damage":0.0,"enemies":"Large Slime","floor":14.0,"turns":2.0},{"damage":33.0,"enemies":"The Guardian","floor":16.0,"turns":10.0},{"damage":18.0,"enemies":"3 Byrds","floor":18.0,"turns":4.0},{"damage":10.0,"enemies":"2 Thieves","floor":21.0,"turns":2.0},{"damage":25.0,"enemies":"Cultist and Chosen","floor":22.0,"turns":4.0},{"damage":44.0,"enemies":"Gremlin Leader","floor":25.0,"turns":3.0},{"damage":16,"enemies":"Snecko","floor":27,"turns":2}],"seed_played":"8548278106775787749","potions_obtained":[{"floor":2.0,"key":"Energy Potion"},{"floor":5.0,"key":"ColorlessPotion"},{"floor":6.0,"key":"Block Potion"},{"floor":11.0,"key":"BlessingOfTheForge"},{"floor":21.0,"key":"Dexterity Potion"},{"floor":25.0,"key":"Explosive Potion"}],"is_trial":false,"path_per_floor":["M","M","M","M","?","E","R","M","T","M","E","R","E","M","R","B",null,"M","$","?","M","M","R","?","E","T","M"],"character_chosen":"IRONCLAD","items_purchased":["Dark Embrace"],"campfire_rested":2,"item_purchase_floors":[19],"current_hp_per_floor":[65,69,65,63,63,53,53,59,59,57,46,46,14,20,42,15,60,48,48,48,44,25,47,47,9,9,0,0],"gold":143,"neow_bonus":"ONE_RARE_RELIC","is_daily":false,"chose_seed":false,"campfire_upgraded":2,"win_rate":0.0,"timestamp":1613006841,"path_taken":["M","M","M","M","?","E","R","M","T","?","E","R","E","M","R","BOSS","M","$","?","M","M","R","?","E","T","M"],"items_purchased_type":["Card"],"build_version":"2020-12-22","purchased_purges":1,"victory":false,"max_hp_per_floor":[75,75,75,75,75,75,75,75,75,75,75,75,75,75,75,75,75,75,75,75,75,75,75,75,75,75,75,75],"card_choices":[{"not_picked":["Infernal Blade","Shrug It Off"],"picked":"Pommel Strike","floor":1.0},{"not_picked":["Iron Wave","Searing Blow","Clothesline"],"picked":"SKIP","floor":1.0},{"not_picked":["Feel No Pain","Bloodletting"],"picked":"Shockwave","floor":2.0},{"not_picked":["Metallicize","Flex"],"picked":"Bloodletting","floor":2.0},{"not_picked":["Iron Wave","Flex"],"picked":"Body Slam","floor":3.0},{"not_picked":["Pommel Strike","Flex"],"picked":"Immolate","floor":3.0},{"not_picked":["Flex","Hemokinesis"],"picked":"Battle Trance","floor":4.0},{"not_picked":["Sword Boomerang","Sentinel"],"picked":"Ghostly Armor","floor":4.0},{"not_picked":["Havoc","Anger","Rampage"],"picked":"SKIP","floor":6.0},{"not_picked":["Anger","Warcry"],"picked":"Flex","floor":8.0},{"not_picked":["Dark Embrace","Perfected Strike","Cleave"],"picked":"SKIP","floor":8.0},{"not_picked":["Wild Strike","Pommel Strike","Sword Boomerang"],"picked":"SKIP","floor":10.0},{"not_picked":["Heavy Blade","Sword Boomerang","Perfected Strike"],"picked":"SKIP","floor":10.0},{"not_picked":["Clash","Cleave"],"picked":"Seeing Red","floor":11.0},{"not_picked":["Heavy Blade","Shockwave+1","Thunderclap"],"picked":"SKIP","floor":13.0},{"not_picked":["Shockwave+1","Thunderclap"],"picked":"Heavy Blade","floor":13.0},{"not_picked":["Anger","Carnage"],"picked":"Fiend Fire","floor":14.0},{"not_picked":["Flex+1","Cleave"],"picked":"Disarm+1","floor":14.0},{"not_picked":["Corruption","Exhume+1"],"picked":"Offering+1","floor":16.0},{"not_picked":["Hemokinesis","Thunderclap"],"picked":"Disarm+1","floor":18.0},{"not_picked":["Thunderclap","Anger"],"picked":"Flex+1","floor":18.0},{"not_picked":["Metallicize","Pommel Strike"],"picked":"Whirlwind","floor":21.0},{"not_picked":["Clothesline","Dark Embrace"],"picked":"Wild Strike","floor":21.0},{"not_picked":["Cleave","Intimidate+1","Body Slam"],"picked":"SKIP","floor":22.0},{"not_picked":["Heavy Blade","Headbutt","Clothesline"],"picked":"SKIP","floor":22.0},{"not_picked":["Twin Strike","Battle Trance+1","Evolve"],"picked":"SKIP","floor":25.0}],"player_experience":736580,"relics_obtained":[{"floor":6.0,"key":"Mercury Hourglass"},{"floor":9.0,"key":"White Beast Statue"},{"floor":11.0,"key":"Red Skull"},{"floor":13.0,"key":"Toxic Egg 2"},{"floor":25.0,"key":"Art of War"},{"floor":25.0,"key":"Bottled Lightning"},{"floor":26.0,"key":"Self Forming Clay"}],"event_choices":[{"damage_healed":0.0,"max_hp_gain":0.0,"max_hp_loss":0.0,"gold_gain":0.0,"event_name":"Lab","player_choice":"Got Potions","floor":5.0,"gold_loss":0.0,"damage_taken":0.0},{"cards_removed":["Strike_R"],"damage_healed":0.0,"max_hp_gain":0.0,"max_hp_loss":0.0,"gold_gain":0.0,"event_name":"Beggar","player_choice":"Gave Gold","floor":20.0,"gold_loss":75.0,"damage_taken":0.0},{"damage_healed":0.0,"max_hp_gain":0.0,"max_hp_loss":0.0,"gold_gain":0.0,"event_name":"Forgotten Altar","player_choice":"Smashed Altar","floor":24.0,"gold_loss":0.0,"damage_taken":0.0,"cards_obtained":["Decay"]}],"is_beta":false,"boss_relics":[{"not_picked":["Black Blood","Calling Bell"],"picked":"Black Star"}],"items_purged_floors":[19],"is_endless":false,"potions_floor_spawned":[2,6,8,10,11,13,14,16,18,21,22,25],"killed_by":"Snecko","ascension_level":20}}