{"host":"i9o3eksapkmftcbs","time":1613028544,"event":{"mods":["2.2 Compatiblity","AchievementEnabler","Act Like it!","Arknights","Bard","BaseMod","BetterRewards","Colored Map","Colored Powertips","Conspire","Duelist Mod","Halation","Hubris","Infinite Spire","Lobotomy","Minty Spire (QoL Compilation)","Rare Cards Sparkle","Reliquary","Robot Space Explorer","StSLib","The Blackbeard","The Clintock","The Disciple","The Dragon Tamer","The Mystic","Transform Curses"],"gold_per_floor":[211,14,24,24,37,51,51,51,75,91,106,118,118,178,178,280,280,266,284,284,294,304,338,338,298,298,312,312,323,8,8,8,103,103,121,137,137,154,166,166,166],"floor_reached":40,"language":"ENG","playtime":4108,"items_purged":[],"score":449,"play_id":"9ab2536e-b386-4bdb-a048-4ec1e1e832ae","local_time":"20210211012904","is_ascension_mode":true,"campfire_choices":[{"floor":7.0,"key":"REST"},{"floor":13.0,"key":"REST"},{"floor":15.0,"key":"RECALL"},{"floor":24.0,"key":"REST"},{"floor":28.0,"key":"REST"},{"floor":32.0,"key":"REST"}],"circlet_count":0,"master_deck":["Accelerando+1","Adagio","Ritenuto","Allegro","Rallentando+1","Vivace","Lento+1","Vivace","Rallentando","Strike_Br","Strike_Br","Strike_Br","Defend_Br","Defend_Br","Defend_Br","Defend_Br","SecondHand","PatternShift","LockedMercury","HandsUpC","Jack Of All Trades+1","Parity","Allegro","AlternateTimeline","ExoVibe","HandsUpC","BeatsPerMinute","Analog","OracleForm","Facsimile+1","LockedScales","CrunchTime","LockedAnchor","ReapSow","LockedMedicine","Recurrance","LockedMedicine","WatchCommand","LockedTurtyl","WindUp","LockedAstrolabe","TickedOff","LockedUrn","Accelerando+1","PrimeTime+1","Analog+1"],"relics":["Chronograph","halation:LostSnail","infinitespire:Satchel","infinitespire:CheckeredPen","Smiling Mask","reliquary:NewFriend","Oddly Smooth Stone","Cursed Key"],"acts_visited":["Exordium","TheCity","TheBeyond"],"potions_floor_usage":[],"damage_taken":[{"damage":0.0,"enemies":"Cultist","floor":1.0,"turns":4.0},{"damage":2.0,"enemies":"ats:Genji","floor":3.0,"turns":4.0},{"damage":2.0,"enemies":"conspire:RoseBush","floor":5.0,"turns":3.0},{"damage":23.0,"enemies":"Lots of Slimes","floor":6.0,"turns":5.0},{"damage":15.0,"enemies":"Looter","floor":10.0,"turns":3.0},{"damage":4.0,"enemies":"conspire:2 RoseBushes","floor":11.0,"turns":5.0},{"damage":5.0,"enemies":"2 Fungi Beasts","floor":12.0,"turns":4.0},{"damage":11.0,"enemies":"3 Sentries","floor":14.0,"turns":6.0},{"damage":19.0,"enemies":"The Guardian","floor":16.0,"turns":10.0},{"damage":42.0,"enemies":"2 Thieves","floor":18.0,"turns":4.0},{"damage":17.0,"enemies":"Shell Parasite","floor":19.0,"turns":4.0},{"damage":16.0,"enemies":"conspire:HollyBat","floor":21.0,"turns":8.0},{"damage":11.0,"enemies":"Sentry and Sphere","floor":22.0,"turns":5.0},{"damage":48.0,"enemies":"Nightmare","floor":23.0,"turns":11.0},{"damage":0.0,"enemies":"Snake Plant","floor":27.0,"turns":2.0},{"damage":3.0,"enemies":"3 Cultists","floor":29.0,"turns":3.0},{"damage":48.0,"enemies":"Automaton","floor":33.0,"turns":11.0},{"damage":36.0,"enemies":"3 Shapes","floor":35.0,"turns":4.0},{"damage":0.0,"enemies":"Orb Walker","floor":36.0,"turns":3.0},{"damage":24.0,"enemies":"4 Shapes","floor":38.0,"turns":7.0},{"damage":15.0,"enemies":"Transient","floor":39.0,"turns":5.0},{"damage":77,"enemies":"Giant Head","floor":40,"turns":9}],"seed_played":"-3792581294358439388","potions_obtained":[{"floor":5.0,"key":"EssenceOfSteel"},{"floor":10.0,"key":"WardPotion"},{"floor":14.0,"key":"FairyPotion"},{"floor":16.0,"key":"conspire:TimeTravelPotion"},{"floor":21.0,"key":"Regen Potion"},{"floor":25.0,"key":"SneckoOil"},{"floor":25.0,"key":"DistilledChaos"},{"floor":25.0,"key":"DuplicationPotion"},{"floor":27.0,"key":"SpeedPotion"},{"floor":29.0,"key":"Block Potion"},{"floor":35.0,"key":"DuplicationPotion"}],"is_trial":false,"path_per_floor":["M","$","M","?","M","M","R","?","T","M","M","M","R","?","R","B",null,"M","M","?","M","M","NM","R","?","T","M","R","M","$","?","R","B",null,"M","M","?","M","M","E"],"character_chosen":"CHRONO_CLASS","items_purchased":["halation:LostSnail","HandsUpC","Jack Of All Trades","WatchCommand","LockedTurtyl","Oddly Smooth Stone","WindUp"],"campfire_rested":5,"item_purchase_floors":[2,2,2,30,30,30,30],"current_hp_per_floor":[65,65,63,63,61,38,57,57,57,42,38,33,52,41,41,22,65,45,28,28,12,15,6,25,25,25,25,44,41,41,41,60,12,65,29,29,75,63,50,0,0],"gold":166,"neow_bonus":"HUNDRED_GOLD","is_daily":false,"chose_seed":false,"campfire_upgraded":0,"win_rate":0.0,"timestamp":1613028544,"path_taken":["M","$","?","?","M","?","R","?","T","?","M","M","R","?","R","BOSS","M","M","?","M","M","NM","R","?","T","?","R","M","$","?","R","BOSS","M","M","?","M","?","E"],"items_purchased_type":["Relic","Card","Card","Card","Card","Relic","Card"],"build_version":"2020-12-22","purchased_purges":0,"victory":false,"max_hp_per_floor":[65,65,65,65,65,65,65,65,65,65,65,65,65,65,65,65,65,65,65,65,65,65,65,65,65,65,65,65,65,65,65,65,65,65,65,65,75,75,75,75,75],"card_choices":[{"not_picked":["WindUp","WakeUpCall"],"picked":"LockedMercury","floor":1.0},{"not_picked":["LockedThread","VestedLegacy"],"picked":"Parity","floor":3.0},{"not_picked":["LockedScales","Tempo"],"picked":"LockedFlame","floor":5.0},{"not_picked":["PrimeTime","Echoward"],"picked":"AlternateTimeline","floor":6.0},{"not_picked":["LockedMedicine","AlternateTimeline"],"picked":"ExoVibe","floor":10.0},{"not_picked":["Accruing","EscortCommand"],"picked":"HandsUpC","floor":11.0},{"not_picked":["BlueShift","Parity"],"picked":"BeatsPerMinute","floor":12.0},{"not_picked":["LockedOrichalcum","HandsUpB"],"picked":"Analog","floor":14.0},{"not_picked":["LockedAstrolabe","MasterKey"],"picked":"OracleForm","floor":16.0},{"not_picked":["ExoVibe","BiteCommand"],"picked":"Facsimile+1","floor":18.0},{"not_picked":["LockedAnchor","ReapSow"],"picked":"LockedScales","floor":19.0},{"not_picked":["EscortCommand","FormalWear"],"picked":"LockedAnchor","floor":21.0},{"not_picked":["LockedPlans","LockedOrichalcum"],"picked":"ReapSow","floor":22.0},{"not_picked":["Facsimile","WakeUpCall+1"],"picked":"LockedMedicine","floor":23.0},{"not_picked":["SlimeSpray","BiteCommand+1"],"picked":"Recurrance","floor":27.0},{"not_picked":["AlternateTimeline","Tempo"],"picked":"LockedMedicine","floor":29.0},{"not_picked":["OldTimer","Chronoelasticity"],"picked":"LockedAstrolabe","floor":33.0},{"not_picked":["BlueShift+1","PrimeTime+1"],"picked":"TickedOff","floor":35.0},{"not_picked":["AlternateTimeline","Chronoelasticity"],"picked":"LockedUrn","floor":36.0},{"not_picked":["Recurrance+1","Backlash"],"picked":"PrimeTime+1","floor":38.0},{"not_picked":["Parity","ReapSow+1"],"picked":"Analog+1","floor":39.0}],"player_experience":427656,"relics_obtained":[{"floor":9.0,"key":"infinitespire:Satchel"},{"floor":14.0,"key":"infinitespire:CheckeredPen"},{"floor":23.0,"key":"Smiling Mask"},{"floor":26.0,"key":"reliquary:NewFriend"}],"event_choices":[{"damage_healed":0.0,"max_hp_gain":0.0,"max_hp_loss":0.0,"gold_gain":0.0,"event_name":"Upgrade Shrine","player_choice":"Upgraded","floor":4.0,"gold_loss":0.0,"damage_taken":0.0,"cards_upgraded":["Jack Of All Trades"]},{"cards_removed":["Strike_Br"],"damage_healed":0.0,"max_hp_gain":0.0,"max_hp_loss":0.0,"gold_gain":0.0,"event_name":"Purifier","player_choice":"Purged","floor":8.0,"gold_loss":0.0,"damage_taken":0.0},{"damage_healed":0.0,"max_hp_gain":0.0,"max_hp_loss":0.0,"gold_gain":30.0,"event_name":"Dead Adventurer","player_choice":"Searched \u00273\u0027 times","floor":14.0,"gold_loss":0.0,"damage_taken":0.0},{"damage_healed":0.0,"max_hp_gain":0.0,"max_hp_loss":0.0,"gold_gain":0.0,"event_name":"The Woman in Blue","player_choice":"Bought 3 Potions","floor":25.0,"gold_loss":0.0,"damage_taken":0.0},{"damage_healed":0.0,"max_hp_gain":0.0,"max_hp_loss":0.0,"gold_gain":0.0,"event_name":"Vampires","player_choice":"Ignored","floor":31.0,"gold_loss":0.0,"damage_taken":0.0},{"cards_removed":["LockedFlame"],"damage_healed":36.0,"max_hp_gain":10.0,"max_hp_loss":0.0,"gold_gain":0.0,"event_name":"Bonfire Elementals","player_choice":"Offered Rare","floor":37.0,"gold_loss":0.0,"damage_taken":0.0}],"is_beta":false,"boss_relics":[{"not_picked":["hubris:BlackHole","infinitespire:Cupcake"],"picked":"Chronograph"},{"not_picked":["Philosopher\u0027s Stone","Empty Cage"],"picked":"Cursed Key"}],"items_purged_floors":[],"is_endless":true,"potions_floor_spawned":[5,10,14,16,21,27,29,35],"killed_by":"Giant Head","ascension_level":1}}