{"host":"rolltorest","time":1613029447,"event":{"mods":["BaseMod","Minty Spire (QoL Compilation)","Relic Stats","Slay the Relics Exporter","StSLib"],"gold_per_floor":[110,185,56,56,56,88,11,42,42,42,61,91,91,91,91,189,189,204,479,494,79,79,79,38,38,62,62,77,77,126,135,135,239,266,290,315,344,367,382,426,460,510,565,565,565,565,617,617,617,617,617,617],"floor_reached":51,"language":"ENG","playtime":2227,"items_purged":["Strike_G"],"score":1609,"play_id":"392fd6a9-8b19-40ab-a879-492f59e4e12d","local_time":"20210210234407","is_ascension_mode":true,"campfire_choices":[{"data":"After Image","floor":10,"key":"SMITH"},{"data":"Terror","floor":13,"key":"SMITH"},{"data":"Backstab","floor":15,"key":"SMITH"},{"data":"Concentrate","floor":23,"key":"SMITH"},{"data":"Dagger Spray","floor":25,"key":"SMITH"},{"data":"Prepared","floor":27,"key":"SMITH"},{"data":"Venomology","floor":32,"key":"SMITH"},{"data":"Phantasmal Killer","floor":44,"key":"SMITH"},{"floor":49,"key":"RECALL"}],"circlet_count":0,"master_deck":["AscendersBane","Defend_G","Defend_G","Defend_G","Defend_G","Survivor","Neutralize+1","Blade Dance+1","After Image+1","Terror+1","PiercingWail","Backstab","Backstab+1","Adrenaline","Dagger Spray+1","Prepared+1","Concentrate+1","Footwork","Underhanded Strike","Venomology+1","Phantasmal Killer+1","Footwork+1","Finisher+1","Crippling Poison+1","Dodge and Roll+1","Underhanded Strike+1","Blade Dance+1","Bullet Time","Skewer+1","Deflect+1","Wraith Form v2"],"relics":["Ring of the Snake","NeowsBlessing","Eternal Feather","Kunai","Omamori","White Beast Statue","Golden Idol","Runic Pyramid","Incense Burner","Question Card","CeramicFish","Orichalcum","Astrolabe","Blue Candle","The Courier","Bag of Preparation"],"acts_visited":["Exordium","TheCity","TheBeyond"],"potions_floor_usage":[16,33,33,35,37,38,39,40,40,41,42,47,50,50],"damage_taken":[{"damage":0,"enemies":"2 Louse","floor":1,"turns":1},{"damage":0,"enemies":"3 Sentries","floor":6,"turns":1},{"damage":0,"enemies":"Gremlin Nob","floor":8,"turns":1},{"damage":1,"enemies":"Jaw Worm","floor":11,"turns":4},{"damage":25,"enemies":"3 Sentries","floor":12,"turns":14},{"damage":20,"enemies":"Hexaghost","floor":16,"turns":11},{"damage":0,"enemies":"3 Byrds","floor":18,"turns":6},{"damage":9,"enemies":"2 Thieves","floor":20,"turns":4},{"damage":0,"enemies":"Snake Plant","floor":28,"turns":10},{"damage":1,"enemies":"Gremlin Leader","floor":30,"turns":10},{"damage":1,"enemies":"Champ","floor":33,"turns":31},{"damage":4,"enemies":"Orb Walker","floor":35,"turns":4},{"damage":9,"enemies":"3 Shapes","floor":36,"turns":6},{"damage":11,"enemies":"3 Darklings","floor":37,"turns":4},{"damage":12,"enemies":"Jaw Worm Horde","floor":38,"turns":6},{"damage":0,"enemies":"Transient","floor":39,"turns":6},{"damage":2,"enemies":"Giant Head","floor":40,"turns":8},{"damage":2,"enemies":"3 Darklings","floor":41,"turns":8},{"damage":0,"enemies":"Reptomancer","floor":42,"turns":6},{"damage":4,"enemies":"Giant Head","floor":47,"turns":6},{"damage":46,"enemies":"Awakened One","floor":50,"turns":11},{"damage":14,"enemies":"Time Eater","floor":51,"turns":1}],"seed_played":"-7867070058898285955","potions_obtained":[{"floor":8,"key":"Strength Potion"},{"floor":16,"key":"Explosive Potion"},{"floor":18,"key":"Energy Potion"},{"floor":33,"key":"SkillPotion"},{"floor":35,"key":"CultistPotion"},{"floor":37,"key":"LiquidMemories"},{"floor":38,"key":"PowerPotion"},{"floor":40,"key":"Regen Potion"},{"floor":41,"key":"Strength Potion"}],"is_trial":false,"path_per_floor":["M","?","$","?","?","E","$","E","T","R","M","E","R","?","R","B",null,"M","?","M","$","T","R","$","R","T","R","M","$","E","?","R","B",null,"M","M","M","M","M","E","M","E","T","R","?","?","E","?","R","B","B"],"character_chosen":"THE_SILENT","items_purchased":["Fire Potion","Terror","Incense Burner","Concentrate","Footwork"],"campfire_rested":0,"item_purchase_floors":[3,7,21,21,24],"current_hp_per_floor":[59,48,48,48,48,48,48,48,48,57,56,31,40,40,49,29,52,52,52,43,43,43,55,55,60,60,60,60,60,59,59,60,59,60,56,47,36,24,24,37,50,50,50,60,60,60,56,56,60,14,0,0],"gold":617,"neow_bonus":"THREE_ENEMY_KILL","is_daily":false,"chose_seed":false,"campfire_upgraded":8,"win_rate":0.0,"timestamp":1613029447,"path_taken":["M","?","$","?","?","E","$","E","T","R","?","E","R","?","R","BOSS","M","?","M","$","?","R","$","R","T","R","M","$","E","?","R","BOSS","M","M","M","M","M","E","M","E","T","R","?","?","E","?","R","BOSS","BOSS"],"items_purchased_type":["Potion","Card","Relic","Card","Card"],"build_version":"2020-12-18","purchased_purges":1,"victory":false,"max_hp_per_floor":[66,66,66,66,66,66,66,66,66,66,66,66,66,60,60,60,60,60,60,60,60,60,60,60,60,60,60,60,60,60,60,60,60,60,60,60,60,60,60,60,60,60,60,60,60,60,60,60,60,60,60,60],"relic_stats":{"counters":[22,159],"Golden Idol":121,"CeramicFish":117,"Astrolabe":["Footwork","Finisher","Crippling Poison"],"Blue Candle":[0],"Eternal Feather":59,"Bag of Preparation":[4],"Kunai":[112],"Orichalcum":[12],"Question Card":12,"obtain_stats":[{"NeowsBlessing":0,"Golden Idol":14,"CeramicFish":26,"Astrolabe":34,"Blue Candle":40,"Eternal Feather":6,"The Courier":42,"Omamori":9,"Incense Burner":21,"Bag of Preparation":47,"Orichalcum":30,"Question Card":22,"White Beast Statue":12,"Kunai":8,"Ring of the Snake":0,"Runic Pyramid":17},{"NeowsBlessing":0,"Golden Idol":5,"CeramicFish":8,"Astrolabe":11,"Blue Candle":17,"Eternal Feather":2,"The Courier":19,"Omamori":3,"Incense Burner":8,"Bag of Preparation":20,"Orichalcum":10,"Question Card":8,"White Beast Statue":5,"Kunai":3,"Ring of the Snake":0,"Runic Pyramid":6},{"NeowsBlessing":0,"Golden Idol":21,"CeramicFish":42,"Astrolabe":93,"Blue Candle":127,"Eternal Feather":2,"The Courier":141,"Omamori":3,"Incense Burner":42,"Bag of Preparation":147,"Orichalcum":62,"Question Card":42,"White Beast Statue":21,"Kunai":3,"Ring of the Snake":0,"Runic Pyramid":32}],"Ring of the Snake":[44]},"card_choices":[{"not_picked":["Cloak And Dagger","Deadly Poison"],"picked":"Blade Dance","floor":1},{"not_picked":["Slice","Endless Agony"],"picked":"After Image","floor":6},{"not_picked":["Endless Agony","Acrobatics"],"picked":"PiercingWail","floor":8},{"not_picked":["Escape Plan","Bane"],"picked":"Backstab","floor":11},{"not_picked":["Riddle With Holes","Underhanded Strike"],"picked":"Backstab","floor":12},{"not_picked":["Phantasmal Killer","Venomology"],"picked":"Adrenaline","floor":16},{"not_picked":["Poisoned Stab","Caltrops+1"],"picked":"Dagger Spray","floor":18},{"not_picked":["Caltrops","Bane"],"picked":"Prepared","floor":20},{"not_picked":["Cloak And Dagger","Deadly Poison","Heel Hook","Masterful Stab"],"picked":"SKIP","floor":28},{"not_picked":["All Out Attack","Heel Hook","Predator"],"picked":"Underhanded Strike","floor":30},{"not_picked":["Corpse Explosion","Night Terror","Storm of Steel"],"picked":"Phantasmal Killer","floor":33},{"not_picked":["Expertise","Poisoned Stab+1","Prepared"],"picked":"Dodge and Roll+1","floor":35},{"not_picked":["Leg Sweep","Acrobatics","Terror","Well Laid Plans+1"],"picked":"SKIP","floor":36},{"not_picked":["Outmaneuver","Sucker Punch+1","Flying Knee"],"picked":"Underhanded Strike+1","floor":37},{"not_picked":["Distraction+1","Crippling Poison","Deadly Poison"],"picked":"Blade Dance+1","floor":38},{"not_picked":["Sucker Punch","Poisoned Stab","Predator","Dagger Spray+1"],"picked":"SKIP","floor":39},{"not_picked":["Well Laid Plans","Underhanded Strike","Bane"],"picked":"Bullet Time","floor":40},{"not_picked":["Underhanded Strike","Cloak And Dagger","Concentrate"],"picked":"Skewer+1","floor":41},{"not_picked":["Setup","Predator","Prepared+1"],"picked":"Deflect+1","floor":42},{"not_picked":["Underhanded Strike","Dagger Throw","Poisoned Stab"],"picked":"Wraith Form v2","floor":47}],"player_experience":1948137,"relics_obtained":[{"floor":6,"key":"Eternal Feather"},{"floor":8,"key":"Kunai"},{"floor":9,"key":"Omamori"},{"floor":12,"key":"White Beast Statue"},{"floor":22,"key":"Question Card"},{"floor":26,"key":"CeramicFish"},{"floor":30,"key":"Orichalcum"},{"floor":40,"key":"Blue Candle"},{"floor":42,"key":"The Courier"},{"floor":47,"key":"Bag of Preparation"}],"event_choices":[{"damage_healed":0,"gold_gain":75,"player_choice":"Gather Gold","damage_taken":11,"max_hp_gain":0,"max_hp_loss":0,"event_name":"World of Goop","floor":2,"gold_loss":0},{"damage_healed":0,"gold_gain":0,"player_choice":"Grow","damage_taken":0,"max_hp_gain":0,"max_hp_loss":0,"event_name":"Living Wall","floor":4,"gold_loss":0,"cards_upgraded":["Blade Dance"]},{"damage_healed":0,"gold_gain":0,"player_choice":"Upgraded","damage_taken":0,"max_hp_gain":0,"max_hp_loss":0,"event_name":"Upgrade Shrine","floor":5,"gold_loss":0,"cards_upgraded":["Neutralize"]},{"damage_healed":0,"gold_gain":0,"player_choice":"Lose Max HP","damage_taken":0,"relics_obtained":["Golden Idol"],"max_hp_gain":0,"max_hp_loss":6,"event_name":"Golden Idol","floor":14,"gold_loss":0},{"damage_healed":0,"gold_gain":275,"player_choice":"Desecrate","damage_taken":0,"max_hp_gain":0,"max_hp_loss":0,"event_name":"Golden Shrine","floor":19,"gold_loss":0,"cards_obtained":["Regret"]},{"damage_healed":0,"gold_gain":0,"cards_transformed":["Strike_G"],"player_choice":"Transformed","damage_taken":0,"max_hp_gain":0,"max_hp_loss":0,"event_name":"Transmorgrifier","floor":31,"gold_loss":0,"cards_obtained":["Venomology"]},{"damage_healed":0,"gold_gain":0,"player_choice":"Ignored","damage_taken":0,"max_hp_gain":0,"max_hp_loss":0,"event_name":"Tomb of Lord Red Mask","floor":45,"gold_loss":0},{"cards_removed":["Defend_G"],"damage_healed":0,"gold_gain":0,"player_choice":"Removed Skill","damage_taken":0,"max_hp_gain":0,"max_hp_loss":0,"event_name":"Falling","floor":46,"gold_loss":0},{"damage_healed":0,"gold_gain":0,"player_choice":"Got Potions","damage_taken":0,"max_hp_gain":0,"max_hp_loss":0,"event_name":"Lab","floor":48,"gold_loss":0}],"is_beta":true,"boss_relics":[{"not_picked":["Black Star","Calling Bell"],"picked":"Runic Pyramid"},{"not_picked":["Ring of the Serpent","Runic Dome"],"picked":"Astrolabe"}],"items_purged_floors":[3],"is_endless":false,"potions_floor_spawned":[8,11,12,16,18,20,28,30,33,35,36,37,38,39,40,41,42,47],"killed_by":"Time Eater","ascension_level":20}}