{"host":"FirstDane","time":1613012094,"event":{"mods":["BaseMod","Bestiary","Highlight Path","Minty Spire (QoL Compilation)","Relic Stats","Slay the Relics Exporter","StSLib"],"gold_per_floor":[116,127,147,164,184,259,259,271,271,288,316,316,347,364,364,440,440,451,465,160,160,85,85,111,122,190,202,202,227,227,240,240,314,314,329,375,386,386,74,108,108,136,136,161,161,186,205,233,233,233,233,233,233,21,49,49],"floor_reached":57,"language":"ENG","playtime":7608,"items_purged":["Strike_G","Strike_G"],"score":3294,"play_id":"4da23b75-5431-4dd3-acd8-f9c4ad270d8f","local_time":"20210210205454","is_ascension_mode":true,"campfire_choices":[{"data":"All Out Attack","floor":7,"key":"SMITH"},{"data":"Blade Dance","floor":12,"key":"SMITH"},{"data":"Footwork","floor":15,"key":"SMITH"},{"data":"Cloak And Dagger","floor":23,"key":"SMITH"},{"data":"Ghostly","floor":28,"key":"SMITH"},{"data":"Ghostly","floor":30,"key":"SMITH"},{"data":"Blade Dance","floor":32,"key":"SMITH"},{"floor":41,"key":"RECALL"}],"circlet_count":0,"master_deck":["AscendersBane","Strike_G+1","Strike_G+1","Defend_G+1","Defend_G+1","Defend_G+1","Defend_G+1","Defend_G+1","Survivor+1","Neutralize+1","Bane+1","Leg Sweep+1","Blade Dance+1","All Out Attack+1","Footwork+1","Backstab+1","Adrenaline+1","Corpse Explosion+1","Blade Dance+1","Dodge and Roll+1","Cloak And Dagger+1","Ghostly+1","Ghostly+1","Ghostly+1","Well Laid Plans+1","Acrobatics+1","Noxious Fumes+1","Adrenaline+1","Deflect+1","Malaise+1","Cloak And Dagger+1","Footwork+1"],"relics":["Ring of the Snake","Shuriken","Strawberry","Juzu Bracelet","Coffee Dripper","PreservedInsect","Pantograph","Ornamental Fan","Tiny Chest","SlaversCollar","Ice Cream","Sling","Oddly Smooth Stone","Molten Egg 2","The Specimen","Mark of the Bloom","Toy Ornithopter","Meat on the Bone","Bag of Preparation","Akabeko"],"acts_visited":["Exordium","TheCity","TheBeyond","TheEnding"],"potions_floor_usage":[13,16,18,29,36,36,47,56],"damage_taken":[{"damage":0,"enemies":"Cultist","floor":1,"turns":5},{"damage":0,"enemies":"2 Louse","floor":2,"turns":5},{"damage":0,"enemies":"Small Slimes","floor":3,"turns":4},{"damage":2,"enemies":"Exordium Wildlife","floor":4,"turns":6},{"damage":0,"enemies":"3 Louse","floor":5,"turns":3},{"damage":1,"enemies":"Looter","floor":8,"turns":4},{"damage":1,"enemies":"Exordium Thugs","floor":10,"turns":4},{"damage":3,"enemies":"Gremlin Nob","floor":11,"turns":3},{"damage":5,"enemies":"3 Sentries","floor":13,"turns":6},{"damage":0,"enemies":"3 Louse","floor":14,"turns":1},{"damage":18,"enemies":"Hexaghost","floor":16,"turns":9},{"damage":7,"enemies":"Spheric Guardian","floor":18,"turns":4},{"damage":4,"enemies":"Chosen","floor":19,"turns":4},{"damage":3,"enemies":"Book of Stabbing","floor":24,"turns":5},{"damage":0,"enemies":"Snake Plant","floor":25,"turns":6},{"damage":0,"enemies":"Snecko","floor":27,"turns":6},{"damage":0,"enemies":"Slavers","floor":29,"turns":4},{"damage":0,"enemies":"Chosen and Byrds","floor":31,"turns":5},{"damage":3,"enemies":"Collector","floor":33,"turns":10},{"damage":0,"enemies":"3 Shapes","floor":35,"turns":2},{"damage":0,"enemies":"2 Orb Walkers","floor":36,"turns":4},{"damage":0,"enemies":"Orb Walker","floor":37,"turns":4},{"damage":0,"enemies":"Reptomancer","floor":40,"turns":5},{"damage":0,"enemies":"Nemesis","floor":42,"turns":5},{"damage":0,"enemies":"Giant Head","floor":44,"turns":7},{"damage":0,"enemies":"Maw","floor":47,"turns":9},{"damage":0,"enemies":"Nemesis","floor":48,"turns":7},{"damage":0,"enemies":"Awakened One","floor":50,"turns":13},{"damage":0,"enemies":"Donu and Deca","floor":51,"turns":8},{"damage":0,"enemies":"Shield and Spear","floor":55,"turns":6},{"damage":5,"enemies":"The Heart","floor":56,"turns":13}],"seed_played":"-803589538710836191","potions_obtained":[{"floor":1,"key":"Fire Potion"},{"floor":4,"key":"EssenceOfSteel"},{"floor":8,"key":"SkillPotion"},{"floor":13,"key":"AttackPotion"},{"floor":19,"key":"PowerPotion"},{"floor":24,"key":"BlessingOfTheForge"},{"floor":35,"key":"ColorlessPotion"},{"floor":40,"key":"Poison Potion"},{"floor":44,"key":"SkillPotion"},{"floor":47,"key":"AttackPotion"}],"is_trial":false,"path_per_floor":["M","M","M","M","M","?","R","M","T","M","E","R","E","M","R","B",null,"M","M","$","?","?","R","E","M","T","M","R","E","R","M","R","B",null,"M","?","M","?","$","E","R","E","T","E","?","T","M","E","R","B","B",null,"R","$","E","B",null],"character_chosen":"THE_SILENT","items_purchased":["PreservedInsect","Cloak And Dagger","Sling","PowerPotion","Bag of Preparation","Block Potion"],"campfire_rested":0,"item_purchase_floors":[20,20,39,39,54,54],"current_hp_per_floor":[59,59,59,57,57,46,46,45,45,44,48,48,43,43,43,25,61,54,50,50,36,36,36,33,33,33,33,33,33,33,33,33,33,35,35,35,35,35,35,35,35,35,35,35,35,35,35,35,35,35,35,35,35,35,35,30],"gold":49,"neow_bonus":"UPGRADE_CARD","is_daily":false,"chose_seed":false,"campfire_upgraded":7,"win_rate":0.0,"timestamp":1613012094,"path_taken":["M","M","M","M","?","?","R","M","T","M","E","R","E","M","R","BOSS","M","M","$","?","?","R","E","M","T","M","R","E","R","M","R","BOSS","M","?","M","?","$","E","R","E","T","E","?","?","M","E","R","BOSS","BOSS","R","$","E","BOSS"],"items_purchased_type":["Relic","Card","Relic","Potion","Relic","Potion"],"build_version":"2020-12-18","purchased_purges":2,"victory":true,"max_hp_per_floor":[66,66,66,66,66,66,66,66,66,66,73,73,73,73,73,73,73,73,73,73,36,36,36,36,36,36,36,36,36,36,36,36,36,36,36,36,36,36,36,36,36,36,36,36,36,36,36,36,36,36,36,36,36,36,36,36],"relic_stats":{"Mark of the Bloom":86,"counters":[31,177],"PreservedInsect":453,"Juzu Bracelet":0,"Bag of Preparation":[4],"Shuriken":[128],"Ornamental Fan":[392],"Pantograph":3,"Tiny Chest":1,"obtain_stats":[{"Ice Cream":36,"Mark of the Bloom":45,"The Specimen":44,"Oddly Smooth Stone":40,"PreservedInsect":20,"Juzu Bracelet":13,"Bag of Preparation":54,"Sling":39,"Akabeko":55,"SlaversCollar":34,"Shuriken":9,"Ornamental Fan":26,"Strawberry":11,"Pantograph":24,"Tiny Chest":29,"Molten Egg 2":42,"Coffee Dripper":17,"Toy Ornithopter":46,"Ring of the Snake":0,"Meat on the Bone":48},{"Ice Cream":21,"Mark of the Bloom":25,"The Specimen":25,"Oddly Smooth Stone":23,"PreservedInsect":13,"Juzu Bracelet":9,"Bag of Preparation":29,"Sling":22,"Akabeko":30,"SlaversCollar":19,"Shuriken":6,"Ornamental Fan":15,"Strawberry":8,"Pantograph":14,"Tiny Chest":17,"Molten Egg 2":24,"Coffee Dripper":11,"Toy Ornithopter":25,"Ring of the Snake":0,"Meat on the Bone":27},{"Ice Cream":100,"Mark of the Bloom":121,"The Specimen":121,"Oddly Smooth Stone":109,"PreservedInsect":58,"Juzu Bracelet":40,"Bag of Preparation":158,"Sling":104,"Akabeko":164,"SlaversCollar":94,"Shuriken":27,"Ornamental Fan":69,"Strawberry":34,"Pantograph":63,"Tiny Chest":79,"Molten Egg 2":114,"Coffee Dripper":50,"Toy Ornithopter":121,"Ring of the Snake":0,"Meat on the Bone":137}],"Toy Ornithopter":0,"Ring of the Snake":[62],"Meat on the Bone":0},"card_choices":[{"not_picked":["Calculated Gamble","Acrobatics"],"picked":"Bane","floor":1},{"not_picked":["Caltrops","Dagger Throw"],"picked":"Leg Sweep","floor":2},{"not_picked":["Escape Plan","Backstab"],"picked":"Blade Dance","floor":3},{"not_picked":["Sucker Punch","Prepared"],"picked":"All Out Attack","floor":4},{"not_picked":["Prepared","Eviscerate","Flechettes"],"picked":"SKIP","floor":5},{"not_picked":["Quick Slash","Reflex"],"picked":"Footwork","floor":8},{"not_picked":["Acrobatics","Tactician"],"picked":"Backstab","floor":10},{"not_picked":["Night Terror","Finisher","All Out Attack"],"picked":"SKIP","floor":11},{"not_picked":["Deadly Poison","Escape Plan"],"picked":"Adrenaline","floor":13},{"not_picked":["Masterful Stab","Dagger Throw","Underhanded Strike"],"picked":"SKIP","floor":14},{"not_picked":["Tools of the Trade","Night Terror"],"picked":"Corpse Explosion","floor":16},{"not_picked":["Dagger Spray","Masterful Stab"],"picked":"Blade Dance","floor":18},{"not_picked":["Dagger Throw","Bouncing Flask"],"picked":"Dodge and Roll","floor":19},{"not_picked":["Concentrate","Dodge and Roll"],"picked":"Well Laid Plans+1","floor":24},{"not_picked":["Bane","Storm of Steel"],"picked":"Acrobatics","floor":25},{"not_picked":["Slice","Sucker Punch","Flying Knee"],"picked":"SKIP","floor":27},{"not_picked":["Quick Slash","Deadly Poison","Prepared"],"picked":"SKIP","floor":29},{"not_picked":["Bane","Caltrops"],"picked":"Noxious Fumes","floor":31},{"not_picked":["Unload","Grand Finale"],"picked":"Adrenaline","floor":33},{"not_picked":["Leg Sweep","Tactician+1","Cloak And Dagger"],"picked":"SKIP","floor":35},{"not_picked":["Slice","Footwork","Setup"],"picked":"SKIP","floor":37},{"not_picked":["Flechettes","Distraction+1"],"picked":"Deflect+1","floor":40},{"not_picked":["Backflip","Cloak And Dagger"],"picked":"Malaise","floor":42},{"not_picked":["PiercingWail","Riddle With Holes+1"],"picked":"Cloak And Dagger+1","floor":44},{"not_picked":["Dagger Spray+1","Bouncing Flask+1","Heel Hook+1"],"picked":"SKIP","floor":47},{"not_picked":["Deadly Poison+1","Distraction+1","Eviscerate+1"],"picked":"SKIP","floor":48},{"not_picked":["Deadly Poison+1","Deflect+1"],"picked":"Footwork+1","floor":55}],"player_experience":4087274,"relics_obtained":[{"floor":9,"key":"Shuriken"},{"floor":11,"key":"Strawberry"},{"floor":13,"key":"Juzu Bracelet"},{"floor":24,"key":"Pantograph"},{"floor":26,"key":"Ornamental Fan"},{"floor":29,"key":"Tiny Chest"},{"floor":36,"key":"Ice Cream"},{"floor":40,"key":"Oddly Smooth Stone"},{"floor":42,"key":"Molten Egg 2"},{"floor":44,"key":"The Specimen"},{"floor":46,"key":"Toy Ornithopter"},{"floor":48,"key":"Meat on the Bone"},{"floor":55,"key":"Akabeko"}],"event_choices":[{"damage_healed":0,"gold_gain":75,"player_choice":"Gather Gold","damage_taken":11,"max_hp_gain":0,"max_hp_loss":0,"event_name":"World of Goop","floor":6,"gold_loss":0},{"damage_healed":0,"gold_gain":0,"player_choice":"Became a Ghost","damage_taken":0,"max_hp_gain":0,"max_hp_loss":37,"event_name":"Ghosts","floor":21,"gold_loss":0,"cards_obtained":["Ghostly","Ghostly","Ghostly"]},{"cards_removed":["Strike_G"],"damage_healed":0,"gold_gain":0,"player_choice":"Gave Gold","damage_taken":0,"max_hp_gain":0,"max_hp_loss":0,"event_name":"Beggar","floor":22,"gold_loss":75},{"damage_healed":0,"gold_gain":0,"player_choice":"Fight","damage_taken":0,"max_hp_gain":0,"max_hp_loss":0,"event_name":"Mysterious Sphere","floor":36,"gold_loss":0},{"damage_healed":0,"gold_gain":0,"player_choice":"Ignored","damage_taken":0,"max_hp_gain":0,"max_hp_loss":0,"event_name":"Tomb of Lord Red Mask","floor":38,"gold_loss":0},{"damage_healed":0,"gold_gain":0,"player_choice":"Upgrade","damage_taken":0,"relics_obtained":["Mark of the Bloom"],"max_hp_gain":0,"max_hp_loss":0,"event_name":"MindBloom","floor":45,"gold_loss":0,"cards_upgraded":["Strike_G","Strike_G","Defend_G","Defend_G","Defend_G","Defend_G","Defend_G","Survivor","Bane","Leg Sweep","Backstab","Adrenaline","Corpse Explosion","Dodge and Roll","Ghostly","Acrobatics","Noxious Fumes","Adrenaline","Malaise"]}],"is_beta":true,"boss_relics":[{"not_picked":["Pandora\u0027s Box","Tiny House"],"picked":"Coffee Dripper"},{"not_picked":["Cursed Key","Snecko Eye"],"picked":"SlaversCollar"}],"items_purged_floors":[20,39],"is_endless":false,"potions_floor_spawned":[1,4,5,8,13,19,24,25,27,35,40,44,47],"ascension_level":20}}