{"host":"Bilverbakes","time":1613009184,"event":{"mods":["2.2 Compatiblity","AchievementEnabler","BaseMod","Bestiary","Colored Map","Minty Spire (QoL Compilation)","Relic Stats","StSLib","ojb\u0027s Info Mod"],"gold_per_floor":[113,123,123,123,136,165,7,32,32,32,44,109,142,152,152,229,229,249,249,174,194,207,240,240,250,305,337,337,364,414,434,434,510,510,524,538,563,578,597,597,497,527,574,574,593,593,593],"floor_reached":46,"language":"ENG","playtime":2271,"items_purged":["Strike_G","Strike_G"],"score":1110,"play_id":"ca8ae231-4df8-4eb4-a1ec-b76132d4ab9a","local_time":"20210210200624","is_ascension_mode":true,"campfire_choices":[{"data":"Glass Knife","floor":10.0,"key":"SMITH"},{"data":"All Out Attack","floor":15.0,"key":"SMITH"},{"data":"Malaise","floor":24.0,"key":"SMITH"},{"data":"Terror","floor":28.0,"key":"SMITH"},{"data":"Unload","floor":32.0,"key":"SMITH"},{"floor":40.0,"key":"RECALL"}],"circlet_count":0,"master_deck":["AscendersBane","Strike_G","Strike_G","Defend_G","Defend_G","Defend_G","Defend_G","Defend_G","Survivor","Neutralize","Dash","Dagger Spray","All Out Attack+1","Glass Knife+1","Dash","Terror+1","Unload+1","Malaise+1","Acrobatics+1","Deflect","Finisher+1","Riddle With Holes+1","Backflip+1","Deflect+1","Dodge and Roll+1"],"relics":["Ring of the Snake","NeowsBlessing","Blue Candle","Letter Opener","Ninja Scroll","Kunai","Oddly Smooth Stone","WristBlade","StrikeDummy","Akabeko","Ornamental Fan","Pantograph","Coffee Dripper","TungstenRod","Shovel"],"acts_visited":["Exordium","TheCity","TheBeyond"],"potions_floor_usage":[46],"damage_taken":[{"damage":0.0,"enemies":"2 Louse","floor":1.0,"turns":1.0},{"damage":0.0,"enemies":"Small Slimes","floor":2.0,"turns":1.0},{"damage":0.0,"enemies":"Cultist","floor":5.0,"turns":1.0},{"damage":26.0,"enemies":"Gremlin Nob","floor":6.0,"turns":6.0},{"damage":12.0,"enemies":"3 Sentries","floor":8.0,"turns":7.0},{"damage":0.0,"enemies":"Large Slime","floor":11.0,"turns":3.0},{"damage":0.0,"enemies":"Gremlin Nob","floor":12.0,"turns":3.0},{"damage":13.0,"enemies":"Lagavulin","floor":13.0,"turns":6.0},{"damage":0.0,"enemies":"2 Fungi Beasts","floor":14.0,"turns":2.0},{"damage":5.0,"enemies":"The Guardian","floor":16.0,"turns":10.0},{"damage":3.0,"enemies":"Shell Parasite","floor":18.0,"turns":2.0},{"damage":1.0,"enemies":"3 Byrds","floor":21.0,"turns":6.0},{"damage":0.0,"enemies":"Snake Plant","floor":22.0,"turns":2.0},{"damage":0.0,"enemies":"Gremlin Leader","floor":23.0,"turns":4.0},{"damage":8.0,"enemies":"Cultist and Chosen","floor":25.0,"turns":9.0},{"damage":10.0,"enemies":"Slavers","floor":27.0,"turns":6.0},{"damage":11.0,"enemies":"Gremlin Leader","floor":29.0,"turns":7.0},{"damage":0.0,"enemies":"Snecko","floor":31.0,"turns":3.0},{"damage":47.0,"enemies":"Automaton","floor":33.0,"turns":12.0},{"damage":0.0,"enemies":"Orb Walker","floor":35.0,"turns":2.0},{"damage":2.0,"enemies":"3 Darklings","floor":36.0,"turns":4.0},{"damage":0.0,"enemies":"Mind Bloom Boss Battle","floor":37.0,"turns":5.0},{"damage":15.0,"enemies":"Maw","floor":38.0,"turns":8.0},{"damage":0.0,"enemies":"4 Shapes","floor":39.0,"turns":7.0},{"damage":12.0,"enemies":"Reptomancer","floor":42.0,"turns":8.0},{"damage":10.0,"enemies":"Writhing Mass","floor":45.0,"turns":7.0},{"damage":23,"enemies":"Giant Head","floor":46,"turns":8}],"seed_played":"7388969638663084657","potions_obtained":[{"floor":1.0,"key":"Block Potion"},{"floor":11.0,"key":"AttackPotion"},{"floor":12.0,"key":"Dexterity Potion"},{"floor":13.0,"key":"SteroidPotion"},{"floor":16.0,"key":"ColorlessPotion"},{"floor":23.0,"key":"FearPotion"},{"floor":27.0,"key":"DistilledChaos"},{"floor":29.0,"key":"EssenceOfSteel"},{"floor":31.0,"key":"GhostInAJar"},{"floor":33.0,"key":"Regen Potion"},{"floor":35.0,"key":"GhostInAJar"}],"is_trial":false,"path_per_floor":["M","M","?","?","M","E","$","E","T","R","M","?","E","M","R","B",null,"M","?","?","M","M","E","R","M","T","E","R","E","?","M","R","B",null,"M","M","?","M","M","R","$","E","T","?","M","E"],"character_chosen":"THE_SILENT","items_purchased":["Glass Knife"],"campfire_rested":0,"item_purchase_floors":[7],"current_hp_per_floor":[59,59,64,71,71,45,45,33,33,33,33,33,20,20,20,15,57,54,54,54,53,53,53,53,45,45,35,35,24,24,24,24,2,54,54,52,71,56,56,56,56,59,59,59,49,26,26],"gold":593,"neow_bonus":"THREE_ENEMY_KILL","is_daily":false,"chose_seed":false,"campfire_upgraded":5,"win_rate":0.0,"timestamp":1613009184,"path_taken":["M","M","?","?","?","E","$","E","T","R","M","?","E","M","R","BOSS","M","?","?","M","M","E","R","M","T","E","R","E","?","M","R","BOSS","M","M","?","M","M","R","$","E","T","?","M","E"],"items_purchased_type":["Card"],"build_version":"2020-12-18","purchased_purges":2,"victory":false,"max_hp_per_floor":[66,66,71,71,71,71,71,71,71,71,71,71,71,71,71,71,71,71,71,71,71,71,71,71,71,71,71,71,71,71,71,71,71,71,71,71,71,71,71,71,71,71,71,71,71,71,71],"relic_stats":{"Shovel":0,"counters":[27,140],"Ornamental Fan":[124],"Blue Candle":[1],"Pantograph":44,"Letter Opener":[60],"Kunai":[52],"obtain_stats":[{"NeowsBlessing":0,"Blue Candle":6,"Oddly Smooth Stone":13,"Letter Opener":8,"Akabeko":26,"Shovel":42,"WristBlade":17,"Ninja Scroll":9,"Ornamental Fan":27,"Pantograph":29,"Coffee Dripper":34,"Kunai":12,"StrikeDummy":23,"TungstenRod":37,"Ring of the Snake":0},{"NeowsBlessing":0,"Blue Candle":4,"Oddly Smooth Stone":8,"Letter Opener":5,"Akabeko":15,"Shovel":25,"WristBlade":10,"Ninja Scroll":5,"Ornamental Fan":16,"Pantograph":17,"Coffee Dripper":19,"Kunai":7,"StrikeDummy":14,"TungstenRod":22,"Ring of the Snake":0},{"NeowsBlessing":0,"Blue Candle":9,"Oddly Smooth Stone":28,"Letter Opener":16,"Akabeko":63,"Shovel":125,"WristBlade":40,"Ninja Scroll":16,"Ornamental Fan":69,"Pantograph":76,"Coffee Dripper":91,"Kunai":22,"StrikeDummy":54,"TungstenRod":102,"Ring of the Snake":0}],"TungstenRod":8,"Ring of the Snake":[54]},"card_choices":[{"not_picked":["Bane","Dagger Throw"],"picked":"Dash","floor":1.0},{"not_picked":["Outmaneuver","Prepared","Dodge and Roll"],"picked":"SKIP","floor":2.0},{"not_picked":["Eviscerate","Expertise"],"picked":"Dagger Spray","floor":5.0},{"not_picked":["Burst","Dagger Spray"],"picked":"All Out Attack","floor":6.0},{"not_picked":["Reflex","Deadly Poison"],"picked":"Dash","floor":8.0},{"not_picked":["Prepared","Dodge and Roll","Sucker Punch"],"picked":"SKIP","floor":11.0},{"not_picked":["Footwork","Quick Slash"],"picked":"Terror","floor":13.0},{"not_picked":["Bane","Backflip"],"picked":"Unload","floor":14.0},{"not_picked":["Glass Knife","Tools of the Trade"],"picked":"Malaise","floor":16.0},{"not_picked":["Choke+1","Flying Knee"],"picked":"Acrobatics+1","floor":18.0},{"not_picked":["Backflip","Distraction"],"picked":"Deflect","floor":21.0},{"not_picked":["Outmaneuver","PiercingWail+1"],"picked":"Finisher+1","floor":22.0},{"not_picked":["Riddle With Holes","Deflect","Dagger Spray"],"picked":"SKIP","floor":23.0},{"not_picked":["Dash","Dodge and Roll"],"picked":"Riddle With Holes+1","floor":25.0},{"not_picked":["Setup","Quick Slash"],"picked":"Accuracy+1","floor":27.0},{"not_picked":["Poisoned Stab","Dagger Spray"],"picked":"Backflip+1","floor":29.0},{"not_picked":["Bane","Expertise","Flying Knee"],"picked":"SKIP","floor":31.0},{"not_picked":["Crippling Poison","Predator"],"picked":"Deflect+1","floor":35.0},{"not_picked":["Deadly Poison","Heel Hook","Flying Knee"],"picked":"SKIP","floor":36.0},{"not_picked":["PiercingWail","Deflect"],"picked":"Dodge and Roll+1","floor":38.0},{"not_picked":["Quick Slash","Dodge and Roll","Bane+1"],"picked":"SKIP","floor":39.0},{"not_picked":["Acrobatics","Concentrate+1","Choke"],"picked":"SKIP","floor":42.0},{"not_picked":["PiercingWail","Crippling Poison","Deflect"],"picked":"SKIP","floor":45.0}],"player_experience":928824,"relics_obtained":[{"floor":6.0,"key":"Blue Candle"},{"floor":8.0,"key":"Letter Opener"},{"floor":9.0,"key":"Ninja Scroll"},{"floor":12.0,"key":"Kunai"},{"floor":13.0,"key":"Oddly Smooth Stone"},{"floor":23.0,"key":"StrikeDummy"},{"floor":26.0,"key":"Akabeko"},{"floor":27.0,"key":"Ornamental Fan"},{"floor":29.0,"key":"Pantograph"},{"floor":37.0,"key":"TungstenRod"},{"floor":42.0,"key":"Shovel"}],"event_choices":[{"damage_healed":0.0,"max_hp_gain":5.0,"max_hp_loss":0.0,"gold_gain":0.0,"event_name":"Big Fish","player_choice":"Donut","floor":3.0,"gold_loss":0.0,"damage_taken":0.0},{"damage_healed":7.0,"max_hp_gain":0.0,"max_hp_loss":0.0,"gold_gain":0.0,"event_name":"Wheel of Change","player_choice":"Full Heal","floor":4.0,"gold_loss":0.0,"damage_taken":0.0},{"damage_healed":0.0,"max_hp_gain":0.0,"max_hp_loss":0.0,"gold_gain":0.0,"event_name":"Dead Adventurer","player_choice":"Searched \u00271\u0027 times","floor":12.0,"gold_loss":0.0,"damage_taken":0.0},{"damage_healed":0.0,"max_hp_gain":0.0,"max_hp_loss":0.0,"gold_gain":0.0,"event_name":"Vampires","player_choice":"Ignored","floor":19.0,"gold_loss":0.0,"damage_taken":0.0},{"cards_removed":["Strike_G"],"damage_healed":0.0,"max_hp_gain":0.0,"max_hp_loss":0.0,"gold_gain":0.0,"event_name":"Beggar","player_choice":"Gave Gold","floor":20.0,"gold_loss":75.0,"damage_taken":0.0},{"damage_healed":0.0,"max_hp_gain":0.0,"max_hp_loss":0.0,"gold_gain":50.0,"event_name":"Nest","player_choice":"Stole From Cult","floor":30.0,"gold_loss":0.0,"damage_taken":0.0},{"damage_healed":0.0,"max_hp_gain":0.0,"max_hp_loss":0.0,"gold_gain":0.0,"event_name":"MindBloom","player_choice":"Fight","floor":37.0,"gold_loss":0.0,"damage_taken":0.0},{"cards_removed":["Accuracy"],"damage_healed":0.0,"max_hp_gain":0.0,"max_hp_loss":0.0,"gold_gain":0.0,"event_name":"Falling","player_choice":"Removed Power","floor":44.0,"gold_loss":0.0,"damage_taken":0.0}],"is_beta":true,"boss_relics":[{"not_picked":["Pandora\u0027s Box","Tiny House"],"picked":"WristBlade"},{"not_picked":["Runic Pyramid","HoveringKite"],"picked":"Coffee Dripper"}],"items_purged_floors":[7,41],"is_endless":false,"potions_floor_spawned":[1,11,12,13,16,23,27,29,31,33,35,38,39],"killed_by":"Giant Head","ascension_level":20}}