{"host":"d2y4rmbezebiv8aj","time":1613028746,"event":{"mods":["AchievementEnabler","BaseMod","Bestiary","BetterRewards","Colored Map","Colored Powertips","Custom Start","Highlight Path","Minty Spire (QoL Compilation)","Quick Restart","Rare Cards Sparkle","Relic Sorter","Relic Stats","Shop Mod","Slay-I","StSLib","SuperFastMode"],"gold_per_floor":[114,124,141,157,157,190,190,365,392,392,392],"floor_reached":10,"language":"DEU","playtime":244,"items_purged":[],"score":68,"play_id":"27ff33a7-9f89-4854-81b4-8354dd230bd4","local_time":"20210211083226","is_ascension_mode":false,"campfire_choices":[{"data":"Echo Form","floor":7,"key":"SMITH"}],"circlet_count":0,"master_deck":["Strike_B","Strike_B","Strike_B","Strike_B","Defend_B","Defend_B","Defend_B","Defend_B","Zap","Dualcast","Streamline","Redo","Sweeping Beam","Go for the Eyes","Glacier","Echo Form+1","Doubt"],"relics":["Cracked Core","Juzu Bracelet","Strawberry"],"acts_visited":["Exordium"],"potions_floor_usage":[10,10],"damage_taken":[{"damage":0,"enemies":"Small Slimes","floor":1,"turns":4},{"damage":1,"enemies":"Cultist","floor":2,"turns":3},{"damage":6,"enemies":"Jaw Worm","floor":3,"turns":2},{"damage":9,"enemies":"Blue Slaver","floor":4,"turns":4},{"damage":44,"enemies":"Lagavulin","floor":6,"turns":9},{"damage":22,"enemies":"3 Sentries","floor":10,"turns":6}],"seed_played":"286411959369450348","potions_obtained":[{"floor":3,"key":"LiquidMemories"},{"floor":4,"key":"EssenceOfSteel"}],"is_trial":false,"path_per_floor":["M","M","M","M","?","E","R","?","T","E"],"character_chosen":"DEFECT","items_purchased":[],"campfire_rested":0,"item_purchase_floors":[],"current_hp_per_floor":[75,74,68,59,59,15,15,15,22,0,0],"gold":392,"neow_bonus":"THREE_CARDS","is_daily":false,"chose_seed":false,"campfire_upgraded":1,"win_rate":0.0,"timestamp":1613028746,"path_taken":["M","M","M","M","?","E","R","?","T","E"],"items_purchased_type":[],"build_version":"2020-12-22","purchased_purges":0,"victory":false,"max_hp_per_floor":[75,75,75,75,75,75,75,75,82,82,82],"relic_stats":{"counters":[6,28],"Juzu Bracelet":1,"obtain_stats":[{"Strawberry":9,"Juzu Bracelet":6,"Cracked Core":0},{"Strawberry":5,"Juzu Bracelet":5,"Cracked Core":0},{"Strawberry":22,"Juzu Bracelet":22,"Cracked Core":0}]},"card_choices":[{"not_picked":["Sweeping Beam","Recycle"],"picked":"Streamline","floor":0},{"not_picked":["Streamline","Barrage"],"picked":"Redo","floor":1},{"not_picked":["Recycle","Stack"],"picked":"Sweeping Beam","floor":2},{"not_picked":["Conserve Battery","Rebound"],"picked":"Go for the Eyes","floor":3},{"not_picked":["Compile Driver","Coolheaded"],"picked":"Glacier","floor":4},{"not_picked":["Ball Lightning","Reboot"],"picked":"Echo Form","floor":6}],"player_experience":432026,"relics_obtained":[{"floor":6,"key":"Juzu Bracelet"},{"floor":9,"key":"Strawberry"}],"event_choices":[{"damage_healed":0,"gold_gain":0,"player_choice":"Ignored","damage_taken":0,"max_hp_gain":0,"max_hp_loss":0,"event_name":"Transmorgrifier","floor":5,"gold_loss":0},{"damage_healed":0,"gold_gain":175,"player_choice":"AGREE","damage_taken":0,"max_hp_gain":0,"max_hp_loss":0,"event_name":"Liars Game","floor":8,"gold_loss":0,"cards_obtained":["Doubt"]}],"is_beta":false,"boss_relics":[],"items_purged_floors":[],"is_endless":false,"potions_floor_spawned":[3,4],"killed_by":"3 Sentries","ascension_level":0}}