{"host":"onjcd8pn3ar4eq0z","time":1613032092,"event":{"mods":["2.2 Compatiblity","AchievementEnabler","Act Like it!","Aspiration","BaseMod","Bestiary","Better Note","Better Third Choice","BetterRewards","CapriCore","ChefMod","Colored Map","Colored Powertips","Conspire","Curses Come First","Downfall","Friendly Minions","Gensokyo","GifTheSpireLib","Gremlin Mod","Hallownest","Hermit","Highlight Path","Hubris","Infinite Spire","Jorbs\u0027s Wanderer Trilogy","Koishi","Lobotomy","LobotomyExtend","Marisa????????","Mimic Mod","Minty Spire (QoL Compilation)","Pale of the Ancients","Potionbrewer","Practice Mode","Relic Sorter","Reliquary","Remilia??????","Replay The Spire","Shop Mod","Spicy Shops","StSLib","Synergy Search","The Animator","The Blue Laboratory","The Bug Knight","The Construct","The Cursed","The Disciple","The Gatherer","The Hierophant","The Immortal","The Mystic","The Necromancer","The Runesmith","The Sage","The Servant 0.9.4","TheBandit","TheSwordswoman","Waifu the Spire","Wandering Minibosses","Yuyuko","noobMod"],"gold_per_floor":[410,410,420,45,71,71,99,140,163,193,213,248,296,296,296,413,413,427,52,64,2,25,79,79,98,98,98,132,150,150,162,162,261,261,293,303,11,46,48,83,83,111,138,138,171,171,199,213,213,213,213,213,50,84,90],"floor_reached":56,"language":"ENG","playtime":7164,"items_purged":["Decay"],"score":1694,"play_id":"9e345120-66f4-4a7f-b387-8ef26466a2bd","local_time":"20210211022812","is_ascension_mode":false,"campfire_choices":[{"floor":6,"key":"RECALL"},{"data":"Replay:BasicMightCard","floor":27,"key":"SMITH"},{"data":"Secret Weapon","floor":32,"key":"SMITH"},{"floor":41,"key":"REST"},{"data":"MaximisePower","floor":46,"key":"SMITH"},{"data":"BigCrunch","floor":52,"key":"SMITH"}],"circlet_count":0,"master_deck":["Strike_MRS","Strike_MRS","Strike_MRS","Strike_MRS","Defend_MRS","Defend_MRS","Defend_MRS","Defend_MRS+1","MasterSpark","UpSweep","Gremlin:Strike","MysteriousBeam","LuminesStrike","WitchOfGreed","MilkyWay+1","EarthLightRay+1","NonDirectionalLaser+1","6A+1","SprinkleStarSeal+1","GravityBeat+1","MachineGunSpark+1","JA+1","SporeBomb+1","ShootingEcho+1","Replay:BasicMightCard+1","Secret Weapon+1","MagicAbsorber","AsteroidBelt+1","BigCrunch+1","Defy+1","PulseMagic","EarthLightRay+1","WitchLeyline+1","6A+1","FinalSpark+1","IllusionStar+1","UnstableBomb+1","MachineGunSpark+1","MachineGunSpark+1","StarBarrage+1","Orbital+1","LuminesStrike+1","IllusionStar+1","Parasite","Parasite","MaximisePower+1","Occultation+1","MagicAbsorber+1","ShootTheMoon+1","ReplayTheSpireMod:IOU","JA+1","ReplayTheSpireMod:IOU","CollectingQuirk+1","ReplayTheSpireMod:IOU","ReplayTheSpireMod:IOU","Secret Technique+1","Robbery+1","hubris:DuctTapeCard"],"relics":["MiniHakkero","Replay:Wax Seal","ice","LetterFromLob","MerchantsRug","reliquary:Stiletto","Molten Egg 2","Snack Pack","Moonlight_r","MagicBullet_r","Busted Crown","bronze:MakeshiftBattery","aspiration:MobileForge","Membership Card","reliquary:Firecrackers","Pantograph","infinitespire:Midas Blood","War Paint","WingedGreaves","Oddly Smooth Stone","Black Star","Blue Doll","DollysMirror","reliquary:Boomerang","Replay:Rubber Ducky","ShroomBag","Bag of Preparation","MealTicket","aspiration:FetidBarrel","aspiration:Lifesprig","hubris:DeckOfHolding","hubris:BottledRain","Golden Egg","conspire:GiftBox","hubris:CrystalStatue","Pocketwatch","hubris:DuctTape"],"acts_visited":["Exordium","TheCity","TheBeyond","TheEnding"],"potions_floor_usage":[8,8,12,13,33,33,33,50,50,50,55],"damage_taken":[{"damage":2,"enemies":"2 Louse","floor":1,"turns":3},{"damage":0,"enemies":"2 Louse","floor":2,"turns":4},{"damage":1,"enemies":"Jaw Worm","floor":3,"turns":3},{"damage":0,"enemies":"conspire:RoseBush","floor":5,"turns":3},{"damage":16,"enemies":"Large Slime","floor":7,"turns":4},{"damage":7,"enemies":"3 Sentries","floor":8,"turns":5},{"damage":12,"enemies":"Blue Slaver","floor":10,"turns":3},{"damage":5,"enemies":"Exordium Wildlife","floor":11,"turns":2},{"damage":8,"enemies":"Gremlin Gang","floor":12,"turns":3},{"damage":0,"enemies":"Replay:BlueRogue","floor":13,"turns":4},{"damage":34,"enemies":"The Guardian","floor":16,"turns":10},{"damage":0,"enemies":"Shell Parasite","floor":18,"turns":1},{"damage":0,"enemies":"3 Byrds","floor":20,"turns":3},{"damage":21,"enemies":"Centurion and Healer","floor":22,"turns":3},{"damage":0,"enemies":"Replay:Snechameleon","floor":23,"turns":4},{"damage":0,"enemies":"Cultist and Chosen","floor":25,"turns":2},{"damage":20,"enemies":"Gremlin Leader","floor":28,"turns":2},{"damage":0,"enemies":"Sentry and Sphere","floor":29,"turns":2},{"damage":0,"enemies":"Centurion and Healer","floor":31,"turns":1},{"damage":0,"enemies":"Collector","floor":33,"turns":3},{"damage":0,"enemies":"3 Shapes","floor":35,"turns":2},{"damage":0,"enemies":"Orb Walker","floor":36,"turns":2},{"damage":0,"enemies":"Transient","floor":38,"turns":5},{"damage":20,"enemies":"Nemesis","floor":40,"turns":1},{"damage":9,"enemies":"Giant Head","floor":42,"turns":2},{"damage":1,"enemies":"Nightmare","floor":45,"turns":3},{"damage":0,"enemies":"HollowMod:StalkingDevout","floor":47,"turns":1},{"damage":0,"enemies":"3 Darklings","floor":48,"turns":1},{"damage":0,"enemies":"Awakened One","floor":50,"turns":3},{"damage":16,"enemies":"Shield and Spear","floor":54,"turns":2},{"damage":22,"enemies":"The Heart","floor":55,"turns":3}],"seed_played":"9106918878846295319","potions_obtained":[{"floor":2,"key":"potionbrewer:EndurancePotion"},{"floor":5,"key":"PowerPotion"},{"floor":5,"key":"blueLaboratory:AbyssPotion"},{"floor":7,"key":"blueLaboratory:BottledHope"},{"floor":8,"key":"LiquidBronze"},{"floor":10,"key":"Explosive Potion"},{"floor":10,"key":"DistilledChaos"},{"floor":12,"key":"potionbrewer:EndurancePotion"},{"floor":13,"key":"Swift Potion"},{"floor":16,"key":"blueLaboratory:ImpenetrablePotion"},{"floor":35,"key":"blueLaboratory:BottleOfVodka"},{"floor":38,"key":"potionbrewer:HastePotion"},{"floor":40,"key":"potionbrewer:SplittingPotion"},{"floor":54,"key":"blueLaboratory:BubblePotion"}],"is_trial":false,"path_per_floor":["M","?","M","$","M","R","M","E","T","M","M","M","E","M","R_BF","B",null,"M","$","M","?","M","E","?","M","T","R","E","M","AVR","M","R","B",null,"M","M","$","M","?","E","R","E","T","?","NM","R","E","M","R_BF","B",null,"R","$","E","B",null],"character_chosen":"MARISA","items_purchased":["MerchantsRug","WitchOfGreed","reliquary:Stiletto","MilkyWay","Membership Card","Replay:Wax Seal","reliquary:Firecrackers","Pantograph","ShootingEcho+1","Replay:BasicMightCard","Secret Weapon","Blue Doll","MachineGunSpark+1","DollysMirror","StarBarrage+1","Orbital+1","Golden Egg","conspire:GiftBox","CollectingQuirk+1","hubris:CrystalStatue","Secret Technique"],"campfire_rested":1,"item_purchase_floors":[4,4,4,4,19,19,19,19,19,19,19,37,37,37,37,37,53,53,53,53,53],"current_hp_per_floor":[73,73,72,72,72,72,59,56,56,48,47,39,39,17,39,19,75,75,75,75,75,56,66,66,70,70,70,62,64,64,68,68,75,75,75,75,75,75,57,39,61,56,56,56,65,65,73,75,75,75,75,75,75,65,75],"gold":90,"neow_bonus":"ONE_RARE_RELIC","is_daily":false,"chose_seed":false,"campfire_upgraded":4,"win_rate":0.0,"timestamp":1613032092,"path_taken":["M","?","M","$","M","R","M","E","T","M","M","M","E","M","R_BF","BOSS","M","$","M","?","M","E","?","M","T","R","E","M","AVR","M","R","BOSS","M","M","$","M","?","E","R","E","T","?","NM","R","E","?","R_BF","BOSS","R","$","E","BOSS"],"items_purchased_type":["Relic","Card","Relic","Card","Relic","Relic","Relic","Relic","Card","Card","Card","Relic","Card","Relic","Card","Card","Relic","Relic","Card","Relic","Card"],"build_version":"2020-12-22","purchased_purges":1,"victory":true,"max_hp_per_floor":[75,75,75,75,75,75,75,75,75,75,75,75,75,75,75,75,75,75,75,75,75,75,75,75,75,75,75,75,75,75,75,75,75,75,75,75,75,75,75,75,75,75,75,75,75,75,75,75,75,75,75,75,75,75,75],"card_choices":[{"not_picked":["GrandCross","ShootingEcho"],"picked":"MysteriousBeam","floor":1},{"not_picked":["MagicAbsorber","DarkMatter"],"picked":"LuminesStrike","floor":3},{"not_picked":["GrandCross","PowerUp"],"picked":"EarthLightRay","floor":5},{"not_picked":["AsteroidBelt","EnergyFlow"],"picked":"NonDirectionalLaser","floor":7},{"not_picked":["OrrerysSun","ManaRampage"],"picked":"6A+1","floor":8},{"not_picked":["WitchLeyline+1","ManaConvection"],"picked":"SprinkleStarSeal","floor":10},{"not_picked":["DoubleSpark+1","ManaConvection"],"picked":"GravityBeat+1","floor":11},{"not_picked":["BlazeAway","IllusionStar"],"picked":"DC+1","floor":12},{"not_picked":["OpenUniverse","ShootTheMoon+1"],"picked":"MachineGunSpark+1","floor":13},{"not_picked":["AbsoluteMagnitude+1","MaximisePower"],"picked":"JA+1","floor":16},{"not_picked":[],"picked":"SporeBomb","floor":18},{"not_picked":[],"picked":"MagicAbsorber","floor":20},{"not_picked":[],"picked":"AsteroidBelt+1","floor":22},{"not_picked":[],"picked":"BigCrunch","floor":23},{"not_picked":[],"picked":"PulseMagic","floor":25},{"not_picked":[],"picked":"EarthLightRay+1","floor":28},{"not_picked":[],"picked":"WitchLeyline+1","floor":29},{"not_picked":[],"picked":"6A+1","floor":31},{"not_picked":[],"picked":"FinalSpark+1","floor":33},{"not_picked":[],"picked":"IllusionStar+1","floor":35},{"not_picked":[],"picked":"UnstableBomb+1","floor":36},{"not_picked":[],"picked":"LuminesStrike+1","floor":38},{"not_picked":["infinitespire:SevenWalls","ReplayTheSpireMod:Haul"],"picked":"infinitespire:Punishment","floor":39},{"not_picked":[],"picked":"IllusionStar+1","floor":40},{"not_picked":[],"picked":"MaximisePower","floor":42},{"not_picked":[],"picked":"Occultation+1","floor":45},{"not_picked":[],"picked":"MagicAbsorber+1","floor":47},{"not_picked":[],"picked":"ShootTheMoon+1","floor":48},{"not_picked":[],"picked":"JA+1","floor":53},{"not_picked":[],"picked":"Robbery+1","floor":54}],"player_experience":553231,"relics_obtained":[{"floor":1,"key":"LetterFromLob"},{"floor":8,"key":"Molten Egg 2"},{"floor":13,"key":"Snack Pack"},{"floor":23,"key":"War Paint"},{"floor":26,"key":"WingedGreaves"},{"floor":28,"key":"Oddly Smooth Stone"},{"floor":40,"key":"reliquary:Boomerang"},{"floor":40,"key":"Replay:Rubber Ducky"},{"floor":42,"key":"ShroomBag"},{"floor":42,"key":"Bag of Preparation"},{"floor":43,"key":"MealTicket"},{"floor":45,"key":"aspiration:FetidBarrel"},{"floor":45,"key":"aspiration:Lifesprig"},{"floor":47,"key":"hubris:DeckOfHolding"},{"floor":47,"key":"hubris:BottledRain"},{"floor":54,"key":"Pocketwatch"},{"floor":54,"key":"hubris:DuctTape"}],"event_choices":[{"damage_healed":0,"gold_gain":0,"player_choice":"Paid Gold","damage_taken":0,"relics_obtained":["infinitespire:Midas Blood"],"max_hp_gain":0,"max_hp_loss":0,"event_name":"WeMeetAgain","floor":21,"gold_loss":62},{"cards_removed":["JA"],"damage_healed":0,"gold_gain":0,"player_choice":"Take \u0026 Give","damage_taken":0,"max_hp_gain":0,"max_hp_loss":0,"event_name":"betterNote:BetterNote","floor":24,"gold_loss":0,"cards_obtained":["Defy"]},{"cards_removed":["mysticmod:Strike_Mystic"],"damage_healed":0,"gold_gain":0,"player_choice":"Offered Basic","damage_taken":0,"max_hp_gain":0,"max_hp_loss":0,"event_name":"Bonfire Elementals","floor":44,"gold_loss":0}],"is_beta":false,"boss_relics":[{"not_picked":["aspiration:WatcherSkillbook","Replay:Bronze Core"],"picked":"Replay:Grab Bag"},{"not_picked":["hubris:CrackedHourglass","Velvet Choker"],"picked":"Busted Crown"},{"not_picked":["conspire:SeveredTorchhead","Abe\u0027s Treasure"],"picked":"bronze:MakeshiftBattery"},{"not_picked":["hubris:HollowSoul","Kintsugi"],"picked":"aspiration:MobileForge"},{"not_picked":["SacredBark","hubris:BlackHole"],"picked":"Black Star"}],"items_purged_floors":[19],"is_endless":false,"potions_floor_spawned":[2,5,10,11,12,13,16,25,28,29,31,40,48,54],"ascension_level":0}}