{"host":"Tonhão","time":1613010960,"event":{"mods":["Aspiration","BaseMod","Better Third Choice","Conspire","Downfall","Friendly Minions","Halation","Hermit","Highlight Path","Hubris","Infinite Spire","Jedi Mod","Minty Spire (QoL Compilation)","Relic Sorter","Reliquary","Replay The Spire","Spicy Shops","StSLib","The Animator","The Construct","The Cursed","The Jester","The Senshi","The Servant 0.9.4"],"gold_per_floor":[111,111,111,111,122,147,147,162,207,73,73,91,110,136,136,239,239,256,6,22,22,42,42,56,74,101,130,130,54,54,54,54],"floor_reached":31,"language":"ENG","playtime":1220,"items_purged":[],"score":292,"play_id":"294a75fa-bd70-4c81-a63b-4ccfeb921bf9","local_time":"20210210233600","is_ascension_mode":true,"campfire_choices":[{"data":"Bash","floor":7,"key":"SMITH"},{"data":"Replay:Undeath\u0027s Touch","floor":15,"key":"SMITH"},{"floor":23,"key":"REST"},{"floor":30,"key":"REST"}],"circlet_count":0,"master_deck":["Strike_R","Strike_R","Strike_R","Defend_R","Defend_R","Defend_R","Defend_R","Bash+1","Spot Weakness","Exhume","Run Through","Replay:Undeath\u0027s Touch+1","Sword Boomerang","Berserk","GremboGang","Seeing Red+1","hubris:StunningStrike","Reaper"],"relics":["Burning Blood","aspiration:Nostalgia","animator:TheMissingPiece","Bronze Scales","hubris:TenFootPole","hubris:ChampionShield","TungstenRod","Torii","conspire:RunicOctahedron","halation:Pancakes","White Beast Statue","bronze:BronzeIdol"],"acts_visited":["Exordium","TheCity"],"potions_floor_usage":[6,6,14,18,25,27],"damage_taken":[{"damage":4,"enemies":"2 Louse","floor":1,"turns":3},{"damage":4,"enemies":"Jaw Worm","floor":5,"turns":5},{"damage":3,"enemies":"Replay:BlueRogue","floor":6,"turns":4},{"damage":3,"enemies":"Small Slimes","floor":8,"turns":3},{"damage":25,"enemies":"Exordium Thugs","floor":12,"turns":4},{"damage":0,"enemies":"Large Slime","floor":13,"turns":6},{"damage":7,"enemies":"Gremlin Nob","floor":14,"turns":3},{"damage":21,"enemies":"The Guardian","floor":16,"turns":10},{"damage":16,"enemies":"Chosen","floor":18,"turns":4},{"damage":11,"enemies":"conspire:FuzzyDice","floor":20,"turns":4},{"damage":48,"enemies":"Shelled Parasite and Fungi","floor":22,"turns":4},{"damage":7,"enemies":"Cultist and Chosen","floor":24,"turns":5},{"damage":26,"enemies":"Chosen and Byrds","floor":25,"turns":5},{"damage":35,"enemies":"Book of Stabbing","floor":27,"turns":5},{"damage":69,"enemies":"Centurion and Healer","floor":31,"turns":10}],"seed_played":"3398094520465392865","potions_obtained":[{"floor":1,"key":"champ:CounterPotion"},{"floor":5,"key":"sneckomod:MuddlingPotion"},{"floor":13,"key":"sneckomod:MuddlingPotion"},{"floor":16,"key":"champ:CounterPotion"},{"floor":22,"key":"SpeedPotion"},{"floor":24,"key":"LiquidMemories"}],"is_trial":false,"path_per_floor":["M","?","T","?","M","E","R","M","T","?","$","M","M","E","R","B",null,"M","?","M","?","M","R","M","M","T","E","?","$","R","M"],"character_chosen":"IRONCLAD","items_purchased":["bronze:BronzeIdol"],"campfire_rested":2,"item_purchase_floors":[29],"current_hp_per_floor":[80,73,73,73,75,78,78,80,80,80,80,61,67,66,66,51,80,70,70,65,62,20,44,43,23,65,36,36,36,60,0,0],"gold":54,"neow_bonus":"NOSTALGIA","is_daily":false,"chose_seed":false,"campfire_upgraded":2,"win_rate":0.0,"timestamp":1613010960,"path_taken":["M","?","?","?","?","E","R","M","T","?","$","?","M","E","R","BOSS","M","?","M","?","?","R","M","M","T","E","?","$","R","M"],"items_purchased_type":["Relic"],"build_version":"2020-11-17","purchased_purges":0,"victory":false,"max_hp_per_floor":[80,80,80,80,80,80,80,80,80,80,80,80,80,80,80,80,80,80,80,80,80,80,80,80,80,80,80,80,80,80,80,80],"card_choices":[{"not_picked":["Burning Pact","jedi:controlledanger"],"picked":"Spot Weakness","floor":1},{"not_picked":["conspire:ExplosiveBarrier","Body Slam","True Grit"],"picked":"SKIP","floor":5},{"not_picked":["Heavy Blade","Cleave"],"picked":"Run Through","floor":6},{"not_picked":["Shockwave","Iron Wave"],"picked":"Replay:Undeath\u0027s Touch","floor":12},{"not_picked":["Havoc","Fire Breathing","Wild Strike"],"picked":"SKIP","floor":13},{"not_picked":["Demonic Infusion","hubris:ReadiedAction"],"picked":"Sword Boomerang","floor":14},{"not_picked":["Limit Break","conspire:HitWhereItHurts"],"picked":"Berserk","floor":16},{"not_picked":["Body Slam","Twin Strike+1"],"picked":"Seeing Red+1","floor":20},{"not_picked":["conspire:Charge","Sword Boomerang","Inflame+1"],"picked":"SKIP","floor":22},{"not_picked":["jedi:hate","ReplayTheSpireMod:Strike From Hell"],"picked":"hubris:StunningStrike","floor":24},{"not_picked":["ReplayTheSpireMod:Limb From Limb","Disarm"],"picked":"Reaper","floor":27}],"player_experience":148683,"relics_obtained":[{"floor":3,"key":"Bronze Scales"},{"floor":6,"key":"hubris:TenFootPole"},{"floor":9,"key":"hubris:ChampionShield"},{"floor":14,"key":"Torii"},{"floor":26,"key":"halation:Pancakes"},{"floor":27,"key":"White Beast Statue"}],"event_choices":[{"cards_removed":["Strike_R"],"damage_healed":0,"gold_gain":0,"player_choice":"Card Removal","damage_taken":7,"max_hp_gain":0,"max_hp_loss":0,"event_name":"Golden Wing","floor":2,"gold_loss":0},{"damage_healed":0,"gold_gain":0,"cards_transformed":["Strike_R"],"player_choice":"Transformed","damage_taken":0,"max_hp_gain":0,"max_hp_loss":0,"event_name":"Transmorgrifier","floor":4,"gold_loss":0,"cards_obtained":["Exhume"]},{"damage_healed":0,"gold_gain":0,"player_choice":"Paid Gold","damage_taken":0,"relics_obtained":["TungstenRod"],"max_hp_gain":0,"max_hp_loss":0,"event_name":"WeMeetAgain","floor":10,"gold_loss":134},{"damage_healed":0,"gold_gain":0,"player_choice":"Damaged","damage_taken":8,"max_hp_gain":0,"max_hp_loss":0,"event_name":"Wheel of Change","floor":21,"gold_loss":0},{"damage_healed":0,"gold_gain":0,"player_choice":"Leave","damage_taken":0,"max_hp_gain":0,"max_hp_loss":0,"event_name":"conspire:Investor","floor":28,"gold_loss":0}],"is_beta":true,"boss_relics":[{"not_picked":["aspiration:FutureDiary","Ectoplasm"],"picked":"conspire:RunicOctahedron"}],"items_purged_floors":[],"is_endless":false,"potions_floor_spawned":[1,5,13,16,22,24],"killed_by":"Centurion and Healer","ascension_level":2}}