{"host":"zdcz0a6aak4rnx0s","time":1613077112,"event":{"mods":["AchievementEnabler","BaseMod","Colored Map","Colored Powertips","Minty Spire (QoL Compilation)","StSLib"],"gold_per_floor":[117,129,142,67,67,101,101,125,125,140,140,160,172,190,190,267,267,225,237,209,52,52,52,85,85,85],"floor_reached":25,"language":"ENG","playtime":1937,"items_purged":["Strike_R","Strike_R"],"score":424,"play_id":"c58353ed-8117-403b-8d68-60c96694c624","local_time":"20210211145832","is_ascension_mode":true,"campfire_choices":[{"data":"Searing Blow","floor":7.0,"key":"SMITH"},{"floor":11.0,"key":"REST"},{"floor":15.0,"key":"REST"},{"data":"Armaments","floor":23,"key":"SMITH"}],"circlet_count":0,"master_deck":["AscendersBane","Strike_R","Strike_R","Strike_R","Defend_R","Defend_R","Defend_R","Defend_R","Bash","Iron Wave","Sever Soul","Flame Barrier","Searing Blow+1","Power Through","Fire Breathing","Double Tap","Dark Embrace+1","Armaments+1","Disarm"],"relics":["Burning Blood","Pen Nib","Blood Vial","Blue Candle","Mark of Pain","Singing Bowl"],"acts_visited":["Exordium","TheCity"],"potions_floor_usage":[24,25],"damage_taken":[{"damage":2.0,"enemies":"Jaw Worm","floor":1.0,"turns":5.0},{"damage":1.0,"enemies":"Cultist","floor":2.0,"turns":3.0},{"damage":1.0,"enemies":"2 Louse","floor":3.0,"turns":3.0},{"damage":45.0,"enemies":"3 Sentries","floor":6.0,"turns":10.0},{"damage":26.0,"enemies":"Exordium Thugs","floor":10.0,"turns":10.0},{"damage":23.0,"enemies":"Large Slime","floor":12.0,"turns":5.0},{"damage":8.0,"enemies":"Red Slaver","floor":13.0,"turns":3.0},{"damage":2.0,"enemies":"2 Fungi Beasts","floor":14.0,"turns":5.0},{"damage":30.0,"enemies":"Hexaghost","floor":16.0,"turns":12.0},{"damage":3.0,"enemies":"2 Thieves","floor":18.0,"turns":5.0},{"damage":19,"enemies":"3 Byrds","floor":19,"turns":5},{"damage":69,"enemies":"Slavers","floor":24,"turns":6},{"damage":17,"enemies":"Snake Plant","floor":25,"turns":2}],"seed_played":"3737331783468001280","potions_obtained":[{"floor":1.0,"key":"Swift Potion"},{"floor":2.0,"key":"SpeedPotion"},{"floor":12.0,"key":"AttackPotion"},{"floor":16.0,"key":"SkillPotion"},{"floor":24,"key":"SpeedPotion"}],"is_trial":false,"path_per_floor":["M","M","M","$","?","E","R","T","T","M","R","M","M","M","R","B",null,"M","M","$","$","?","R","E","M"],"character_chosen":"IRONCLAD","items_purchased":["Armaments","Dexterity Potion"],"campfire_rested":2,"item_purchase_floors":[20,21],"current_hp_per_floor":[72,75,75,75,75,36,36,36,36,18,40,25,25,31,53,31,64,69,58,58,58,75,75,12,0,0],"gold":85,"neow_bonus":"THREE_CARDS","is_daily":false,"chose_seed":false,"campfire_upgraded":2,"win_rate":0.0,"timestamp":1613077112,"path_taken":["M","M","M","$","?","E","R","?","T","M","R","?","M","M","R","BOSS","M","M","?","$","?","R","E","M"],"items_purchased_type":["Card","Potion"],"build_version":"2020-12-22","purchased_purges":2,"victory":false,"max_hp_per_floor":[75,75,75,75,75,75,75,75,75,75,75,75,75,75,75,75,75,75,75,75,75,75,75,75,75,75],"card_choices":[{"not_picked":["Dropkick","Anger"],"picked":"Iron Wave","floor":0.0},{"not_picked":["Hemokinesis","Anger"],"picked":"Sever Soul","floor":1.0},{"not_picked":["Iron Wave","Flex"],"picked":"Flame Barrier","floor":2.0},{"not_picked":["True Grit","Armaments"],"picked":"Searing Blow","floor":3.0},{"not_picked":["Warcry","Wild Strike"],"picked":"Power Through","floor":6.0},{"not_picked":["Pummel","Anger","Perfected Strike"],"picked":"SKIP","floor":10.0},{"not_picked":["Warcry","Thunderclap","Rampage"],"picked":"SKIP","floor":12.0},{"not_picked":["Iron Wave","Seeing Red"],"picked":"Fire Breathing","floor":13.0},{"not_picked":["Havoc","Thunderclap","Clash"],"picked":"SKIP","floor":14.0},{"not_picked":["Immolate","Reaper"],"picked":"Double Tap","floor":16.0},{"not_picked":["Uppercut","Flex"],"picked":"Battle Trance","floor":18.0},{"not_picked":["Warcry","Iron Wave"],"picked":"Dark Embrace+1","floor":19},{"not_picked":["Iron Wave","Combust"],"picked":"Disarm","floor":24}],"player_experience":1015827,"relics_obtained":[{"floor":6.0,"key":"Pen Nib"},{"floor":8.0,"key":"Blood Vial"},{"floor":9.0,"key":"Blue Candle"},{"floor":24,"key":"Singing Bowl"}],"event_choices":[{"damage_healed":0.0,"max_hp_gain":0.0,"max_hp_loss":0.0,"gold_gain":0.0,"event_name":"The Cleric","player_choice":"Leave","floor":5.0,"gold_loss":0.0,"damage_taken":0.0},{"cards_removed":["Battle Trance"],"damage_healed":17,"gold_gain":0,"player_choice":"Offered Uncommon","damage_taken":0,"max_hp_gain":0,"max_hp_loss":0,"event_name":"Bonfire Elementals","floor":22,"gold_loss":0}],"is_beta":false,"boss_relics":[{"not_picked":["Tiny House","Snecko Eye"],"picked":"Mark of Pain"}],"items_purged_floors":[4,21],"is_endless":false,"potions_floor_spawned":[1,2,12,16,24],"killed_by":"Snake Plant","ascension_level":18}}