{"host":"u6v0z43xi4vbzvq3","time":1613070466,"event":{"mods":["AchievementEnabler","BaseMod","BetterRewards","Colored Map","Conspire","Downfall","Googly Eyes","Hermit","Hubris","Infinite Spire","Minty Spire (QoL Compilation)","Quick Restart","Rare Cards Sparkle","Replay The Spire","Shop Mod","StSLib","SuperFastMode","The Construct"],"gold_per_floor":[117,117,117,132,132,132,158,168,168,203,214,163,79,98,98,202,302,315,315,329,329,329,329,345,345,345,378,378,378,388,444,444,539,539,554,554,570,570,262,262,273,273,298,298,298,324,341,394,394,394],"floor_reached":51,"language":"ENG","playtime":2384,"items_purged":["Sickly","downfall:Icky"],"score":826,"play_id":"092fb9b5-12c9-4386-8c13-07b24b3dd6c7","local_time":"20210212060746","is_ascension_mode":false,"campfire_choices":[{"data":"hermit:Desperado","floor":6.0,"key":"SMITH"},{"floor":15.0,"key":"REST"},{"data":"infinitespire:SevenWalls","floor":23.0,"key":"SMITH"},{"floor":29.0,"key":"REST"},{"floor":32.0,"key":"REST"},{"floor":40,"key":"REST"},{"floor":42,"key":"REST"},{"floor":49,"key":"REST"}],"circlet_count":0,"master_deck":["hermit:Strike_Hermit+1","hermit:Strike_Hermit+1","hermit:Strike_Hermit+1","hermit:Strike_Hermit+1","hermit:Defend_Hermit+1","hermit:Defend_Hermit+1","hermit:Defend_Hermit+1","hermit:Defend_Hermit+1","hermit:Snapshot","hermit:Covet","hermit:Desperado+1","Decay","infinitespire:SevenWalls+1","hermit:Feint","hermit:GhostlyPresence","hermit:Glare","hermit:FatalDesire","hermit:ShadowCloak+1","conspire:Banana","hermit:Desperado+1","hermit:Glare","hermit:GoldenBullet","hermit:Deadeye+1","hermit:FlashPowder","hermit:TakeCover","hermit:Spite","hermit:Quickdraw","hermit:Dive+1","hermit:Ricochet","hermit:ItchyTrigger+1","hermit:HighNoon+1","conspire:NecroticWound","Writhe","hermit:FlashPowder","hermit:Quickdraw+1","hermit:Vantage+1","hermit:Quickdraw+1","hermit:Deadeye+1","hermit:Manifest+1","hermit:Determination+1"],"relics":["hermit:Momento","NeowsBlessing","hubris:MedicalManual","Orichalcum","Garlic","Dream Catcher","Replay:Wanted Poster","Kunai","Replay:Blank Codex","Anchor","Pen Nib","The Courier","Mummified Hand","Replay:Ancient Bell","Tiny Chest","conspire:Dentures","hubris:GlazedTorus","hubris:Towel","Gremlin Food","hubris:TenFootPole","Oddly Smooth Stone","conspire:TopHat","Strawberry","hubris:Teleporter"],"acts_visited":["Exordium","TheCity","TheBeyond"],"potions_floor_usage":[41,41],"damage_taken":[{"damage":0.0,"enemies":"Small Slimes","floor":1.0,"turns":1.0},{"damage":0.0,"enemies":"2 Louse","floor":4.0,"turns":2.0},{"damage":0.0,"enemies":"Gremlin Nob","floor":7.0,"turns":1.0},{"damage":2.0,"enemies":"Jaw Worm","floor":8.0,"turns":3.0},{"damage":12.0,"enemies":"3 Sentries","floor":10.0,"turns":9.0},{"damage":9.0,"enemies":"Exordium Thugs","floor":11.0,"turns":5.0},{"damage":0.0,"enemies":"Large Slime","floor":14.0,"turns":2.0},{"damage":24.0,"enemies":"Slime Boss","floor":16.0,"turns":7.0},{"damage":12.0,"enemies":"2 Thieves","floor":18.0,"turns":4.0},{"damage":14.0,"enemies":"Spheric Guardian","floor":20.0,"turns":5.0},{"damage":0.0,"enemies":"Cultist and Chosen","floor":24.0,"turns":8.0},{"damage":0.0,"enemies":"Slavers","floor":27.0,"turns":9.0},{"damage":0.0,"enemies":"Shelled Parasite and Fungi","floor":30.0,"turns":5.0},{"damage":11.0,"enemies":"Collector","floor":33.0,"turns":8.0},{"damage":6.0,"enemies":"Orb Walker","floor":35.0,"turns":3.0},{"damage":21,"enemies":"3 Darklings","floor":37,"turns":6},{"damage":14,"enemies":"Spire Growth","floor":41,"turns":5},{"damage":25,"enemies":"Nemesis","floor":46,"turns":7},{"damage":15,"enemies":"Maw","floor":47,"turns":10},{"damage":11,"enemies":"2 Orb Walkers","floor":48,"turns":7},{"damage":24,"enemies":"Awakened One","floor":50,"turns":15}],"seed_played":"-4484718867573202659","potions_obtained":[{"floor":1.0,"key":"construct:ShiftPotion"},{"floor":4.0,"key":"Death Potion"},{"floor":14.0,"key":"FearPotion"},{"floor":18.0,"key":"Swift Potion"},{"floor":24.0,"key":"Explosive Potion"},{"floor":30.0,"key":"GamblersBrew"},{"floor":37,"key":"sneckomod:MuddlingPotion"}],"is_trial":false,"path_per_floor":["M","?","?","M","?","R","E","M","T","E","M","$","$","M","R","B",null,"M","$","M","?","?","R","M","?","T","E","AVR","R","M","?","R_BF","B",null,"M","?","M","?","$","R","M","R","T","?","T","E","M","?","R","B",null],"character_chosen":"HERMIT","items_purchased":["hermit:ShadowCloak+1","conspire:Banana","Gremlin Food","hubris:TenFootPole"],"campfire_rested":6,"item_purchase_floors":[12,13,39,39],"current_hp_per_floor":[75,75,75,75,75,75,75,73,73,61,52,52,52,52,74,51,76,65,65,51,51,51,51,52,36,36,37,37,60,61,41,65,55,81,75,78,58,58,58,83,70,86,86,86,86,69,55,45,73,50],"gold":394,"neow_bonus":"THREE_ENEMY_KILL","is_daily":false,"chose_seed":false,"campfire_upgraded":2,"win_rate":0.0,"timestamp":1613070466,"path_taken":["M","?","?","M","?","R","E","M","T","E","M","?","$","M","R","BOSS","M","$","M","?","?","R","M","?","T","E","AVR","R","M","?","R_BF","BOSS","M","?","M","?","$","R","M","R","T","?","?","E","?","?","R","BOSS"],"items_purchased_type":["Card","Card","Relic","Relic"],"build_version":"2020-12-22","purchased_purges":2,"victory":true,"max_hp_per_floor":[75,75,75,75,75,75,75,75,75,75,75,75,75,75,75,76,76,77,77,77,77,77,77,78,78,78,79,79,79,80,80,80,81,81,81,84,85,85,85,85,86,86,86,86,86,94,95,96,96,97],"card_choices":[{"not_picked":["hermit:TrackingShot","hermit:LowProfile"],"picked":"hermit:Desperado","floor":1.0},{"not_picked":["infinitespire:TheBestDefense","ReplayTheSpireMod:Haul"],"picked":"infinitespire:SevenWalls","floor":3.0},{"not_picked":["hermit:LoneWolf","hermit:DeadMansHand"],"picked":"hermit:Feint","floor":4.0},{"not_picked":["hermit:Dissolve","hermit:LowProfile"],"picked":"hermit:GhostlyPresence","floor":7.0},{"not_picked":["hermit:TakeAim","hermit:Vantage"],"picked":"hermit:Glare","floor":8.0},{"not_picked":["hermit:Coalescence","hermit:HighCaliber"],"picked":"hermit:FatalDesire","floor":10.0},{"not_picked":["hermit:LowProfile","hermit:Showdown","hermit:Snipe"],"picked":"SKIP","floor":11.0},{"not_picked":["hermit:Malice","hermit:CalledShot"],"picked":"hermit:Desperado","floor":14.0},{"not_picked":["hermit:Feint","hermit:Dive"],"picked":"hermit:Glare","floor":15.0},{"not_picked":["hermit:Ricochet","hermit:ShadowCloak+1"],"picked":"hermit:GoldenBullet","floor":18.0},{"not_picked":["hermit:Scavenge","hermit:WideOpen+1"],"picked":"hermit:Deadeye+1","floor":20.0},{"not_picked":["hermit:SprayPray","hermit:Glare"],"picked":"hermit:FlashPowder","floor":24.0},{"not_picked":["hermit:EyeOfTheStorm","hermit:GhostlyPresence"],"picked":"hermit:TakeCover","floor":27.0},{"not_picked":["hermit:NoHoldsBarred","hermit:Midnight"],"picked":"hermit:Spite","floor":29.0},{"not_picked":["hermit:WideOpen","hermit:Vantage"],"picked":"hermit:Quickdraw","floor":30.0},{"not_picked":["hermit:LowProfile","hermit:EyeOfTheStorm"],"picked":"hermit:Dive+1","floor":31.0},{"not_picked":["hermit:SprayPray+1","hermit:CalledShot+1"],"picked":"hermit:Ricochet","floor":31.0},{"not_picked":["hermit:HighCaliber","hermit:Snipe"],"picked":"hermit:ItchyTrigger+1","floor":32.0},{"not_picked":["hermit:FatalDesire","hermit:Adapt"],"picked":"hermit:HighNoon","floor":33.0},{"not_picked":["downfall:Aged","Looming Evil"],"picked":"conspire:NecroticWound","floor":34.0},{"not_picked":["hubris:Compulsion","Writhe"],"picked":"downfall:Icky","floor":34.0},{"not_picked":["Voices","hubris:Sloth"],"picked":"Writhe","floor":34.0},{"not_picked":["hermit:Feint+1","hermit:ShadowCloak"],"picked":"hermit:FlashPowder","floor":35.0},{"not_picked":["hermit:Coalescence","hermit:CalledShot"],"picked":"hermit:Quickdraw+1","floor":37},{"not_picked":["hermit:Maintenance+1","hermit:Headshot"],"picked":"hermit:Vantage+1","floor":40},{"not_picked":["hermit:Glare+1","hermit:DeadMansHand+1"],"picked":"hermit:SprayPray+1","floor":41},{"not_picked":["hermit:Midnight","hermit:Coalescence"],"picked":"hermit:Quickdraw+1","floor":46},{"not_picked":["hermit:SprayPray+1","hermit:LuckOfTheDraw"],"picked":"hermit:Deadeye+1","floor":47},{"not_picked":["hermit:Malice+1","hermit:Combo+1"],"picked":"hermit:Manifest","floor":48},{"not_picked":["hermit:Coalescence+1","hermit:Dissolve"],"picked":"hermit:Determination+1","floor":49}],"player_experience":143846,"relics_obtained":[{"floor":5.0,"key":"hubris:MedicalManual"},{"floor":7.0,"key":"Orichalcum"},{"floor":9.0,"key":"Garlic"},{"floor":10.0,"key":"Dream Catcher"},{"floor":25.0,"key":"Replay:Blank Codex"},{"floor":26.0,"key":"Anchor"},{"floor":27.0,"key":"Pen Nib"},{"floor":31.0,"key":"Mummified Hand"},{"floor":43,"key":"Oddly Smooth Stone"},{"floor":45,"key":"conspire:TopHat"},{"floor":46,"key":"Strawberry"},{"floor":48,"key":"hubris:Teleporter"}],"event_choices":[{"damage_healed":0.0,"max_hp_gain":0.0,"max_hp_loss":0.0,"gold_gain":0.0,"event_name":"The Cleric","player_choice":"Leave","floor":2.0,"gold_loss":0.0,"damage_taken":0.0},{"damage_healed":0.0,"max_hp_gain":0.0,"max_hp_loss":0.0,"gold_gain":0.0,"event_name":"Back to Basics","player_choice":"Simplicity","floor":21.0,"gold_loss":0.0,"damage_taken":0.0,"cards_upgraded":["hermit:Strike_Hermit","hermit:Strike_Hermit","hermit:Strike_Hermit","hermit:Strike_Hermit","hermit:Defend_Hermit","hermit:Defend_Hermit","hermit:Defend_Hermit","hermit:Defend_Hermit"]},{"damage_healed":0.0,"max_hp_gain":0.0,"max_hp_loss":0.0,"gold_gain":0.0,"event_name":"The Mausoleum","player_choice":"Opened","floor":22.0,"gold_loss":0.0,"damage_taken":0.0,"relics_obtained":["Kunai"]},{"damage_healed":0.0,"max_hp_gain":0.0,"max_hp_loss":0.0,"gold_gain":0.0,"event_name":"Cursed Tome","player_choice":"Obtained Book","floor":25.0,"gold_loss":0.0,"damage_taken":16.0},{"cards_removed":["hermit:SprayPray"],"damage_healed":0,"gold_gain":0,"player_choice":"Removed Attack","damage_taken":0,"max_hp_gain":0,"max_hp_loss":0,"event_name":"Falling","floor":44,"gold_loss":0},{"damage_healed":0,"gold_gain":0,"player_choice":"Fight","damage_taken":0,"max_hp_gain":0,"max_hp_loss":0,"event_name":"Mysterious Sphere","floor":48,"gold_loss":0}],"is_beta":false,"boss_relics":[{"not_picked":["Replay:Bronze Core","Ring of Chaos"],"picked":"Replay:Wanted Poster"},{"not_picked":["hermit:DentedPlate","Painkiller Herb"],"picked":"Replay:Ancient Bell"},{"not_picked":["infinitespire:PuzzleCube","Bag of Preparation"],"picked":"Tiny Chest"},{"not_picked":["Replay:Bottled Eggs","hermit:Spyglass"],"picked":"conspire:Dentures"},{"not_picked":["hubris:CuriousFeather","Lizard Tail"],"picked":"hubris:GlazedTorus"}],"items_purged_floors":[28,39],"is_endless":false,"potions_floor_spawned":[1,4,14,18,24,30,37,48],"ascension_level":0}}