{"host":"a1eatafr7pisesky","time":1613039096,"event":{"mods":["AchievementEnabler","BaseMod","Colored Map","Keyboard Shortcuts","Minty Spire (QoL Compilation)","Say the Spire","StSLib","SuperFastMode","everything is the same but u backflip on backflip"],"gold_per_floor":[118,118,43,43,63,95,115,142,168,7,7,7,7,22,22,117,117,141,141,191,191,212,212,24,24,24,42,42,60,60,79,79,173,173,187,22,355,380,380,380,412,459,482,482,482],"floor_reached":44,"language":"KOR","playtime":904,"items_purged":["Defend_R","Wild Strike"],"score":1029,"play_id":"5db893ac-e506-431e-a3fd-5822e6ab2108","local_time":"20210211192456","is_ascension_mode":true,"campfire_choices":[{"data":"Perfected Strike","floor":11.0,"key":"SMITH"},{"floor":13.0,"key":"REST"},{"data":"Bludgeon","floor":15.0,"key":"SMITH"},{"data":"Entrench","floor":23.0,"key":"SMITH"},{"data":"Barricade","floor":25.0,"key":"SMITH"},{"data":"Bloodletting","floor":28.0,"key":"SMITH"},{"data":"Burning Pact","floor":30.0,"key":"SMITH"},{"data":"Shrug It Off","floor":32.0,"key":"SMITH"},{"floor":40.0,"key":"RECALL"}],"circlet_count":0,"master_deck":["AscendersBane","Strike_R+1","Strike_R","Strike_R","Strike_R+1","Strike_R","Defend_R","Defend_R","Defend_R","Bash","Perfected Strike+1","Bludgeon+1","Bloodletting+1","Rage","Barricade+1","Shrug It Off+1","Entrench+1","Flame Barrier","Burning Pact+1","Offering","Writhe","Reaper"],"relics":["Burning Blood","NeowsBlessing","Lantern","Centennial Puzzle","Vajra","Membership Card","Coffee Dripper","Nilry\u0027s Codex","Potion Belt","Bottled Lightning","Fusion Hammer","PreservedInsect","Art of War","Prayer Wheel","MealTicket","Anchor"],"acts_visited":["Exordium","TheCity","TheBeyond"],"potions_floor_usage":[44],"damage_taken":[{"damage":0.0,"enemies":"Jaw Worm","floor":1.0,"turns":1.0},{"damage":0.0,"enemies":"2 Louse","floor":5.0,"turns":1.0},{"damage":0.0,"enemies":"Lagavulin","floor":6.0,"turns":1.0},{"damage":0.0,"enemies":"Small Slimes","floor":7.0,"turns":2.0},{"damage":25.0,"enemies":"3 Sentries","floor":8.0,"turns":5.0},{"damage":6.0,"enemies":"2 Fungi Beasts","floor":14.0,"turns":2.0},{"damage":44.0,"enemies":"Hexaghost","floor":16.0,"turns":9.0},{"damage":0.0,"enemies":"Chosen","floor":18.0,"turns":3.0},{"damage":37.0,"enemies":"2 Thieves","floor":22.0,"turns":4.0},{"damage":13.0,"enemies":"Snake Plant","floor":27.0,"turns":4.0},{"damage":3.0,"enemies":"Snecko","floor":29.0,"turns":2.0},{"damage":6.0,"enemies":"Centurion and Healer","floor":31.0,"turns":6.0},{"damage":3.0,"enemies":"Collector","floor":33.0,"turns":18.0},{"damage":3.0,"enemies":"3 Shapes","floor":35.0,"turns":5.0},{"damage":22.0,"enemies":"Mind Bloom Boss Battle","floor":38.0,"turns":9.0},{"damage":44.0,"enemies":"Reptomancer","floor":41.0,"turns":8.0},{"damage":40,"enemies":"Giant Head","floor":44,"turns":5}],"seed_played":"-8881096559014801746","potions_obtained":[{"floor":5.0,"key":"Explosive Potion"},{"floor":8.0,"key":"BlessingOfTheForge"},{"floor":16.0,"key":"Strength Potion"},{"floor":31.0,"key":"Energy Potion"},{"floor":33.0,"key":"ColorlessPotion"},{"floor":41.0,"key":"Fruit Juice"}],"is_trial":false,"path_per_floor":["M","?","$","?","M","E","M","E","T","$","R","?","R","M","R","B",null,"M","?","?","?","M","R","$","R","T","M","R","M","R","M","R","B",null,"M","$","?","?","?","R","E","T","T","E"],"character_chosen":"IRONCLAD","items_purchased":["Membership Card","Fruit Juice","Potion Belt","PreservedInsect","Art of War"],"campfire_rested":1,"item_purchase_floors":[10,24,24,36,36],"current_hp_per_floor":[74,79,79,55,61,67,73,54,54,54,54,26,50,50,50,12,63,69,48,48,48,17,17,22,22,22,15,15,18,18,18,18,21,69,72,72,72,56,73,73,35,35,35,0,0],"gold":482,"neow_bonus":"THREE_ENEMY_KILL","is_daily":false,"chose_seed":false,"campfire_upgraded":7,"win_rate":0.0,"timestamp":1613039096,"path_taken":["M","?","$","?","M","E","M","E","T","$","R","?","R","M","R","BOSS","M","?","?","?","M","R","$","R","T","M","R","M","R","?","R","BOSS","M","$","?","?","?","R","E","?","T","E"],"items_purchased_type":["Relic","Potion","Relic","Relic","Relic"],"build_version":"2020-12-22","purchased_purges":2,"victory":false,"max_hp_per_floor":[75,80,80,80,80,80,80,80,80,80,80,80,80,80,80,80,80,80,80,80,80,80,80,85,85,85,85,85,85,85,85,85,85,85,85,85,85,85,85,85,85,85,85,90,90],"card_choices":[{"not_picked":["Headbutt","Flex"],"picked":"Perfected Strike","floor":1.0},{"not_picked":["True Grit","Cleave"],"picked":"Bludgeon","floor":5.0},{"not_picked":["True Grit","Pommel Strike"],"picked":"Wild Strike","floor":6.0},{"not_picked":["Sever Soul","Sword Boomerang"],"picked":"Bloodletting","floor":7.0},{"not_picked":["Havoc","Clash","Infernal Blade"],"picked":"SKIP","floor":8.0},{"not_picked":["Clash","Havoc"],"picked":"Rage","floor":14.0},{"not_picked":["Bludgeon","Double Tap"],"picked":"Barricade","floor":16.0},{"not_picked":["Shockwave","Iron Wave"],"picked":"Shrug It Off","floor":18.0},{"not_picked":["Cleave+1","Rupture"],"picked":"Flame Barrier","floor":22.0},{"not_picked":["Cleave+1","Clothesline"],"picked":"Burning Pact","floor":27.0},{"not_picked":["Clothesline","Dual Wield","Armaments"],"picked":"SKIP","floor":29.0},{"not_picked":["Cleave","Pommel Strike","Bloodletting"],"picked":"SKIP","floor":31.0},{"not_picked":["Bludgeon","Corruption"],"picked":"Offering","floor":33.0},{"not_picked":["Twin Strike","Flex","Sword Boomerang"],"picked":"SKIP","floor":35.0},{"not_picked":["Anger+1","Metallicize"],"picked":"Reaper","floor":41.0}],"player_experience":445546,"relics_obtained":[{"floor":6.0,"key":"Lantern"},{"floor":8.0,"key":"Centennial Puzzle"},{"floor":9.0,"key":"Vajra"},{"floor":19.0,"key":"Nilry\u0027s Codex"},{"floor":26.0,"key":"Bottled Lightning"},{"floor":38.0,"key":"Prayer Wheel"},{"floor":41.0,"key":"MealTicket"},{"floor":42.0,"key":"Anchor"}],"event_choices":[{"damage_healed":0.0,"max_hp_gain":5.0,"max_hp_loss":0.0,"gold_gain":0.0,"event_name":"Big Fish","player_choice":"Donut","floor":2.0,"gold_loss":0.0,"damage_taken":0.0},{"damage_healed":0.0,"max_hp_gain":0.0,"max_hp_loss":0.0,"gold_gain":0.0,"event_name":"Shining Light","player_choice":"Entered Light","floor":4.0,"gold_loss":0.0,"damage_taken":24.0,"cards_upgraded":["Strike_R","Strike_R"]},{"damage_healed":0.0,"max_hp_gain":0.0,"max_hp_loss":0.0,"gold_gain":0.0,"event_name":"Golden Idol","player_choice":"Take Damage","floor":12.0,"gold_loss":0.0,"damage_taken":28.0,"relics_obtained":["Golden Idol"]},{"damage_healed":0.0,"max_hp_gain":0.0,"max_hp_loss":0.0,"gold_gain":0.0,"event_name":"Cursed Tome","player_choice":"Obtained Book","floor":19.0,"gold_loss":0.0,"damage_taken":21.0},{"damage_healed":0.0,"max_hp_gain":0.0,"max_hp_loss":0.0,"gold_gain":50.0,"event_name":"Nest","player_choice":"Stole From Cult","floor":20.0,"gold_loss":0.0,"damage_taken":0.0},{"damage_healed":0.0,"max_hp_gain":0.0,"max_hp_loss":0.0,"gold_gain":0.0,"event_name":"The Library","player_choice":"Read","floor":21.0,"gold_loss":0.0,"damage_taken":0.0,"cards_obtained":["Entrench"]},{"damage_healed":0.0,"max_hp_gain":0.0,"max_hp_loss":0.0,"gold_gain":333.0,"event_name":"The Moai Head","player_choice":"Gave Idol","floor":37.0,"relics_lost":["Golden Idol"],"gold_loss":0.0,"damage_taken":0.0},{"damage_healed":0.0,"max_hp_gain":0.0,"max_hp_loss":0.0,"gold_gain":0.0,"event_name":"MindBloom","player_choice":"Fight","floor":38.0,"gold_loss":0.0,"damage_taken":0.0},{"damage_healed":17.0,"max_hp_gain":0.0,"max_hp_loss":0.0,"gold_gain":0.0,"event_name":"Winding Halls","player_choice":"Writhe","floor":39.0,"gold_loss":0.0,"damage_taken":0.0,"cards_obtained":["Writhe"]}],"is_beta":false,"boss_relics":[{"not_picked":["Velvet Choker","Runic Pyramid"],"picked":"Coffee Dripper"},{"not_picked":["Black Star","Calling Bell"],"picked":"Fusion Hammer"}],"items_purged_floors":[3,24],"is_endless":false,"potions_floor_spawned":[5,8,16,31,33,41],"killed_by":"Giant Head","ascension_level":19}}