{"host":"5inz41fcnifmg6v2","time":1613023089,"event":{"mods":["BaseMod","Downfall","Minty Spire (QoL Compilation)","Reliquary","Replay The Spire","StSLib"],"gold_per_floor":[109,40,59,59,78,106,106,133,133,153,153,153,166,181,181,276,276,288,288,273,273,198,198,217,217,217,246,246,246,274,289,289,388,388,406,456,468,191,191,191,204,204,204,204,222,237,237,237,237,237,237],"floor_reached":50,"language":"ZHS","playtime":3488,"items_purged":["Writhe"],"score":592,"play_id":"0d49ca6f-dfae-4bd5-9b71-7dff1120c36f","local_time":"20210211135809","is_ascension_mode":true,"campfire_choices":[{"floor":7,"key":"RECALL"},{"floor":11,"key":"REST"},{"data":"Demon Form","floor":15,"key":"SMITH"},{"floor":23,"key":"REST"},{"data":"Barricade","floor":25,"key":"SMITH"},{"floor":28,"key":"REST"},{"floor":32,"key":"REST"},{"floor":40,"key":"REST"},{"data":"Limit Break","floor":42,"key":"SMITH"},{"data":"Berserk","floor":44,"key":"SMITH"},{"floor":47,"key":"REST"},{"data":"Armaments","floor":49,"key":"SMITH"}],"circlet_count":0,"master_deck":["Strike_R","Strike_R","Strike_R","Strike_R","Defend_R","Defend_R","Defend_R","Defend_R","Bash","Twin Strike","Rampage","Clash","Demon Form+1","Rupture","Cleave","Life Link","Run Through","Run Through","Barricade+1","Entrench","Defy Death","Havoc+1","J.A.X.","Heavy Blade+1","Run Through+1","Flex","Limit Break+1","Cleave","Armaments+1","Berserk+1","Inflame+1","Twin Strike","Bloodletting","Cleave+1"],"relics":["Burning Blood","FaceOfCleric","Chameleon Ring","StoneCalendar","Replay:Ancient Bell","Replay:Baseball","Eternal Feather","Torii","Onion Ring","reliquary:Stiletto","Enchiridion","King of Hearts","Velvet Choker","Ginger","ReplayTheSpireMod:CursedCoin","Regal Pillow","Nunchaku","Bottled Flame"],"acts_visited":["Exordium","TheCity","TheBeyond"],"potions_floor_usage":[8,10,16,24,30,30,36,36,37,45,50],"damage_taken":[{"damage":1,"enemies":"Cultist","floor":1,"turns":3},{"damage":3,"enemies":"Jaw Worm","floor":3,"turns":4},{"damage":6,"enemies":"2 Louse","floor":5,"turns":2},{"damage":28,"enemies":"Gremlin Nob","floor":6,"turns":3},{"damage":9,"enemies":"Replay:BlueRogue","floor":8,"turns":6},{"damage":18,"enemies":"Gremlin Gang","floor":10,"turns":5},{"damage":1,"enemies":"2 Fungi Beasts","floor":13,"turns":2},{"damage":10,"enemies":"Looter","floor":14,"turns":3},{"damage":0,"enemies":"Slime Boss","floor":16,"turns":7},{"damage":17,"enemies":"Chosen","floor":18,"turns":5},{"damage":40,"enemies":"2 Thieves","floor":20,"turns":4},{"damage":26,"enemies":"Snake Plant","floor":24,"turns":3},{"damage":43,"enemies":"Replay:Snechameleon","floor":27,"turns":6},{"damage":41,"enemies":"Gremlin Leader","floor":30,"turns":4},{"damage":5,"enemies":"Cultist and Chosen","floor":31,"turns":6},{"damage":29,"enemies":"Pondfish","floor":33,"turns":7},{"damage":6,"enemies":"3 Shapes","floor":35,"turns":3},{"damage":51,"enemies":"Mind Bloom Boss Battle","floor":36,"turns":5},{"damage":16,"enemies":"Orb Walker","floor":37,"turns":4},{"damage":29,"enemies":"4 Shapes","floor":41,"turns":7},{"damage":28,"enemies":"Spire Growth","floor":45,"turns":4},{"damage":29,"enemies":"Sphere and 2 Shapes","floor":46,"turns":3},{"damage":112,"enemies":"Time Eater","floor":50,"turns":8}],"seed_played":"4373005331312193604","potions_obtained":[{"floor":6,"key":"Reflective Coating"},{"floor":8,"key":"Weak Potion"},{"floor":14,"key":"EssenceOfSteel"},{"floor":16,"key":"Adrenaline Potion"},{"floor":18,"key":"Reflective Coating"},{"floor":24,"key":"Energy Potion"},{"floor":27,"key":"Adrenaline Potion"},{"floor":30,"key":"Swift Potion"},{"floor":33,"key":"CultistPotion"},{"floor":36,"key":"Languid Potion"},{"floor":37,"key":"Adrenaline Potion"}],"is_trial":false,"path_per_floor":["M","$","M","?","M","E","R","E","T","M","R","?","M","M","R","B",null,"M","?","M","?","?","R","M","R","T","E","R","?","E","M","R","B",null,"M","?","M","$","?","R","M","R","T","R","M","M","R","?","R","B"],"character_chosen":"IRONCLAD","items_purchased":["Rampage","Inflame+1","ReplayTheSpireMod:CursedCoin","Regal Pillow","Nunchaku"],"campfire_rested":6,"item_purchase_floors":[2,38,38,38,38],"current_hp_per_floor":[88,88,88,88,89,68,68,66,66,55,82,82,88,85,85,92,95,85,85,52,52,52,96,77,92,92,56,99,83,49,51,96,74,102,103,59,50,50,50,105,83,101,101,106,85,63,108,108,108,0,0],"gold":237,"neow_bonus":"TEN_PERCENT_HP_BONUS","is_daily":false,"chose_seed":false,"campfire_upgraded":5,"win_rate":0.0,"timestamp":1613023089,"path_taken":["M","$","M","?","?","E","R","E","T","M","R","?","?","M","R","BOSS","M","?","?","?","?","R","M","R","T","E","R","?","E","M","R","BOSS","M","?","M","$","?","R","M","R","T","R","M","M","R","?","R","BOSS"],"items_purchased_type":["Card","Card","Relic","Relic","Relic"],"build_version":"2020-12-22","purchased_purges":1,"victory":false,"max_hp_per_floor":[88,88,88,88,89,90,90,91,91,92,92,92,93,94,94,95,95,96,96,97,97,97,97,98,98,98,99,99,99,100,101,101,102,102,103,104,105,105,105,105,106,106,106,106,107,108,108,108,108,108,108],"card_choices":[{"not_picked":["Headbutt","Iron Wave"],"picked":"Twin Strike","floor":1},{"not_picked":["Dropkick","ReplayTheSpireMod:Strike From Hell"],"picked":"Life Link","floor":3},{"not_picked":["Thunderclap","Perfected Strike"],"picked":"Clash","floor":5},{"not_picked":["ReplayTheSpireMod:Stacked","Dual Wield"],"picked":"Demon Form","floor":6},{"not_picked":["Seeing Red","Pummel"],"picked":"Rupture","floor":8},{"not_picked":["Battle Trance","Intimidate"],"picked":"Cleave","floor":10},{"not_picked":["Twin Strike","Armaments"],"picked":"Run Through","floor":13},{"not_picked":["ReplayTheSpireMod:Strike From Hell","Defy Death"],"picked":"Run Through","floor":14},{"not_picked":["Impervious","Reaper"],"picked":"Barricade","floor":16},{"not_picked":["Voices","AbeCurse"],"picked":"Writhe","floor":17},{"not_picked":["Shame","ReplayTheSpireMod:IOU"],"picked":"Spreading Infection","floor":17},{"not_picked":["Sickly","CommonCold"],"picked":"ReplayTheSpireMod:Doomed","floor":17},{"not_picked":["Run Through","Intimidate"],"picked":"Entrench","floor":18},{"not_picked":["Wild Strike","Dark Embrace+1"],"picked":"Havoc+1","floor":20},{"not_picked":["Dropkick","ReplayTheSpireMod:Stacked"],"picked":"Heavy Blade+1","floor":24},{"not_picked":["Run Through","Flame Barrier"],"picked":"Rampage","floor":27},{"not_picked":["Uppercut","Warcry"],"picked":"Run Through+1","floor":30},{"not_picked":["Run Through+1","Shrug It Off+1"],"picked":"Flex","floor":31},{"not_picked":["Impervious","Replay:Many Hands"],"picked":"Limit Break","floor":33},{"not_picked":["Warcry","ReplayTheSpireMod:Strike From Hell"],"picked":"Cleave","floor":35},{"not_picked":["Body Slam","Run Through"],"picked":"Armaments","floor":36},{"not_picked":["Anger","Clash+1"],"picked":"Berserk","floor":37},{"not_picked":["Clash","Wild Strike+1"],"picked":"Twin Strike","floor":41},{"not_picked":["ReplayTheSpireMod:Corrosion Curse+1","Sword Boomerang+1"],"picked":"Bloodletting","floor":45},{"not_picked":["Twin Strike+1","Feel No Pain"],"picked":"Cleave+1","floor":46}],"player_experience":69285,"relics_obtained":[{"floor":6,"key":"Chameleon Ring"},{"floor":8,"key":"StoneCalendar"},{"floor":26,"key":"Onion Ring"},{"floor":27,"key":"reliquary:Stiletto"},{"floor":29,"key":"Enchiridion"},{"floor":30,"key":"King of Hearts"},{"floor":36,"key":"Ginger"},{"floor":43,"key":"Bottled Flame"}],"event_choices":[{"damage_healed":0,"gold_gain":0,"player_choice":"Trade","damage_taken":0,"relics_obtained":["FaceOfCleric"],"max_hp_gain":0,"max_hp_loss":0,"event_name":"FaceTrader","floor":4,"gold_loss":0},{"damage_healed":0,"gold_gain":0,"cards_transformed":["Strike_R"],"player_choice":"Transformed","damage_taken":0,"max_hp_gain":0,"max_hp_loss":0,"event_name":"Transmorgrifier","floor":12,"gold_loss":0,"cards_obtained":["Life Link"]},{"damage_healed":0,"gold_gain":0,"cards_transformed":["Life Link"],"player_choice":"Transformed","damage_taken":0,"max_hp_gain":0,"max_hp_loss":0,"event_name":"Transmorgrifier","floor":19,"gold_loss":0,"cards_obtained":["Defy Death"]},{"damage_healed":0,"gold_gain":0,"player_choice":"Obtain J.A.X.","damage_taken":0,"max_hp_gain":0,"max_hp_loss":0,"event_name":"Drug Dealer","floor":21,"gold_loss":0,"cards_obtained":["J.A.X."]},{"cards_removed":["Spreading Infection"],"damage_healed":0,"gold_gain":0,"player_choice":"Gave Gold","damage_taken":0,"max_hp_gain":0,"max_hp_loss":0,"event_name":"Beggar","floor":22,"gold_loss":75},{"damage_healed":0,"gold_gain":0,"player_choice":"Obtained Book","damage_taken":16,"max_hp_gain":0,"max_hp_loss":0,"event_name":"Cursed Tome","floor":29,"gold_loss":0},{"damage_healed":0,"gold_gain":0,"player_choice":"Fight","damage_taken":0,"max_hp_gain":0,"max_hp_loss":0,"event_name":"MindBloom","floor":36,"gold_loss":0},{"cards_removed":["Rampage"],"damage_healed":0,"gold_gain":0,"player_choice":"Removed Attack","damage_taken":0,"max_hp_gain":0,"max_hp_loss":0,"event_name":"Falling","floor":39,"gold_loss":0},{"cards_removed":["downfall:Malfunctioning","ReplayTheSpireMod:Doomed"],"damage_healed":0,"gold_gain":0,"player_choice":"Removed Curses","damage_taken":0,"max_hp_gain":0,"max_hp_loss":0,"event_name":"Fountain of Cleansing","floor":48,"gold_loss":0}],"is_beta":false,"boss_relics":[{"not_picked":["Snecko Eye","Painkiller Herb"],"picked":"Replay:Ancient Bell"},{"not_picked":["PreservedInsect","Toy Ornithopter"],"picked":"Replay:Baseball"},{"not_picked":["ReplayTheSpireMod:Shallot","Replay:Accelerometer"],"picked":"Eternal Feather"},{"not_picked":["Replay:Kaleidoscope","Durian"],"picked":"Torii"},{"not_picked":["Empty Cage","SacredBark"],"picked":"Velvet Choker"}],"items_purged_floors":[38],"is_endless":false,"potions_floor_spawned":[6,8,14,16,18,24,27,30,33,36,37],"killed_by":"Time Eater","ascension_level":1}}