{"host":"0kk91h4bq4kgfj0u","time":1613076855,"event":{"mods":["BaseMod","Bestiary","Block Reminder","Colored Map","Colored Powertips","Curses Come First","Highlight Path","Minty Spire (QoL Compilation)","Relic Stats","StSLib"],"gold_per_floor":[119,134,43,43,43,74,74,26,26,26,64,64,88,111,111,230,230,249,269,290,314,41,41,41],"floor_reached":23,"language":"ENG","playtime":1439,"items_purged":[],"score":261,"play_id":"fba387eb-8378-4573-a7e4-306595396db1","local_time":"20210211155415","is_ascension_mode":true,"campfire_choices":[{"floor":7,"key":"REST"},{"floor":10,"key":"REST"},{"floor":12,"key":"RECALL"},{"floor":15,"key":"REST"}],"circlet_count":0,"master_deck":["Strike_G","Strike_G","Strike_G","Strike_G","Strike_G","Defend_G","Defend_G","Defend_G","Defend_G","Defend_G","Survivor","Neutralize","Backflip","Quick Slash","Blade Dance","Infinite Blades","Injury","Terror","Deflect","Adrenaline","Deadly Poison","Die Die Die+1","Backflip","Outmaneuver","Finisher+1","Slice+1","Cloak And Dagger","Heel Hook+1"],"relics":["Ring of the Snake","Happy Flower","Golden Idol","Kunai","Molten Egg 2","Question Card","Busted Crown","PreservedInsect"],"acts_visited":["Exordium","TheCity"],"potions_floor_usage":[19],"damage_taken":[{"damage":2,"enemies":"2 Louse","floor":1,"turns":4},{"damage":1,"enemies":"Small Slimes","floor":2,"turns":3},{"damage":40,"enemies":"Lagavulin","floor":6,"turns":7},{"damage":27,"enemies":"3 Sentries","floor":11,"turns":11},{"damage":2,"enemies":"Jaw Worm","floor":13,"turns":4},{"damage":14,"enemies":"Lots of Slimes","floor":14,"turns":4},{"damage":24,"enemies":"Hexaghost","floor":16,"turns":10},{"damage":24,"enemies":"2 Thieves","floor":18,"turns":4},{"damage":3,"enemies":"Spheric Guardian","floor":19,"turns":4},{"damage":20,"enemies":"3 Cultists","floor":20,"turns":7},{"damage":9,"enemies":"Snecko","floor":21,"turns":6},{"damage":7,"enemies":"Sentry and Sphere","floor":23,"turns":3}],"seed_played":"2704694710462634650","potions_obtained":[{"floor":13,"key":"DistilledChaos"},{"floor":14,"key":"SteroidPotion"}],"is_trial":false,"path_per_floor":["M","M","$","?","?","E","R","?","T","R","E","R","M","M","R","B",null,"M","M","M","M","$","M"],"character_chosen":"THE_SILENT","items_purchased":["Blade Dance","Infinite Blades","PreservedInsect","Cloak And Dagger","Heel Hook+1"],"campfire_rested":3,"item_purchase_floors":[3,3,22,22,22],"current_hp_per_floor":[61,60,60,60,65,25,47,47,47,69,42,42,40,26,48,24,62,38,35,15,6,6,0,0],"gold":41,"neow_bonus":"RANDOM_COMMON_RELIC","is_daily":false,"chose_seed":false,"campfire_upgraded":0,"win_rate":0.0,"timestamp":1613076855,"path_taken":["M","M","$","?","?","E","R","?","T","R","E","R","M","?","R","BOSS","M","M","?","M","?","?"],"items_purchased_type":["Card","Card","Relic","Card","Card"],"build_version":"2020-12-22","purchased_purges":0,"victory":false,"max_hp_per_floor":[70,70,70,70,75,75,75,75,75,75,75,75,75,75,75,75,75,75,75,75,75,75,75,75],"relic_stats":{"Busted Crown":8,"Happy Flower":[22],"counters":[12,67],"Golden Idol":65,"PreservedInsect":0,"Kunai":[32],"Question Card":7,"obtain_stats":[{"Busted Crown":17,"Happy Flower":0,"Golden Idol":4,"Molten Egg 2":9,"PreservedInsect":22,"Kunai":6,"Question Card":11,"Ring of the Snake":0},{"Busted Crown":7,"Happy Flower":0,"Golden Idol":2,"Molten Egg 2":3,"PreservedInsect":11,"Kunai":3,"Question Card":4,"Ring of the Snake":0},{"Busted Crown":43,"Happy Flower":0,"Golden Idol":7,"Molten Egg 2":14,"PreservedInsect":64,"Kunai":14,"Question Card":25,"Ring of the Snake":0}],"Ring of the Snake":[24]},"card_choices":[{"not_picked":["All Out Attack","Deadly Poison"],"picked":"Backflip","floor":1},{"not_picked":["Sucker Punch","Catalyst"],"picked":"Quick Slash","floor":2},{"not_picked":["Slice","Choke"],"picked":"Terror","floor":6},{"not_picked":["Blade Dance","All Out Attack+1"],"picked":"Deflect","floor":11},{"not_picked":["Backflip","PiercingWail","Poisoned Stab+1"],"picked":"Adrenaline","floor":13},{"not_picked":["Dodge and Roll","Poisoned Stab+1","Caltrops"],"picked":"Deadly Poison","floor":14},{"not_picked":["Grand Finale+1","Malaise","Venomology"],"picked":"Die Die Die+1","floor":16},{"not_picked":["Infinite Blades"],"picked":"Backflip","floor":18},{"not_picked":["Backflip"],"picked":"Outmaneuver","floor":19},{"not_picked":["Deadly Poison+1"],"picked":"Finisher+1","floor":20},{"not_picked":["Deadly Poison"],"picked":"Slice+1","floor":21}],"player_experience":874059,"relics_obtained":[{"floor":6,"key":"Kunai"},{"floor":9,"key":"Molten Egg 2"},{"floor":11,"key":"Question Card"}],"event_choices":[{"damage_healed":0,"gold_gain":0,"player_choice":"Take Wound","damage_taken":0,"relics_obtained":["Golden Idol"],"max_hp_gain":0,"max_hp_loss":0,"event_name":"Golden Idol","floor":4,"gold_loss":0,"cards_obtained":["Injury"]},{"damage_healed":0,"gold_gain":0,"player_choice":"Donut","damage_taken":0,"max_hp_gain":5,"max_hp_loss":0,"event_name":"Big Fish","floor":5,"gold_loss":0},{"damage_healed":0,"gold_gain":0,"player_choice":"Left Gold","damage_taken":0,"max_hp_gain":0,"max_hp_loss":0,"event_name":"World of Goop","floor":8,"gold_loss":48}],"is_beta":false,"boss_relics":[{"not_picked":["SacredBark","Pandora\u0027s Box"],"picked":"Busted Crown"}],"items_purged_floors":[],"is_endless":false,"potions_floor_spawned":[13,14],"killed_by":"Sentry and Sphere","ascension_level":6}}