{"host":"njb27ds59h4j3ikk","time":1613010854,"event":{"mods":["AchievementEnabler","BaseMod","Better Altar","Better Match","Better Note","Better Sensory Stone","Better Skull","Better Third Choice","BetterRewards","Downfall","Hermit","Hubris","Minty Spire (QoL Compilation)","Permanent Neow","Quarter Circle Forward PUNCH!","Quick Restart","Rare Cards Sparkle","Replay The Spire","Shop Mod","StSLib","Trackpad","Transform Curses"],"gold_per_floor":[109,122,297,248,248,248,277,277,277,310,585,596,611,626,626,730,730,750,517,517,533,81,81,96,115,139,174,174,174,174,84,84,185,185,195,206,217,237,149,149,149,149],"floor_reached":41,"language":"ENG","playtime":1930,"items_purged":[],"score":739,"play_id":"06e939c2-7e37-48bc-a65e-327adbef91e9","local_time":"20210210213414","is_ascension_mode":true,"campfire_choices":[{"data":"hermit:HighCaliber","floor":6.0,"key":"SMITH"},{"data":"hermit:HeroicBravado","floor":8.0,"key":"SMITH"},{"data":"Slimebound:GoopSpray","floor":15.0,"key":"SMITH"},{"floor":23.0,"key":"REST"},{"data":"bronze:AlphaBuild","floor":30.0,"key":"SMITH"},{"floor":32.0,"key":"REST"},{"floor":40.0,"key":"REST"}],"circlet_count":0,"master_deck":["hermit:Strike_Hermit","hermit:Strike_Hermit","hermit:Strike_Hermit+1","hermit:Strike_Hermit","hermit:Defend_Hermit","hermit:Defend_Hermit","hermit:Defend_Hermit","hermit:Defend_Hermit+1","hermit:Snapshot+1","hermit:Covet","hermit:HeroicBravado+1","hermit:Headshot","hermit:Virtue","hermit:HighCaliber+1","Guardian:BronzeArmor","bronze:AlphaBuild+1","Regret","Slimebound:GoopSpray+1","bronze:CutThrough","hermit:Coalescence","Slimebound:OozeBath","Prostrate","Replay:BasicMightCard","Guardian:GatlingBeam","bronze:CloningBeam+1","Slimebound:LivingWall+1","Backstab","Immolate","Guardian:GatlingBeam","Guardian:ChargeCore+1","hexamod:Firestarter","Evaluate+1","Conserve Battery+1","hermit:FlashPowder","hermit:Misfire"],"relics":["hermit:Momento","Pocketwatch","Pantograph","betterThird:SlimedRelic","PrismaticShard","Darkstone Periapt","Shuriken","Simple Rune","hubris:ScarierMask","Tiny Chest","hermit:CharredGlove","Medical Kit","Guardian:PocketSentry","qcfpunch:Broken_Tusk","Fusion Hammer"],"acts_visited":["Exordium","TheCity","TheBeyond"],"potions_floor_usage":[41,41,41],"damage_taken":[{"damage":0.0,"enemies":"2 Louse","floor":1.0,"turns":2.0},{"damage":1.0,"enemies":"Cultist","floor":2.0,"turns":4.0},{"damage":22.0,"enemies":"Lagavulin","floor":7.0,"turns":7.0},{"damage":13.0,"enemies":"Gremlin Nob","floor":10.0,"turns":4.0},{"damage":0.0,"enemies":"Small Slimes","floor":12.0,"turns":2.0},{"damage":1.0,"enemies":"Blue Slaver","floor":13.0,"turns":3.0},{"damage":12.0,"enemies":"Exordium Thugs","floor":14.0,"turns":3.0},{"damage":26.0,"enemies":"Fading Forest","floor":16.0,"turns":11.0},{"damage":28.0,"enemies":"Chosen","floor":18.0,"turns":6.0},{"damage":11.0,"enemies":"Spheric Guardian","floor":21.0,"turns":3.0},{"damage":6.0,"enemies":"Chosen and Byrds","floor":24.0,"turns":4.0},{"damage":0.0,"enemies":"Sentry and Sphere","floor":25.0,"turns":3.0},{"damage":21.0,"enemies":"Book of Stabbing","floor":27.0,"turns":6.0},{"damage":57.0,"enemies":"hubris:MusketHawk","floor":33.0,"turns":12.0},{"damage":10.0,"enemies":"3 Darklings","floor":35.0,"turns":4.0},{"damage":15.0,"enemies":"3 Shapes","floor":36.0,"turns":4.0},{"damage":25.0,"enemies":"Transient","floor":37.0,"turns":5.0},{"damage":12.0,"enemies":"3 Darklings","floor":38.0,"turns":3.0},{"damage":29,"enemies":"Giant Head","floor":41,"turns":5}],"seed_played":"7610228780278222072","potions_obtained":[{"floor":1.0,"key":"Elixir"},{"floor":12.0,"key":"FearPotion"},{"floor":13.0,"key":"SkillPotion"},{"floor":14.0,"key":"hermit:Tonic"},{"floor":27.0,"key":"DistilledChaos"},{"floor":36.0,"key":"Dexterity Potion"},{"floor":38.0,"key":"Swift Potion"}],"is_trial":false,"path_per_floor":["M","M","?","?","?","R","E","R","T","E","?","M","M","M","R","B",null,"M","$","?","M","$","R","M","M","T","E","T","?","R","?","R","B",null,"M","M","M","M","$","R","E"],"character_chosen":"HERMIT","items_purchased":["hermit:HeroicBravado","Pantograph","hermit:Headshot","Tiny Chest","Replay:BasicMightCard","hermit:CharredGlove","Medical Kit","hermit:FlashPowder","hermit:Misfire"],"campfire_rested":3,"item_purchase_floors":[0,0,0,19,19,22,22,39,39],"current_hp_per_floor":[75,74,74,63,63,63,41,41,41,28,34,34,33,21,21,38,70,42,42,42,31,31,55,49,49,49,28,28,28,28,28,52,20,66,56,41,16,4,4,28,0,0],"gold":149,"neow_bonus":"","is_daily":false,"chose_seed":false,"campfire_upgraded":4,"win_rate":0.0,"timestamp":1613010854,"path_taken":["M","M","?","?","?","R","E","R","T","E","?","?","M","M","R","BOSS","M","$","?","M","?","R","?","M","T","E","?","?","R","?","R","BOSS","M","?","M","M","$","R","E"],"items_purchased_type":["Card","Relic","Card","Relic","Card","Relic","Relic","Card","Card"],"build_version":"2020-12-22","purchased_purges":0,"victory":false,"max_hp_per_floor":[75,75,75,75,75,75,75,75,75,75,81,81,81,81,81,81,81,81,81,81,81,81,81,81,81,81,81,81,81,81,81,81,81,81,81,81,81,81,81,81,81,81],"card_choices":[{"not_picked":["hermit:Quickdraw","hermit:CalledShot"],"picked":"hermit:Virtue","floor":1.0},{"not_picked":["hermit:Dive","hermit:TakeAim"],"picked":"hermit:HighCaliber","floor":2.0},{"not_picked":["bronze:DigitalCarnage","Spot Weakness"],"picked":"Guardian:BronzeArmor","floor":7.0},{"not_picked":["Quick Slash","sneckomod:RainOfDice"],"picked":"bronze:AlphaBuild","floor":10.0},{"not_picked":["Guardian:ChargeCore","champ:Shatter"],"picked":"Slimebound:GoopSpray","floor":12.0},{"not_picked":["Flex","Infernal Blade"],"picked":"bronze:CutThrough","floor":13.0},{"not_picked":["BowlingBash","champ:RecklessLeap"],"picked":"hermit:Coalescence","floor":14.0},{"not_picked":["Wish","hermit:Reprieve"],"picked":"Slimebound:OozeBath","floor":16.0},{"not_picked":["sneckomod:UnknownUncommonSkill","expansioncontent:HyperBeam"],"picked":"Prostrate","floor":18.0},{"not_picked":["hexamod:HeatMetal","Underhanded Strike+1"],"picked":"Guardian:GatlingBeam","floor":21.0},{"not_picked":["Prepared","sneckomod:SnakeSap"],"picked":"bronze:CloningBeam+1","floor":24.0},{"not_picked":["Slimebound:Schlurp","sneckomod:SnakeSap"],"picked":"Slimebound:LivingWall+1","floor":25.0},{"not_picked":["Leap","Replay:DivineShield"],"picked":"Backstab","floor":27.0},{"not_picked":["hexamod:GhostOfSpirePresent","champ:SwordThrow"],"picked":"Guardian:GatlingBeam","floor":33.0},{"not_picked":["ReplayTheSpireMod:Strike From Hell+1","Warcry+1"],"picked":"Guardian:ChargeCore+1","floor":35.0},{"not_picked":["Guardian:Gem_Green","hermit:Shortfuse+1"],"picked":"hexamod:Firestarter","floor":36.0},{"not_picked":["Guardian:ChargeCore","Wild Strike"],"picked":"Evaluate+1","floor":37.0},{"not_picked":["Warcry","Reinforced Body+1"],"picked":"Conserve Battery+1","floor":38.0}],"player_experience":1353661,"relics_obtained":[{"floor":7.0,"key":"Darkstone Periapt"},{"floor":9.0,"key":"Shuriken"},{"floor":10.0,"key":"Simple Rune"},{"floor":26.0,"key":"Guardian:PocketSentry"},{"floor":27.0,"key":"qcfpunch:Broken_Tusk"}],"event_choices":[{"damage_healed":0.0,"max_hp_gain":0.0,"max_hp_loss":0.0,"gold_gain":175.0,"event_name":"betterThird:BetterSerpent","player_choice":"AGREE","floor":3.0,"gold_loss":0.0,"damage_taken":122.0},{"damage_healed":0.0,"max_hp_gain":0.0,"max_hp_loss":0.0,"gold_gain":0.0,"event_name":"betterThird:BetterGoop","player_choice":"Slimed","floor":4.0,"gold_loss":49.0,"damage_taken":11.0},{"damage_healed":0.0,"max_hp_gain":0.0,"max_hp_loss":0.0,"gold_gain":275.0,"event_name":"Golden Shrine","player_choice":"Desecrate","floor":11.0,"gold_loss":0.0,"damage_taken":0.0,"cards_obtained":["Regret"]},{"cards_removed":["Sickly"],"damage_healed":0.0,"max_hp_gain":0.0,"max_hp_loss":0.0,"gold_gain":0.0,"event_name":"Wheel of Change","player_choice":"Card Removal","floor":20.0,"gold_loss":0.0,"damage_taken":0.0},{"cards_removed":["hermit:HeroicBravado"],"damage_healed":0.0,"max_hp_gain":0.0,"max_hp_loss":0.0,"gold_gain":0.0,"event_name":"betterNote:BetterNote","player_choice":"Take \u0026 Give","floor":29.0,"gold_loss":0.0,"damage_taken":0.0,"cards_obtained":["Immolate"]},{"cards_removed":["Doubt"],"damage_healed":0.0,"max_hp_gain":0.0,"max_hp_loss":0.0,"gold_gain":0.0,"event_name":"Designer","player_choice":"Upgrade and Remove","floor":31.0,"gold_loss":90.0,"damage_taken":0.0,"cards_upgraded":["hermit:Snapshot"]}],"is_beta":false,"boss_relics":[{"not_picked":["hubris:VirtuousBlindfold","qcfpunch:Dark_Gi"],"picked":"hubris:ScarierMask"},{"not_picked":["trackpad:StolenKidneys","Replay:Wanted Poster"],"picked":"Fusion Hammer"}],"items_purged_floors":[],"is_endless":false,"potions_floor_spawned":[1,12,13,14,27,36,38],"killed_by":"Giant Head","ascension_level":5}}