{"host":"yans4pr1zf0lm9bx","time":1613061268,"event":{"mods":["AchievementEnabler","BaseMod","Minty Spire (QoL Compilation)","Replay The Spire","StSLib","SuperFastMode","slay the spire mod where everything is the same but ironclad has a cowboy hat"],"gold_per_floor":[111,210,26,40,40,72,72,72,122,139,139,155,197,224,224,236,236],"floor_reached":16,"language":"ENG","playtime":492,"items_purged":[],"score":162,"play_id":"2816792a-3394-4ce1-ad99-5aa83ada6c66","local_time":"20210211113428","is_ascension_mode":true,"campfire_choices":[{"data":"Sever Soul","floor":7,"key":"SMITH"},{"data":"Strike_R","floor":15,"key":"PURGE"}],"circlet_count":0,"master_deck":["Strike_R+1","Strike_R","Strike_R","Defend_R+1","Defend_R","Defend_R","Defend_R","Bash","Sever Soul+1","Second Wind","ReplayTheSpireMod:LeadingStrike","Feel No Pain","Feel No Pain","Shockwave","Clash","Searing Blow"],"relics":["Burning Blood","NeowsBlessing","ReplayFunnel","DollysMirror","Ornamental Fan","Replay:Bandana","Vajra","Akabeko"],"acts_visited":["Exordium"],"potions_floor_usage":[13,14,16],"damage_taken":[{"damage":0,"enemies":"Small Slimes","floor":1,"turns":1},{"damage":0,"enemies":"Jaw Worm","floor":4,"turns":1},{"damage":0,"enemies":"Gremlin Nob","floor":6,"turns":1},{"damage":0,"enemies":"Cultist","floor":10,"turns":3},{"damage":4,"enemies":"Looter","floor":12,"turns":4},{"damage":20,"enemies":"3 Sentries","floor":13,"turns":6},{"damage":0,"enemies":"Blue Slaver","floor":14,"turns":2},{"damage":39,"enemies":"Hexaghost","floor":16,"turns":9}],"seed_played":"-1220030256707801300","potions_obtained":[{"floor":1,"key":"SkillPotion"},{"floor":6,"key":"Strength Potion"},{"floor":12,"key":"FearPotion"},{"floor":13,"key":"AttackPotion"},{"floor":14,"key":"PowerPotion"}],"is_trial":false,"path_per_floor":["M","?","$","M","?","E","R","?","T","M","T","M","E","M","R","B"],"character_chosen":"IRONCLAD","items_purchased":["Feel No Pain","DollysMirror"],"campfire_rested":0,"item_purchase_floors":[3,3],"current_hp_per_floor":[80,48,48,54,38,44,44,37,37,43,43,45,31,37,37,0,0],"gold":236,"neow_bonus":"THREE_ENEMY_KILL","is_daily":false,"chose_seed":false,"campfire_upgraded":1,"win_rate":0.0,"timestamp":1613061268,"path_taken":["M","?","$","?","?","E","R","?","T","M","?","M","E","M","R","BOSS"],"items_purchased_type":["Card","Relic"],"build_version":"2020-12-22","purchased_purges":0,"victory":false,"max_hp_per_floor":[80,80,80,80,80,80,80,80,80,80,80,80,80,80,80,80,80],"card_choices":[{"not_picked":["Heavy Blade","Carnage"],"picked":"Sever Soul","floor":1},{"not_picked":["Sever Soul","Iron Wave"],"picked":"Second Wind","floor":2},{"not_picked":["Sword Boomerang","Perfected Strike"],"picked":"ReplayTheSpireMod:LeadingStrike","floor":2},{"not_picked":["Life Link","Hemokinesis"],"picked":"Shockwave","floor":4},{"not_picked":["Warcry","Blood for Blood"],"picked":"Clash","floor":6},{"not_picked":["Thunderclap","Wild Strike","Body Slam"],"picked":"SKIP","floor":10},{"not_picked":["Uppercut","Whirlwind","Heavy Blade"],"picked":"SKIP","floor":12},{"not_picked":["Entrench","Juggernaut"],"picked":"Searing Blow","floor":13},{"not_picked":["Headbutt","Wild Strike","Heavy Blade"],"picked":"SKIP","floor":14}],"player_experience":282946,"relics_obtained":[{"floor":2,"key":"ReplayFunnel"},{"floor":6,"key":"Ornamental Fan"},{"floor":9,"key":"Replay:Bandana"},{"floor":11,"key":"Vajra"},{"floor":13,"key":"Akabeko"}],"event_choices":[{"damage_healed":0,"gold_gain":0,"player_choice":"Entered Light","damage_taken":16,"max_hp_gain":0,"max_hp_loss":0,"event_name":"Shining Light","floor":5,"gold_loss":0,"cards_upgraded":["Strike_R","Defend_R"]},{"cards_removed":["Strike_R"],"damage_healed":0,"gold_gain":0,"player_choice":"Card Removal","damage_taken":7,"max_hp_gain":0,"max_hp_loss":0,"event_name":"Golden Wing","floor":8,"gold_loss":0}],"is_beta":false,"boss_relics":[],"items_purged_floors":[],"is_endless":false,"potions_floor_spawned":[1,6,12,13,14],"killed_by":"Hexaghost","ascension_level":4}}