{"host":"r91i8wii3z9p67t1","time":1613050219,"event":{"mods":["BaseMod","Minty Spire (QoL Compilation)","Relic Stats","Reliquary","StSLib"],"gold_per_floor":[111,111,129,129,144,144,185,208,208,246,246,272,294,248,248,361,361,377,377,377,389,26,56,56,83,83,102,3,36,36,36,36],"floor_reached":31,"language":"ENG","playtime":1721,"items_purged":[],"score":470,"play_id":"75cd1ad8-438a-4627-b5af-5e34ce76748b","local_time":"20210211213019","is_ascension_mode":true,"campfire_choices":[{"data":"EmptyBody","floor":6.0,"key":"SMITH"},{"floor":11.0,"key":"REST"},{"floor":15.0,"key":"REST"},{"floor":24.0,"key":"REST"}],"circlet_count":0,"master_deck":["AscendersBane","Strike_P+1","Defend_P+1","Defend_P+1","Defend_P","Defend_P","Eruption","Vigilance","Adaptation","EmptyBody+1","WindmillStrike","Tantrum+1","WreathOfFlame","FearNoEvil+1","ClearTheMind","LessonLearned+1","ThirdEye","DeceiveReality","Protect+1","CutThroughFate","Evaluate","Protect","WreathOfFlame"],"relics":["PureWater","Unceasing Top","reliquary:RedPaperclip","Nilry\u0027s Codex","Frozen Eye","reliquary:Knoch","Bottled Tornado","Dream Catcher","reliquary:PartyBalloon","Torii"],"acts_visited":["Exordium","TheCity"],"potions_floor_usage":[31],"damage_taken":[{"damage":3.0,"enemies":"2 Louse","floor":1.0,"turns":4.0},{"damage":7.0,"enemies":"Cultist","floor":3.0,"turns":3.0},{"damage":1.0,"enemies":"Jaw Worm","floor":5.0,"turns":4.0},{"damage":24.0,"enemies":"3 Sentries","floor":7.0,"turns":9.0},{"damage":14.0,"enemies":"3 Louse","floor":8.0,"turns":4.0},{"damage":17.0,"enemies":"Lagavulin","floor":10.0,"turns":6.0},{"damage":17.0,"enemies":"Lots of Slimes","floor":12.0,"turns":4.0},{"damage":0.0,"enemies":"Blue Slaver","floor":13.0,"turns":3.0},{"damage":33.0,"enemies":"Slime Boss","floor":16.0,"turns":6.0},{"damage":9.0,"enemies":"Shell Parasite","floor":18.0,"turns":4.0},{"damage":0.0,"enemies":"Spheric Guardian","floor":21.0,"turns":1.0},{"damage":58.0,"enemies":"Book of Stabbing","floor":23.0,"turns":5.0},{"damage":33.0,"enemies":"Gremlin Leader","floor":25.0,"turns":6.0},{"damage":1.0,"enemies":"Centurion and Healer","floor":27.0,"turns":11.0},{"damage":13.0,"enemies":"Book of Stabbing","floor":29.0,"turns":5.0},{"damage":6,"enemies":"Snake Plant","floor":31,"turns":1}],"seed_played":"-7324380219473896658","potions_obtained":[{"floor":3.0,"key":"BlessingOfTheForge"},{"floor":5.0,"key":"FearPotion"},{"floor":10.0,"key":"FairyPotion"},{"floor":18.0,"key":"Regen Potion"},{"floor":29.0,"key":"Explosive Potion"}],"is_trial":false,"path_per_floor":["M","?","M","$","M","R","E","M","T","E","R","M","M","?","R","B",null,"M","?","?","M","$","E","R","E","T","M","$","E","?","M"],"character_chosen":"WATCHER","items_purchased":["Frozen Eye","DeceiveReality","reliquary:Knoch","Strength Potion","FearPotion"],"campfire_rested":3,"item_purchase_floors":[22,22,22,28,28],"current_hp_per_floor":[69,69,62,62,61,61,37,23,23,6,29,12,12,12,35,2,60,51,35,40,40,40,13,36,3,3,17,17,4,4,0,0],"gold":36,"neow_bonus":"TEN_PERCENT_HP_BONUS","is_daily":false,"chose_seed":false,"campfire_upgraded":1,"win_rate":0.0,"timestamp":1613050219,"path_taken":["M","?","M","?","?","R","E","M","T","E","R","M","M","?","R","BOSS","M","?","?","M","$","E","R","E","T","?","$","E","?","M"],"items_purchased_type":["Relic","Card","Relic","Potion","Potion"],"build_version":"2020-12-22","purchased_purges":0,"victory":false,"max_hp_per_floor":[79,79,79,79,79,79,79,79,79,79,79,79,79,79,79,79,79,79,79,79,79,79,79,79,79,79,79,79,79,79,79,79],"relic_stats":{"Dream Catcher":0,"Torii":0,"counters":[16,76],"obtain_stats":[{"Frozen Eye":22,"Dream Catcher":25,"reliquary:RedPaperclip":17,"Torii":29,"Nilry\u0027s Codex":19,"reliquary:PartyBalloon":26,"CeramicFish":7,"reliquary:Knoch":22,"PureWater":0,"Bottled Tornado":23,"StrikeDummy":9,"Unceasing Top":10},{"Frozen Eye":11,"Dream Catcher":13,"reliquary:RedPaperclip":9,"Torii":15,"Nilry\u0027s Codex":10,"reliquary:PartyBalloon":13,"CeramicFish":4,"reliquary:Knoch":11,"PureWater":0,"Bottled Tornado":12,"StrikeDummy":5,"Unceasing Top":6},{"Frozen Eye":48,"Dream Catcher":59,"reliquary:RedPaperclip":43,"Torii":75,"Nilry\u0027s Codex":47,"reliquary:PartyBalloon":59,"CeramicFish":20,"reliquary:Knoch":48,"PureWater":0,"Bottled Tornado":53,"StrikeDummy":24,"Unceasing Top":30}],"Unceasing Top":[1]},"card_choices":[{"not_picked":["Protect","Halt"],"picked":"Adaptation","floor":1.0},{"not_picked":["PathToVictory","MentalFortress"],"picked":"EmptyBody","floor":3.0},{"not_picked":["Crescendo","BowlingBash"],"picked":"WindmillStrike","floor":5.0},{"not_picked":["Consecrate","ThirdEye"],"picked":"Tantrum","floor":7.0},{"not_picked":["Swivel","MentalFortress"],"picked":"Consecrate","floor":8.0},{"not_picked":["PathToVictory","Study"],"picked":"WreathOfFlame","floor":10.0},{"not_picked":["Tantrum","EmptyBody"],"picked":"FearNoEvil","floor":12.0},{"not_picked":["Halt","SashWhip"],"picked":"ClearTheMind","floor":13.0},{"not_picked":["Ragnarok","Omniscience"],"picked":"LessonLearned","floor":16.0},{"not_picked":["ClearTheMind","Worship"],"picked":"ThirdEye","floor":18.0},{"not_picked":["CrushJoints","SashWhip","Consecrate"],"picked":"SKIP","floor":21.0},{"not_picked":["FlurryOfBlows","Halt"],"picked":"Protect+1","floor":23.0},{"not_picked":["ThirdEye","BowlingBash"],"picked":"CutThroughFate","floor":25.0},{"not_picked":["Collect","JustLucky","Crescendo"],"picked":"SKIP","floor":27.0},{"not_picked":["EmptyBody+1","ConjureBlade"],"picked":"Evaluate","floor":29.0}],"player_experience":1048720,"relics_obtained":[{"floor":7.0,"key":"CeramicFish"},{"floor":9.0,"key":"StrikeDummy"},{"floor":10.0,"key":"Unceasing Top"},{"floor":19.0,"key":"Nilry\u0027s Codex"},{"floor":23.0,"key":"Bottled Tornado"},{"floor":25.0,"key":"Dream Catcher"},{"floor":26.0,"key":"reliquary:PartyBalloon"},{"floor":29.0,"key":"Torii"}],"event_choices":[{"cards_removed":["Strike_P"],"damage_healed":0.0,"max_hp_gain":0.0,"max_hp_loss":0.0,"gold_gain":0.0,"event_name":"Purifier","player_choice":"Purged","floor":2.0,"gold_loss":0.0,"damage_taken":0.0},{"damage_healed":0.0,"max_hp_gain":0.0,"max_hp_loss":0.0,"gold_gain":0.0,"event_name":"World of Goop","player_choice":"Left Gold","floor":14.0,"gold_loss":46.0,"damage_taken":0.0},{"damage_healed":0.0,"max_hp_gain":0.0,"max_hp_loss":0.0,"gold_gain":0.0,"event_name":"Cursed Tome","player_choice":"Obtained Book","floor":19.0,"gold_loss":0.0,"damage_taken":16.0},{"cards_removed":["Consecrate"],"damage_healed":5.0,"max_hp_gain":0.0,"max_hp_loss":0.0,"gold_gain":0.0,"event_name":"Bonfire Elementals","player_choice":"Offered Common","floor":20.0,"gold_loss":0.0,"damage_taken":0.0},{"cards_removed":["Consecrate"],"damage_healed":5.0,"max_hp_gain":0.0,"max_hp_loss":0.0,"gold_gain":0.0,"event_name":"Bonfire Elementals","player_choice":"Offered Special","floor":20.0,"gold_loss":0.0,"damage_taken":0.0},{"damage_healed":0.0,"max_hp_gain":0.0,"max_hp_loss":0.0,"gold_gain":0.0,"cards_transformed":["Strike_P","Strike_P"],"event_name":"Drug Dealer","player_choice":"Became Test Subject","floor":30.0,"gold_loss":0.0,"damage_taken":0.0,"cards_obtained":["Protect","WreathOfFlame"]}],"is_beta":false,"boss_relics":[{"not_picked":["Velvet Choker","reliquary:WritOfMandamus"],"picked":"reliquary:RedPaperclip"}],"items_purged_floors":[],"is_endless":false,"potions_floor_spawned":[3,5,10,16,18,29],"killed_by":"Snake Plant","ascension_level":11}}