{"host":"fc5kl670efuhtomy","time":1613014015,"event":{"mods":["AchievementEnabler","Act Like it!","Arknights","BaseMod","Colored Powertips","Downfall","Marisa（F雨　魔理沙）","Minty Spire (QoL Compilation)","Quick Restart","Reimu（博丽灵梦）","Relic Stats","Replay The Spire","Spicy Shops","StSLib","The Bug Knight","The Construct","The Cursed","The Servant 0.9.4","WarShipGirlsR/战舰少女R mod"],"gold_per_floor":[115,133,133,233,12,29,45,65,110,110,128,159,159,159,159,259,259,273,284,284,297,257,257,257],"floor_reached":23,"language":"ZHS","playtime":1133,"items_purged":[],"score":193,"play_id":"48dc93d9-b65b-4e7b-80dc-c44f7c3fd768","local_time":"20210211112655","is_ascension_mode":false,"campfire_choices":[{"data":"ats:Sashimi Platter","floor":13.0,"key":"SMITH"},{"floor":15.0,"key":"REST"}],"circlet_count":0,"master_deck":["ats:Strike C","ats:Strike G","ats:Strike S","ats:Strike V","ats:Armor Crushing Shot","ats:Defend","ats:Defend+1","ats:Defend+1","ats:Defend","ats:Emotion Absorption","ats:Closed Bolt Burst Fire","ats:Sashimi Platter+1","SignatureMove","MysteriousBeam","champ:HoldFirm","Blasphemy","ZunPunch:ReiMu"],"relics":["ats:Sanity","NeowsBlessing","PrismaticShard","ats:Assault","Lantern","Oddly Smooth Stone","ats:Originium","Replay:Bottled Snecko","Painkiller Herb","ReplayTheSpireMod:TigerMarble"],"acts_visited":["Exordium","TheCity"],"potions_floor_usage":[23],"damage_taken":[{"damage":0.0,"enemies":"Small Slimes","floor":1.0,"turns":1.0},{"damage":0.0,"enemies":"ats:Genji","floor":2.0,"turns":1.0},{"damage":0.0,"enemies":"Cultist","floor":6.0,"turns":1.0},{"damage":10.0,"enemies":"Looter","floor":7.0,"turns":3.0},{"damage":8.0,"enemies":"Gremlin Gang","floor":8.0,"turns":6.0},{"damage":0.0,"enemies":"3 Louse","floor":11.0,"turns":2.0},{"damage":43.0,"enemies":"Lagavulin","floor":12.0,"turns":6.0},{"damage":36.0,"enemies":"Hexaghost","floor":16.0,"turns":11.0},{"damage":4.0,"enemies":"2 Thieves","floor":18.0,"turns":3.0},{"damage":0,"enemies":"Spheric Guardian","floor":19,"turns":3},{"damage":41,"enemies":"Shelled Parasite and Fungi","floor":21,"turns":7},{"damage":101,"enemies":"Gremlin Leader","floor":23,"turns":9}],"seed_played":"-3703370262352957810","potions_obtained":[{"floor":6.0,"key":"FairyPotion"},{"floor":12.0,"key":"Ancient Potion"},{"floor":16.0,"key":"SpeedPotion"},{"floor":19,"key":"Explosive Potion"}],"is_trial":false,"path_per_floor":["M","M","?","?","$","M","M","M","T","?","M","E","R","?","R","B",null,"?","?","?","?","?","E"],"character_chosen":"DOCTOR_CLASS","items_purchased":["ats:Assault","Lantern"],"campfire_rested":1,"item_purchase_floors":[5,5],"current_hp_per_floor":[72,72,72,72,72,72,62,68,68,68,68,31,31,17,37,37,69,65,69,69,37,37,0,0],"gold":257,"neow_bonus":"THREE_ENEMY_KILL","is_daily":false,"chose_seed":false,"campfire_upgraded":1,"win_rate":0.0,"timestamp":1613014015,"path_taken":["M","M","?","?","$","M","?","M","T","?","?","E","R","?","R","BOSS","?","?","?","?","?","E"],"items_purchased_type":["Relic","Relic"],"build_version":"2020-12-22","purchased_purges":0,"victory":false,"max_hp_per_floor":[72,72,72,72,72,72,72,72,72,69,69,69,69,69,69,69,69,69,69,69,69,69,69,69],"relic_stats":{"counters":[12,53],"obtain_stats":[{"Lantern":5,"NeowsBlessing":0,"ats:Originium":12,"ats:Assault":5,"Oddly Smooth Stone":9,"ZunR:ReiMu":22,"Painkiller Herb":17,"ReplayTheSpireMod:TigerMarble":20,"ats:Sanity":0,"Replay:Bottled Snecko":12,"PrismaticShard":3},{"Lantern":2,"NeowsBlessing":0,"ats:Originium":7,"ats:Assault":2,"Oddly Smooth Stone":5,"ZunR:ReiMu":11,"Painkiller Herb":8,"ReplayTheSpireMod:TigerMarble":10,"ats:Sanity":0,"Replay:Bottled Snecko":7,"PrismaticShard":2},{"Lantern":2,"NeowsBlessing":0,"ats:Originium":20,"ats:Assault":2,"Oddly Smooth Stone":12,"ZunR:ReiMu":44,"Painkiller Herb":31,"ReplayTheSpireMod:TigerMarble":37,"ats:Sanity":0,"Replay:Bottled Snecko":20,"PrismaticShard":2}]},"card_choices":[{"not_picked":["ats:Ignite","ats:Apocalypse"],"picked":"ats:Closed Bolt Burst Fire","floor":1.0},{"not_picked":["ats:Consecutive Shot Auto","ats:Mental Burst"],"picked":"ats:Sashimi Platter","floor":2.0},{"not_picked":["construct:Boost","rmod:spoils","rmod:aggressivemary"],"picked":"SKIP","floor":6.0},{"not_picked":["LearningPray:ReiMu","Dramatic Entrance"],"picked":"SignatureMove","floor":7.0},{"not_picked":["bronze:Iterate","ats:Leaping Hammer"],"picked":"MysteriousBeam","floor":8.0},{"not_picked":["Guardian:Emergency","HollowMod:NewLittleFool","TalkToTheHand"],"picked":"SKIP","floor":11.0},{"not_picked":["bronze:Overheat","Unruled","TheCursedMod:PrepareRite"],"picked":"SKIP","floor":12.0},{"not_picked":["Replay:Bag of Tricks","BlastKick2:ReiMu"],"picked":"champ:HoldFirm","floor":16.0},{"not_picked":["GrandCross","ats:Flexible Camouflage","sneckomod:UnknownClassTHE_BRONZE_AUTOMATON+1"],"picked":"SKIP","floor":18},{"not_picked":["HollowMod:InfectedAttack","Revamp","TheCursedMod:Stigma"],"picked":"SKIP","floor":19},{"not_picked":["TheCursedMod:FleshFromBone","bronze:BugBarrage"],"picked":"Blasphemy","floor":21}],"player_experience":221446,"relics_obtained":[{"floor":9.0,"key":"Oddly Smooth Stone"},{"floor":12.0,"key":"ats:Originium"},{"floor":12.0,"key":"Replay:Bottled Snecko"}],"event_choices":[{"damage_healed":0.0,"max_hp_gain":0.0,"max_hp_loss":0.0,"gold_gain":100.0,"event_name":"Golden Shrine","player_choice":"Pray","floor":4.0,"gold_loss":0.0,"damage_taken":0.0},{"cards_removed":["Parasite"],"damage_healed":0.0,"max_hp_gain":0.0,"max_hp_loss":0.0,"gold_gain":0.0,"event_name":"Fountain of Cleansing","player_choice":"Removed Curses","floor":10.0,"gold_loss":0.0,"damage_taken":0.0},{"damage_healed":0.0,"max_hp_gain":0.0,"max_hp_loss":0.0,"gold_gain":0.0,"event_name":"Shining Light","player_choice":"Entered Light","floor":14.0,"gold_loss":0.0,"damage_taken":14.0,"cards_upgraded":["ats:Defend","ats:Defend"]},{"damage_healed":0,"gold_gain":0,"player_choice":"Gave Potion","damage_taken":0,"relics_obtained":["ReplayTheSpireMod:TigerMarble"],"max_hp_gain":0,"max_hp_loss":0,"event_name":"WeMeetAgain","floor":20,"gold_loss":0},{"damage_healed":0,"gold_gain":0,"player_choice":"交出神酒","damage_taken":0,"max_hp_gain":0,"max_hp_loss":0,"event_name":"ZunEvent","floor":22,"relics_lost":["ZunR:ReiMu"],"gold_loss":0,"cards_obtained":["ZunPunch:ReiMu"]}],"is_beta":false,"boss_relics":[{"not_picked":["SacredBark","Empty Cage"],"picked":"Painkiller Herb"}],"items_purged_floors":[],"is_endless":false,"potions_floor_spawned":[6,12,16,19],"killed_by":"Gremlin Leader","ascension_level":0}}