{"host":"f5n4tidiz2n5sooh","time":1613023684,"event":{"mods":["BaseMod","Colored Map","Minty Spire (QoL Compilation)","Relic Stats","StSLib"],"gold_per_floor":[13,31,31,31,1,1,21,64,64,88,111,111,136,176,176,270,270,293,61,61,77,77,77],"floor_reached":22,"language":"ENG","playtime":734,"items_purged":["Strike_B"],"score":392,"play_id":"8ad4d5ff-c9a1-4e86-9b97-f7fff98a11b5","local_time":"20210211000804","is_ascension_mode":true,"campfire_choices":[{"data":"Beam Cell","floor":6,"key":"SMITH"},{"floor":12,"key":"REST"},{"data":"Defragment","floor":15,"key":"SMITH"}],"circlet_count":0,"master_deck":["AscendersBane","Strike_B","Defend_B","Defend_B","Defend_B","Defend_B","Zap","Dualcast","Melter","Capacitor","Seek","Beam Cell+1","Doom and Gloom","FTL","Darkness","Defragment+1","Cold Snap","Core Surge","Electrodynamics","Stack","Defragment+1","Sweeping Beam","Coolheaded"],"relics":["Cracked Core","Mango","Golden Idol","Pantograph","Boot","Sundial","Velvet Choker","DollysMirror"],"acts_visited":["Exordium","TheCity"],"potions_floor_usage":[8,11,14,22],"damage_taken":[{"damage":7,"enemies":"Small Slimes","floor":1,"turns":3},{"damage":7,"enemies":"Jaw Worm","floor":2,"turns":2},{"damage":1,"enemies":"Cultist","floor":7,"turns":3},{"damage":34,"enemies":"Lagavulin","floor":8,"turns":7},{"damage":6,"enemies":"Blue Slaver","floor":10,"turns":3},{"damage":5,"enemies":"Lots of Slimes","floor":11,"turns":2},{"damage":7,"enemies":"2 Fungi Beasts","floor":13,"turns":3},{"damage":5,"enemies":"Gremlin Nob","floor":14,"turns":3},{"damage":25,"enemies":"Slime Boss","floor":16,"turns":8},{"damage":35,"enemies":"Shell Parasite","floor":18,"turns":5},{"damage":28,"enemies":"3 Byrds","floor":21,"turns":3},{"damage":3,"enemies":"Cultist and Chosen","floor":22,"turns":3}],"seed_played":"-2715736863392902063","potions_obtained":[{"floor":1,"key":"SpeedPotion"},{"floor":8,"key":"Weak Potion"},{"floor":10,"key":"Dexterity Potion"},{"floor":11,"key":"Ancient Potion"}],"is_trial":false,"path_per_floor":["M","M","?","?","$","R","M","E","T","M","M","R","M","E","R","B",null,"M","$","?","M","M"],"character_chosen":"DEFECT","items_purchased":["Beam Cell","DollysMirror"],"campfire_rested":1,"item_purchase_floors":[5,19],"current_hp_per_floor":[71,64,64,64,64,64,63,29,29,23,18,41,34,29,29,29,65,30,30,30,2,0,0],"gold":77,"neow_bonus":"ONE_RARE_RELIC","is_daily":false,"chose_seed":false,"campfire_upgraded":2,"win_rate":0.0,"timestamp":1613023684,"path_taken":["M","M","?","?","?","R","M","E","T","M","M","R","M","E","R","BOSS","M","$","?","M","?"],"items_purchased_type":["Card","Relic"],"build_version":"2020-12-22","purchased_purges":1,"victory":false,"max_hp_per_floor":[85,85,85,77,77,77,77,77,77,77,77,77,77,77,77,77,77,77,77,77,77,77,77],"relic_stats":{"counters":[12,45],"Golden Idol":63,"Sundial":[2],"Pantograph":25,"Boot":[24],"obtain_stats":[{"Golden Idol":4,"Sundial":14,"DollysMirror":19,"Pantograph":8,"Velvet Choker":17,"Mango":0,"Cracked Core":0,"Boot":9},{"Golden Idol":2,"Sundial":8,"DollysMirror":10,"Pantograph":4,"Velvet Choker":9,"Mango":0,"Cracked Core":0,"Boot":4},{"Golden Idol":5,"Sundial":26,"DollysMirror":39,"Pantograph":15,"Velvet Choker":34,"Mango":0,"Cracked Core":0,"Boot":15}]},"card_choices":[{"not_picked":["Fusion","Streamline"],"picked":"Melter","floor":1},{"not_picked":["Redo","Tempest"],"picked":"Capacitor","floor":2},{"not_picked":["Cold Snap","Fusion"],"picked":"Doom and Gloom","floor":7},{"not_picked":["Tempest","Barrage"],"picked":"FTL","floor":8},{"not_picked":["Rebound","Seek"],"picked":"Darkness","floor":10},{"not_picked":["Barrage","Rebound"],"picked":"Defragment","floor":11},{"not_picked":["Fusion","Conserve Battery"],"picked":"Cold Snap","floor":13},{"not_picked":["Gash","Recycle"],"picked":"Core Surge","floor":14},{"not_picked":["Core Surge","Multi-Cast"],"picked":"Electrodynamics","floor":16},{"not_picked":["Gash","Barrage"],"picked":"Stack","floor":18},{"not_picked":["Barrage","Tempest"],"picked":"Coolheaded","floor":21}],"player_experience":2047656,"relics_obtained":[{"floor":8,"key":"Pantograph"},{"floor":9,"key":"Boot"},{"floor":14,"key":"Sundial"}],"event_choices":[{"damage_healed":0,"gold_gain":0,"cards_transformed":["Strike_B"],"player_choice":"Change","damage_taken":0,"max_hp_gain":0,"max_hp_loss":0,"event_name":"Living Wall","floor":3,"gold_loss":0,"cards_obtained":["Seek"]},{"damage_healed":0,"gold_gain":0,"player_choice":"Lose Max HP","damage_taken":0,"relics_obtained":["Golden Idol"],"max_hp_gain":0,"max_hp_loss":8,"event_name":"Golden Idol","floor":4,"gold_loss":0},{"damage_healed":0,"gold_gain":0,"cards_transformed":["Strike_B"],"player_choice":"Transformed","damage_taken":0,"max_hp_gain":0,"max_hp_loss":0,"event_name":"Transmorgrifier","floor":20,"gold_loss":0,"cards_obtained":["Sweeping Beam"]}],"is_beta":false,"boss_relics":[{"not_picked":["SacredBark","Pandora\u0027s Box"],"picked":"Velvet Choker"}],"items_purged_floors":[19],"is_endless":false,"potions_floor_spawned":[1,8,10,11],"killed_by":"Cultist and Chosen","ascension_level":20}}