{"host":"uc8wz0q199a7d901","time":1613011070,"event":{"mods":["2.2 Compatiblity","BaseMod","Colored Map","DeckTracker","Highlight Path","Minty Spire (QoL Compilation)","Permanent Neow","Quick Restart","SuperFastMode"],"gold_per_floor":[111,111,130,147,33,64,83,83,83,83,27,37,56,73,73,149,149,166,166,9,29,79,105,9,9,36,51,51,65,91,109,109,185,185,204,218,30,42,90,90,108,138,138,164,3,28,39,74,74,74,74,74],"floor_reached":51,"language":"KOR","playtime":1887,"items_purged":["Defend_B","Strike_B"],"score":1793,"play_id":"ad9fb4d5-8709-4fca-96ce-7243a18688bb","local_time":"20210211113750","is_ascension_mode":true,"campfire_choices":[{"data":"Hyperbeam","floor":8.0,"key":"SMITH"},{"data":"Sunder","floor":15.0,"key":"SMITH"},{"floor":28.0,"key":"REST"},{"data":"Meteor Strike","floor":32.0,"key":"SMITH"},{"data":"Buffer","floor":40,"key":"SMITH"},{"data":"Hyperbeam","floor":49,"key":"SMITH"}],"circlet_count":0,"master_deck":["AscendersBane","Strike_B","Strike_B","Defend_B","Defend_B","Defend_B","Zap","Dualcast","Hyperbeam+1","Self Repair","Compile Driver","Conserve Battery","Sunder+1","Genetic Algorithm","Self Repair","Hologram+1","Conserve Battery+1","Hyperbeam+1","Turbo+1","Core Surge","Hologram+1","Sunder","Meteor Strike+1","Discovery+1","Streamline","Reboot+1","Buffer+1","Apotheosis+1","Parasite","Streamline+1"],"relics":["Cracked Core","Dream Catcher","Toxic Egg 2","Snecko Eye","Art of War","Nloth\u0027s Gift","Pen Nib","Prayer Wheel","SlaversCollar","Dead Branch","White Beast Statue","Bird Faced Urn","Pantograph","Lee\u0027s Waffle","Nunchaku","Regal Pillow"],"acts_visited":["Exordium","TheCity","TheBeyond"],"potions_floor_usage":[44,46,47,48],"damage_taken":[{"damage":2.0,"enemies":"Cultist","floor":1.0,"turns":4.0},{"damage":2.0,"enemies":"Jaw Worm","floor":3.0,"turns":2.0},{"damage":0.0,"enemies":"Small Slimes","floor":4.0,"turns":1.0},{"damage":8.0,"enemies":"Gremlin Nob","floor":6.0,"turns":3.0},{"damage":13.0,"enemies":"Exordium Wildlife","floor":7.0,"turns":3.0},{"damage":1.0,"enemies":"2 Fungi Beasts","floor":12.0,"turns":2.0},{"damage":0.0,"enemies":"Lots of Slimes","floor":13.0,"turns":1.0},{"damage":0.0,"enemies":"3 Louse","floor":14.0,"turns":3.0},{"damage":0.0,"enemies":"Slime Boss","floor":16.0,"turns":5.0},{"damage":0.0,"enemies":"Spheric Guardian","floor":18.0,"turns":1.0},{"damage":17.0,"enemies":"2 Thieves","floor":21.0,"turns":3.0},{"damage":20.0,"enemies":"Slavers","floor":23.0,"turns":4.0},{"damage":6.0,"enemies":"Snecko","floor":27.0,"turns":4.0},{"damage":0.0,"enemies":"3 Cultists","floor":29.0,"turns":2.0},{"damage":0.0,"enemies":"Gremlin Leader","floor":30.0,"turns":4.0},{"damage":0.0,"enemies":"Sentry and Sphere","floor":31.0,"turns":1.0},{"damage":70.0,"enemies":"Champ","floor":33.0,"turns":6.0},{"damage":0.0,"enemies":"Orb Walker","floor":35.0,"turns":1.0},{"damage":0.0,"enemies":"3 Darklings","floor":36.0,"turns":2.0},{"damage":0.0,"enemies":"Writhing Mass","floor":38.0,"turns":4.0},{"damage":17.0,"enemies":"2 Orb Walkers","floor":39.0,"turns":2.0},{"damage":0,"enemies":"Transient","floor":41,"turns":6},{"damage":30,"enemies":"Giant Head","floor":42,"turns":7},{"damage":0,"enemies":"Reptomancer","floor":44,"turns":4},{"damage":17,"enemies":"Nemesis","floor":46,"turns":5},{"damage":0,"enemies":"Spire Growth","floor":47,"turns":4},{"damage":0,"enemies":"Giant Head","floor":48,"turns":5},{"damage":15,"enemies":"Donu and Deca","floor":50,"turns":5},{"damage":128,"enemies":"Awakened One","floor":51,"turns":11}],"seed_played":"6616775120682640010","potions_obtained":[{"floor":3.0,"key":"Explosive Potion"},{"floor":7.0,"key":"FairyPotion"},{"floor":13.0,"key":"SneckoOil"},{"floor":14.0,"key":"Strength Potion"},{"floor":18.0,"key":"DuplicationPotion"},{"floor":23.0,"key":"Explosive Potion"},{"floor":33.0,"key":"SkillPotion"},{"floor":36.0,"key":"AttackPotion"},{"floor":38.0,"key":"Ancient Potion"},{"floor":41,"key":"EssenceOfDarkness"},{"floor":44,"key":"Energy Potion"},{"floor":46,"key":"Dexterity Potion"},{"floor":47,"key":"Fruit Juice"},{"floor":48,"key":"Fruit Juice"}],"is_trial":false,"path_per_floor":["M","?","M","M","$","E","M","R","T","?","$","M","M","M","R","B",null,"M","?","$","M","?","E","$","?","T","M","R","M","E","M","R","B",null,"M","M","$","M","?","R","M","E","T","E","$","E","M","E","R","B","B"],"character_chosen":"DEFECT","items_purchased":["Sunder","Hologram+1","Hologram+1","Discovery+1","Apotheosis+1","Lee\u0027s Waffle"],"campfire_rested":1,"item_purchase_floors":[5,11,20,24,37,45],"current_hp_per_floor":[62,62,67,67,67,66,60,60,60,25,25,24,31,38,38,52,66,71,51,51,48,48,42,42,42,42,36,58,72,76,76,76,20,62,62,76,76,76,59,59,76,66,66,76,83,83,88,93,93,87,0,0],"gold":74,"neow_bonus":"ONE_RANDOM_RARE_CARD","is_daily":false,"chose_seed":false,"campfire_upgraded":5,"win_rate":0.0,"timestamp":1613011070,"path_taken":["M","?","M","?","$","E","M","R","T","?","?","M","M","?","R","BOSS","M","?","$","M","?","E","$","?","T","M","R","?","E","M","R","BOSS","M","M","$","M","?","R","M","E","T","E","$","E","M","E","R","BOSS","BOSS"],"items_purchased_type":["Card","Card","Card","Card","Card","Relic"],"build_version":"2020-12-22","purchased_purges":2,"victory":false,"max_hp_per_floor":[71,71,71,71,71,71,71,71,71,71,71,71,71,71,71,71,71,71,76,76,76,76,76,76,76,76,76,76,76,76,76,76,76,76,76,76,76,76,76,76,76,76,76,76,83,83,88,93,93,93,93,93],"card_choices":[{"not_picked":["Coolheaded","Go for the Eyes"],"picked":"Self Repair","floor":1.0},{"not_picked":["Defragment","Capacitor"],"picked":"Compile Driver","floor":3.0},{"not_picked":["Double Energy","Ball Lightning"],"picked":"Conserve Battery","floor":4.0},{"not_picked":["Steam Power","Turbo"],"picked":"Genetic Algorithm","floor":6.0},{"not_picked":["Loop","Barrage"],"picked":"Self Repair","floor":7.0},{"not_picked":["Compile Driver","Leap+1"],"picked":"Conserve Battery+1","floor":12.0},{"not_picked":["Go for the Eyes","Capacitor"],"picked":"Hyperbeam","floor":13.0},{"not_picked":["Lockon","Sweeping Beam"],"picked":"Turbo+1","floor":14.0},{"not_picked":["All For One","Multi-Cast+1"],"picked":"Core Surge","floor":16.0},{"not_picked":["Steam Power+1","Consume+1","Static Discharge"],"picked":"SKIP","floor":18.0},{"not_picked":["Chill+1","Go for the Eyes"],"picked":"Sunder","floor":21.0},{"not_picked":["Sunder","Tempest+1"],"picked":"Meteor Strike","floor":23.0},{"not_picked":["Consume+1","Melter"],"picked":"Streamline","floor":27.0},{"not_picked":["Cold Snap","Ball Lightning","Hologram+1"],"picked":"SKIP","floor":29.0},{"not_picked":["Ball Lightning","Barrage","All For One"],"picked":"SKIP","floor":30.0},{"not_picked":["Rebound","Sweeping Beam","Redo+1"],"picked":"SKIP","floor":31.0},{"not_picked":["Double Energy+1","Leap+1","Self Repair"],"picked":"SKIP","floor":31.0},{"not_picked":["Core Surge","Biased Cognition"],"picked":"Reboot+1","floor":33.0},{"not_picked":["Cold Snap+1","Scrape","Beam Cell"],"picked":"SKIP","floor":35.0},{"not_picked":["Aggregate+1","Compile Driver","Leap+1"],"picked":"SKIP","floor":35.0},{"not_picked":["Chaos+1","Force Field+1"],"picked":"Buffer","floor":36.0},{"not_picked":["Ball Lightning","Lockon+1","Cold Snap"],"picked":"SKIP","floor":36.0},{"not_picked":["Consume+1","Electrodynamics"],"picked":"Streamline+1","floor":38.0},{"not_picked":["Stack+1","Double Energy+1","Beam Cell"],"picked":"SKIP","floor":38.0},{"not_picked":["Streamline+1","Conserve Battery+1","Gash"],"picked":"SKIP","floor":41},{"not_picked":["Redo+1","Melter+1","Hologram+1"],"picked":"SKIP","floor":41},{"not_picked":["Gash","Hologram+1","Barrage"],"picked":"SKIP","floor":42},{"not_picked":["Rip and Tear","Amplify+1","Multi-Cast+1"],"picked":"SKIP","floor":44},{"not_picked":["Compile Driver","Steam Power+1","Recycle+1"],"picked":"SKIP","floor":46},{"not_picked":["Compile Driver","Streamline+1","Heatsinks+1"],"picked":"SKIP","floor":47},{"not_picked":["Steam+1","Redo+1","Stack+1"],"picked":"SKIP","floor":47},{"not_picked":["Blizzard","Hyperbeam","Seek+1"],"picked":"SKIP","floor":48}],"player_experience":739242,"relics_obtained":[{"floor":6.0,"key":"Dream Catcher"},{"floor":9.0,"key":"Toxic Egg 2"},{"floor":23.0,"key":"Art of War"},{"floor":26.0,"key":"Pen Nib"},{"floor":30.0,"key":"Prayer Wheel"},{"floor":39.0,"key":"Dead Branch"},{"floor":42,"key":"White Beast Statue"},{"floor":43,"key":"Bird Faced Urn"},{"floor":44,"key":"Pantograph"},{"floor":46,"key":"Nunchaku"},{"floor":48,"key":"Regal Pillow"}],"event_choices":[{"cards_removed":["Strike_B"],"damage_healed":0.0,"max_hp_gain":0.0,"max_hp_loss":0.0,"gold_gain":0.0,"event_name":"Purifier","player_choice":"Purged","floor":2.0,"gold_loss":0.0,"damage_taken":0.0},{"damage_healed":0.0,"max_hp_gain":0.0,"max_hp_loss":0.0,"gold_gain":0.0,"event_name":"Scrap Ooze","player_choice":"Success","floor":10.0,"gold_loss":0.0,"damage_taken":35.0,"relics_obtained":["Girya"]},{"damage_healed":0.0,"max_hp_gain":5.0,"max_hp_loss":0.0,"gold_gain":0.0,"event_name":"Forgotten Altar","player_choice":"Shed Blood","floor":19.0,"gold_loss":0.0,"damage_taken":25.0},{"damage_healed":0.0,"max_hp_gain":0.0,"max_hp_loss":0.0,"gold_gain":50.0,"event_name":"Nest","player_choice":"Stole From Cult","floor":22.0,"gold_loss":0.0,"damage_taken":0.0},{"damage_healed":0.0,"max_hp_gain":0.0,"max_hp_loss":0.0,"gold_gain":0.0,"event_name":"N\u0027loth","player_choice":"Traded Relic","floor":25.0,"relics_lost":["Girya"],"gold_loss":0.0,"damage_taken":0.0,"relics_obtained":["Nloth\u0027s Gift"]},{"damage_healed":0.0,"max_hp_gain":0.0,"max_hp_loss":0.0,"gold_gain":0.0,"event_name":"Mysterious Sphere","player_choice":"Fight","floor":39.0,"gold_loss":0.0,"damage_taken":0.0}],"is_beta":false,"boss_relics":[{"not_picked":["Inserter","FrozenCore"],"picked":"Snecko Eye"},{"not_picked":["Tiny House","Velvet Choker"],"picked":"SlaversCollar"}],"items_purged_floors":[5,20],"is_endless":false,"potions_floor_spawned":[3,7,13,14,18,23,27,33,36,38,39,41,44,46,47,48],"killed_by":"Awakened One","ascension_level":20}}