{"host":"g75gtovmj0ine2rf","time":1613028668,"event":{"mods":["2.2 Compatiblity","AchievementEnabler","Act Like it!","Arknights","Aspiration","Astrologer","Bard","BaseMod","Better Match","BetterRewards","Bossed Relics","CapriCore","Challenge The Spire","ChefMod","Clockwork Mod","Colored Map","Conspire","Elementarium","Energized Spire","Friendly Minions","Gensokyo","Halation","Hallownest","Hermit","HexUI Lib","Highlight Path","Hubris","Infinite Spire","Jedi Mod","Lobotomy","Menagerie","Minty Spire (QoL Compilation)","Puzzle Mod","Quick Restart","Rare Cards Sparkle","Relic Stats","Replay The Spire","Robot Space Explorer","Shade Mod","Shop Mod","Spicy Shops","StSLib","SuperFastMode","The Construct","The Cursed","The Dragon Tamer","The Juggle","The Jungle","The Marked","The Runesmith","The Showman","The Witch","TheBandit","TheFirefly","TheSwordswoman","TheVacant","TheVelvet","Transform Curses","Wandering Minibosses","thorton"],"gold_per_floor":[109,109,2,15,39,65,65,285,285,305,305,322,322,314,314,388,388,394,400,400,390,390],"floor_reached":21,"language":"ENG","playtime":1585,"items_purged":[],"score":183,"play_id":"4d3ad9de-4203-492f-932e-344d46a1d556","local_time":"20210211183108","is_ascension_mode":false,"campfire_choices":[{"data":"theShowman:Presto","floor":7,"key":"SMITH"},{"data":"theShowman:ShowOfStrength","floor":11,"key":"SMITH"},{"data":"theShowman:StageHook","floor":15,"key":"SMITH"}],"circlet_count":0,"master_deck":["theShowman:VanishingStrike","theShowman:VanishingStrike","theShowman:BasicStrike","theShowman:BasicStrike","theShowman:BasicDefend","theShowman:BasicDefend","theShowman:VanishingDefend","theShowman:VanishingDefend","theShowman:CardPickup52","theShowman:StageHook+1","theShowman:Presto+1","theShowman:ForMyNextTrick","theShowman:ShowOfStrength+1","theShowman:DivertingDisplay","theShowman:ThespianForm"],"relics":["theShowman:ThirdTimeCharm","Strawberry","jedi:cryingmask","Akabeko","Mirror","jedi:firstaidkit","jedi:paperlyon"],"acts_visited":["Exordium","Gensokyo:Gensokyo"],"potions_floor_usage":[16,21,21],"damage_taken":[{"damage":0,"enemies":"Gensokyo:Gryphon","floor":1,"turns":4},{"damage":1,"enemies":"Gensokyo:Python","floor":4,"turns":4},{"damage":18,"enemies":"Gensokyo:Mamizou","floor":6,"turns":10},{"damage":2,"enemies":"Gensokyo:3_Fairies","floor":8,"turns":6},{"damage":13,"enemies":"Gensokyo:VengefulSpirit","floor":10,"turns":6},{"damage":13,"enemies":"Gensokyo:Kitsune","floor":12,"turns":4},{"damage":0,"enemies":"Gensokyo:LivingMonolith","floor":13,"turns":6},{"damage":8,"enemies":"Gensokyo:Gryphon_and_Rabbit","floor":14,"turns":6},{"damage":55,"enemies":"Gensokyo:Yukari","floor":16,"turns":13},{"damage":31,"enemies":"Gensokyo:2_Gloops","floor":18,"turns":6},{"damage":4,"enemies":"Gensokyo:CosmicMonolith","floor":19,"turns":3},{"damage":56,"enemies":"Gensokyo:3_Gloops","floor":21,"turns":4}],"seed_played":"75868704127924338","potions_obtained":[{"floor":6,"key":"AttackPotion"},{"floor":16,"key":"ColorlessPotion"},{"floor":18,"key":"AttackPotion"},{"floor":19,"key":"ColorlessPotion"}],"is_trial":false,"path_per_floor":["M","?","COS","M","T","E","R","M","T","M","R","M","M","M","R","B",null,"M","M","?","M"],"character_chosen":"THE_SHOWMAN","items_purchased":[],"campfire_rested":0,"item_purchase_floors":[],"current_hp_per_floor":[82,74,74,73,73,55,55,53,53,47,47,39,39,81,81,52,82,56,52,52,0,0],"gold":390,"neow_bonus":"RANDOM_COMMON_RELIC","is_daily":false,"chose_seed":false,"campfire_upgraded":3,"win_rate":0.0,"timestamp":1613028668,"path_taken":["M","?","COS","M","?","E","R","M","T","M","R","M","?","M","R","BOSS","M","?","?","?"],"items_purchased_type":[],"build_version":"2020-12-22","purchased_purges":0,"victory":false,"max_hp_per_floor":[82,82,82,82,82,82,82,82,82,82,82,82,82,82,82,82,82,82,82,82,82,82],"relic_stats":{"counters":[12,72],"obtain_stats":[{"jedi:firstaidkit":10,"jedi:paperlyon":17,"Strawberry":0,"theShowman:ThirdTimeCharm":0,"jedi:cryingmask":5,"Mirror":9,"Akabeko":6},{"jedi:firstaidkit":5,"jedi:paperlyon":9,"Strawberry":0,"theShowman:ThirdTimeCharm":0,"jedi:cryingmask":2,"Mirror":4,"Akabeko":3},{"jedi:firstaidkit":25,"jedi:paperlyon":59,"Strawberry":0,"theShowman:ThirdTimeCharm":0,"jedi:cryingmask":8,"Mirror":24,"Akabeko":18}]},"card_choices":[{"not_picked":["theShowman:UpMySleeve","theShowman:Prestidigitation","theShowman:WildFlourish"],"picked":"SKIP","floor":1},{"not_picked":["theShowman:CrashingLights","theShowman:SleeveStash","theShowman:WildFlourish"],"picked":"SKIP","floor":4},{"not_picked":["theShowman:MaximumDistraction","theShowman:SleightedFlourish"],"picked":"theShowman:Presto","floor":6},{"not_picked":["theShowman:MirrorMirror","theShowman:BafflingShuffle","theShowman:ForMyNextTrick"],"picked":"SKIP","floor":8},{"not_picked":["theShowman:MirrorMirror","theShowman:BafflingShuffle"],"picked":"theShowman:ForMyNextTrick","floor":8},{"not_picked":["theShowman:ThrowingCards","theShowman:OpenTheCurtain"],"picked":"theShowman:ShowOfStrength","floor":10},{"not_picked":["theShowman:NowYouSeeMe","theShowman:WillingVolunteer","theShowman:SecondAct"],"picked":"SKIP","floor":12},{"not_picked":["theShowman:BottomDoubleDeal","theShowman:Presto","theShowman:ExaggeratedArmSweeps"],"picked":"SKIP","floor":13},{"not_picked":["theShowman:RazzleDazzle","theShowman:PropManacles"],"picked":"theShowman:DivertingDisplay","floor":14},{"not_picked":["theShowman:Columbify","theShowman:ImpromptuFlourish"],"picked":"theShowman:ThespianForm","floor":16},{"not_picked":["theShowman:RazzleDazzle","theShowman:DapperFlourish","theShowman:BlackJack+1"],"picked":"SKIP","floor":18},{"not_picked":["theShowman:PropShow","theShowman:NowYouDont","theShowman:Prestidigitation"],"picked":"SKIP","floor":19}],"player_experience":1422204,"relics_obtained":[{"floor":5,"key":"jedi:cryingmask"},{"floor":6,"key":"Akabeko"},{"floor":9,"key":"Mirror"}],"event_choices":[],"is_beta":false,"boss_relics":[{"not_picked":["Replay:Grab Bag","Ectoplasm"],"picked":"jedi:paperlyon"}],"items_purged_floors":[],"is_endless":false,"potions_floor_spawned":[6,16,18,19],"killed_by":"Gensokyo:3_Gloops","ascension_level":0}}