{"host":"d8cz15m779bv9isj","time":1613062370,"event":{"mods":["Aspiration","BaseMod","Colored Map","Colored Powertips","DeckTracker","Downfall","Hermit","Highlight Path","Hubris","Infinite Spire","Minty Spire (QoL Compilation)","Quick Restart","Random Character Button","Relic Sorter","Replay The Spire","StSLib","SuperFastMode","Synergy Search","The Cursed","The Disciple","The Jungle","The Runesmith"],"gold_per_floor":[112,123,123,123,139,171,186,217,217,217,246,266,37,56,56,161,161,174,99,99,112,125,125,125,125],"floor_reached":24,"language":"ENG","playtime":798,"items_purged":["Strike_G"],"score":283,"play_id":"9952f9fd-8847-4ad8-bb18-9abe441d0ff5","local_time":"20210211175250","is_ascension_mode":true,"campfire_choices":[{"floor":15,"key":"REST"},{"floor":23,"key":"REST"}],"circlet_count":0,"master_deck":["Strike_G","Strike_G","Strike_G","Defend_G","Defend_G+1","Defend_G","Defend_G","Defend_G","Survivor","Neutralize","Dagger Spray","Blade Dance+1","Hidden Blade","Acrobatics","Prepared","ReplayTheSpireMod:Shiv Toss","Corpse Explosion","Deadly Poison","A Thousand Cuts","Cloak And Dagger","Malaise","Endless Agony+1","ReplayTheSpireMod:Scrap Shanks","Blade Dance+1"],"relics":["Ring of the Snake","NeowsBlessing","hubris:Spice","Gambling Chip","Ring of Fangs","NlothsMask"],"acts_visited":["Exordium","TheCity"],"potions_floor_usage":[6,6,11,16,21],"damage_taken":[{"damage":0,"enemies":"Small Slimes","floor":1,"turns":1},{"damage":0,"enemies":"Cultist","floor":2,"turns":1},{"damage":0,"enemies":"Jaw Worm","floor":5,"turns":1},{"damage":19,"enemies":"Lagavulin","floor":6,"turns":3},{"damage":0,"enemies":"Exordium Wildlife","floor":7,"turns":2},{"damage":29,"enemies":"Gremlin Nob","floor":8,"turns":4},{"damage":31,"enemies":"3 Sentries","floor":11,"turns":12},{"damage":0,"enemies":"2 Fungi Beasts","floor":12,"turns":2},{"damage":3,"enemies":"Red Slaver","floor":14,"turns":4},{"damage":29,"enemies":"Slime Boss","floor":16,"turns":7},{"damage":47,"enemies":"Spheric Guardian","floor":18,"turns":8},{"damage":9,"enemies":"2 Thieves","floor":21,"turns":3},{"damage":2,"enemies":"Snake Plant","floor":22,"turns":6},{"damage":25,"enemies":"Gremlin Leader","floor":24,"turns":3}],"seed_played":"8387165637613187608","potions_obtained":[{"floor":2,"key":"ColorlessPotion"},{"floor":4,"key":"Death Potion"},{"floor":4,"key":"FairyPotion"},{"floor":4,"key":"Regen Potion"},{"floor":7,"key":"Adrenaline Potion"},{"floor":11,"key":"sneckomod:MuddlingPotion"},{"floor":14,"key":"Adrenaline Potion"},{"floor":18,"key":"EssenceOfSteel"}],"is_trial":false,"path_per_floor":["M","M","?","?","M","E","M","E","T","?","E","M","$","M","R","B",null,"M","?","?","M","M","R","E"],"character_chosen":"THE_SILENT","items_purchased":["A Thousand Cuts"],"campfire_rested":2,"item_purchase_floors":[13],"current_hp_per_floor":[63,63,49,49,49,43,43,22,22,22,39,39,39,36,59,30,60,13,13,13,4,2,23,0,0],"gold":125,"neow_bonus":"THREE_ENEMY_KILL","is_daily":false,"chose_seed":false,"campfire_upgraded":0,"win_rate":0.0,"timestamp":1613062370,"path_taken":["M","M","?","?","?","E","?","E","T","?","E","M","$","M","R","BOSS","M","?","?","?","M","R","E"],"items_purchased_type":["Card"],"build_version":"2020-12-22","purchased_purges":1,"victory":false,"max_hp_per_floor":[70,70,70,70,70,78,78,86,86,86,78,78,78,78,78,78,70,70,70,70,70,70,70,70,70],"card_choices":[{"not_picked":["Slice","hubris:SlightOfHand"],"picked":"Dagger Spray","floor":1},{"not_picked":["Underhanded Strike","Deadly Poison"],"picked":"Blade Dance","floor":2},{"not_picked":["Dagger Throw","Poisoned Stab"],"picked":"Hidden Blade","floor":5},{"not_picked":["Choke","Crippling Poison"],"picked":"Acrobatics","floor":6},{"not_picked":["PiercingWail","Outmaneuver"],"picked":"Prepared","floor":7},{"not_picked":["ReplayTheSpireMod:Scrap Shanks","Hidden Blade"],"picked":"ReplayTheSpireMod:Shiv Toss","floor":8},{"not_picked":["Heel Hook","Acrobatics"],"picked":"Corpse Explosion","floor":11},{"not_picked":["Reflex","Flechettes"],"picked":"Deadly Poison","floor":12},{"not_picked":["Masterful Stab","Choke"],"picked":"Cloak And Dagger","floor":14},{"not_picked":["Atom Bomb","Die Die Die"],"picked":"Malaise","floor":16},{"not_picked":["ReplayTheSpireMod:Tripwire+1","ReplayTheSpireMod:The Works"],"picked":"Endless Agony+1","floor":18},{"not_picked":["Expertise+1","hubris:SlightOfHand+1"],"picked":"ReplayTheSpireMod:Scrap Shanks","floor":21},{"not_picked":["Dagger Spray","Poisoned Stab"],"picked":"Blade Dance+1","floor":22}],"player_experience":246715,"relics_obtained":[{"floor":6,"key":"hubris:Spice"},{"floor":8,"key":"hubris:Spice"},{"floor":9,"key":"Gambling Chip"},{"floor":10,"key":"Ring of Fangs"},{"floor":11,"key":"hubris:Spice"}],"event_choices":[{"damage_healed":0,"gold_gain":0,"player_choice":"Entered Light","damage_taken":14,"max_hp_gain":0,"max_hp_loss":0,"event_name":"Shining Light","floor":3,"gold_loss":0,"cards_upgraded":["Blade Dance","Defend_G"]},{"damage_healed":0,"gold_gain":0,"player_choice":"Got Potions","damage_taken":0,"max_hp_gain":0,"max_hp_loss":0,"event_name":"Lab","floor":4,"gold_loss":0},{"cards_removed":["Strike_G"],"damage_healed":0,"gold_gain":0,"player_choice":"Gave Gold","damage_taken":0,"max_hp_gain":0,"max_hp_loss":0,"event_name":"Beggar","floor":19,"gold_loss":75},{"damage_healed":0,"gold_gain":0,"player_choice":"Trade","damage_taken":0,"relics_obtained":["NlothsMask"],"max_hp_gain":0,"max_hp_loss":0,"event_name":"FaceTrader","floor":20,"gold_loss":0}],"is_beta":false,"boss_relics":[{"not_picked":["aspiration:FutureDiary","hubris:Spice"],"picked":"hubris:Spice"}],"items_purged_floors":[13],"is_endless":false,"potions_floor_spawned":[2,7,11,14,18],"killed_by":"Gremlin Leader","ascension_level":6}}