{"host":"40e4adzyl212zebh","time":1613017506,"event":{"mods":["BaseMod","Colored Map","Colored Powertips","Minty Spire (QoL Compilation)","Quick Restart","StSLib","SuperFastMode"],"gold_per_floor":[114,114,114,127,180,180,180,214,279,441,56,75,94,125,125,125,125],"floor_reached":16,"language":"ENG","playtime":718,"items_purged":["Regret"],"score":216,"play_id":"67483b3d-d8a9-4d93-bced-6f844ff6a11f","local_time":"20210211132506","is_ascension_mode":true,"campfire_choices":[{"data":"Predator","floor":6,"key":"SMITH"},{"data":"Wraith Form v2","floor":15,"key":"SMITH"}],"circlet_count":0,"master_deck":["AscendersBane","Strike_G","Strike_G","Strike_G","Strike_G","Strike_G","Defend_G","Defend_G","Defend_G","Defend_G","Defend_G","Survivor","Neutralize","Sadistic Nature","Predator+1","Footwork","Doubt","Blur","Dagger Spray+1","Leg Sweep","Wraith Form v2+1"],"relics":["Ring of the Snake","Regal Pillow","Shuriken","MawBank","MealTicket","Molten Egg 2","Eternal Feather"],"acts_visited":["Exordium"],"potions_floor_usage":[8,14,16],"damage_taken":[{"damage":6,"enemies":"Jaw Worm","floor":1,"turns":7},{"damage":1,"enemies":"Cultist","floor":4,"turns":5},{"damage":33,"enemies":"3 Sentries","floor":8,"turns":10},{"damage":0,"enemies":"Small Slimes","floor":12,"turns":3},{"damage":0,"enemies":"2 Fungi Beasts","floor":13,"turns":4},{"damage":43,"enemies":"Gremlin Nob","floor":14,"turns":5},{"damage":20,"enemies":"Hexaghost","floor":16,"turns":11}],"seed_played":"-2044139604435169428","potions_obtained":[{"floor":1,"key":"SteroidPotion"},{"floor":8,"key":"Swift Potion"},{"floor":14,"key":"SpeedPotion"}],"is_trial":false,"path_per_floor":["M","?","?","M","?","R","?","E","T","?","$","M","M","E","R","B"],"character_chosen":"THE_SILENT","items_purchased":["Blur","Molten Egg 2"],"campfire_rested":0,"item_purchase_floors":[11,11],"current_hp_per_floor":[38,12,66,65,65,65,65,32,32,32,47,47,47,4,16,0,0],"gold":125,"neow_bonus":"RANDOM_COLORLESS_2","is_daily":false,"chose_seed":false,"campfire_upgraded":2,"win_rate":0.0,"timestamp":1613017506,"path_taken":["M","?","?","?","?","R","?","E","T","?","$","M","M","E","R","BOSS"],"items_purchased_type":["Card","Relic"],"build_version":"2020-12-22","purchased_purges":1,"victory":false,"max_hp_per_floor":[66,66,66,66,66,66,66,66,66,66,66,66,66,66,66,66,66],"card_choices":[{"not_picked":["Thinking Ahead","Transmutation"],"picked":"Sadistic Nature","floor":0},{"not_picked":["Sucker Punch","Accuracy"],"picked":"Endless Agony","floor":1},{"not_picked":["Flying Knee","Finisher"],"picked":"Predator","floor":4},{"not_picked":["Deflect","Heel Hook"],"picked":"Footwork","floor":8},{"not_picked":["Phantasmal Killer","Choke+1"],"picked":"Dagger Spray+1","floor":12},{"not_picked":["Dagger Spray+1","Setup"],"picked":"Leg Sweep","floor":13},{"not_picked":["Leg Sweep","Masterful Stab+1"],"picked":"Wraith Form v2","floor":14}],"player_experience":588007,"relics_obtained":[{"floor":8,"key":"MawBank"},{"floor":9,"key":"MealTicket"},{"floor":14,"key":"Eternal Feather"}],"event_choices":[{"damage_healed":0,"gold_gain":0,"player_choice":"Success","damage_taken":26,"relics_obtained":["Regal Pillow"],"max_hp_gain":0,"max_hp_loss":0,"event_name":"Scrap Ooze","floor":2,"gold_loss":0},{"cards_removed":["Endless Agony"],"damage_healed":54,"gold_gain":0,"player_choice":"Offered Uncommon","damage_taken":0,"max_hp_gain":0,"max_hp_loss":0,"event_name":"Bonfire Elementals","floor":3,"gold_loss":0},{"damage_healed":0,"gold_gain":53,"player_choice":"Gained Gold","damage_taken":0,"max_hp_gain":0,"max_hp_loss":0,"event_name":"Golden Wing","floor":5,"gold_loss":0},{"damage_healed":0,"gold_gain":0,"player_choice":"Box","damage_taken":0,"relics_obtained":["Shuriken"],"max_hp_gain":0,"max_hp_loss":0,"event_name":"Big Fish","floor":7,"gold_loss":0,"cards_obtained":["Regret"]},{"damage_healed":0,"gold_gain":150,"player_choice":"AGREE","damage_taken":0,"max_hp_gain":0,"max_hp_loss":0,"event_name":"Liars Game","floor":10,"gold_loss":0,"cards_obtained":["Doubt"]}],"is_beta":false,"boss_relics":[],"items_purged_floors":[11],"is_endless":false,"potions_floor_spawned":[1,8,14],"killed_by":"Hexaghost","ascension_level":20}}