{"host":"f2zkc2gsfwbibc34","time":1613041590,"event":{"mods":["AchievementEnabler","BaseMod","Better Note","Colored Map","Colored Powertips","Defuse TimeMaze Blight","Minty Spire (QoL Compilation)","Permanent Neow","StSLib","SuperFastMode","The Servant 0.9.4"],"gold_per_floor":[115,115,128,128,128,128,144,144,168,201,201,201,221,233,233,233,233],"floor_reached":16,"language":"ENG","playtime":832,"items_purged":[],"score":100,"play_id":"64f092c1-0837-4bf4-ac98-4fef661d17f1","local_time":"20210211120630","is_ascension_mode":false,"campfire_choices":[{"data":"KidneyShot","floor":6,"key":"SMITH"},{"data":"Exchange","floor":8,"key":"SMITH"},{"data":"Luminosity","floor":11,"key":"SMITH"},{"floor":15,"key":"REST"}],"circlet_count":0,"master_deck":["Strike_S","Strike_S","Strike_S","Strike_S","Defend_S","Defend_S","Defend_S","KidneyShot+1","Exchange+1","Defy","Misdirection","Alleviate","Starlight","Luminosity+1","TimeWarp"],"relics":["Uniform","Art of War","Toy Ornithopter","Potion Belt"],"acts_visited":[],"potions_floor_usage":[],"damage_taken":[{"damage":1.0,"enemies":"Cultist","floor":1.0,"turns":4.0},{"damage":2,"enemies":"Jaw Worm","floor":3,"turns":7},{"damage":0,"enemies":"2 Louse","floor":7,"turns":3},{"damage":26,"enemies":"Lagavulin","floor":10,"turns":12},{"damage":2,"enemies":"Large Slime","floor":13,"turns":6},{"damage":0,"enemies":"Red Slaver","floor":14,"turns":3},{"damage":56,"enemies":"Hexaghost","floor":16,"turns":16}],"seed_played":"4720925801663648806","potions_obtained":[{"floor":1,"key":"AttackPotion"},{"floor":13,"key":"PowerPotion"}],"is_trial":false,"path_per_floor":["M","?","M","?","$","R","M","R","T","E","R","$","M","M","R","B"],"character_chosen":"THE_SERVANT","items_purchased":[],"campfire_rested":1,"item_purchase_floors":[],"current_hp_per_floor":[64,64,62,62,62,62,62,62,62,36,36,36,34,34,53,0,0],"gold":233,"neow_bonus":"THREE_CARDS","is_daily":false,"chose_seed":false,"campfire_upgraded":3,"win_rate":0.0,"timestamp":1613041590,"path_taken":["M","?","?","?","$","R","M","R","T","E","R","$","M","M","R","BOSS"],"items_purchased_type":[],"build_version":"2020-12-22","purchased_purges":0,"victory":false,"max_hp_per_floor":[65,65,65,65,65,65,65,65,65,65,65,65,65,65,65,65,65],"card_choices":[{"not_picked":["ShatteredReality","Rewind"],"picked":"Defy","floor":0.0},{"not_picked":["Defy","ShatteredReality"],"picked":"Misdirection","floor":1},{"not_picked":["SpecialFormula","ShatteredReality"],"picked":"Alleviate","floor":3},{"not_picked":["Foresight","Collapse"],"picked":"Starlight","floor":7},{"not_picked":["Ricochet","Alleviate"],"picked":"Luminosity","floor":10},{"not_picked":["Advance","FastForward"],"picked":"TimeWarp","floor":13},{"not_picked":["Replace","Alleviate","Rewind"],"picked":"SKIP","floor":14}],"player_experience":90247,"relics_obtained":[{"floor":9,"key":"Toy Ornithopter"},{"floor":10,"key":"Potion Belt"}],"event_choices":[{"damage_healed":0,"gold_gain":0,"player_choice":"Gave Potion","damage_taken":0,"relics_obtained":["Art of War"],"max_hp_gain":0,"max_hp_loss":0,"event_name":"WeMeetAgain","floor":2,"gold_loss":0},{"cards_removed":["Defend_S"],"damage_healed":0,"gold_gain":0,"player_choice":"Purged","damage_taken":0,"max_hp_gain":0,"max_hp_loss":0,"event_name":"Purifier","floor":4,"gold_loss":0}],"is_beta":false,"boss_relics":[],"items_purged_floors":[],"is_endless":false,"potions_floor_spawned":[1,13],"killed_by":"Hexaghost","ascension_level":0}}