{"host":"r6jigiblrojhp6xe","time":1613028658,"event":{"mods":["AchievementEnabler","BaseMod","DeckTracker","Hermit","Minty Spire (QoL Compilation)","Quick Restart","Rare Cards Sparkle","Relic Stats","StSLib","SuperFastMode","everything is the same but u backflip on backflip"],"gold_per_floor":[114,114,114,39,57,57,84,84,84,95,95,112,126,159,159,231,281,281,281],"floor_reached":18,"language":"KOR","playtime":360,"items_purged":[],"score":390,"play_id":"d32c1619-3c07-4f80-88d8-d4f81771fb47","local_time":"20210211163058","is_ascension_mode":true,"campfire_choices":[{"data":"Dash","floor":6.0,"key":"SMITH"},{"data":"Deadly Poison","floor":8.0,"key":"SMITH"},{"data":"Malaise","floor":15,"key":"SMITH"}],"circlet_count":0,"master_deck":["AscendersBane","Strike_G","Strike_G+1","Strike_G+1","Strike_G","Strike_G","Defend_G+1","Defend_G","Defend_G","Defend_G","Survivor","Neutralize","Dash+1","Backflip","Deadly Poison+1","Skewer","Malaise+1","Grand Finale"],"relics":["Ring of the Snake","NeowsBlessing","Sundial","Happy Flower","Singing Bowl","Tiny House"],"acts_visited":["Exordium","TheCity"],"potions_floor_usage":[14],"damage_taken":[{"damage":0.0,"enemies":"Jaw Worm","floor":1.0,"turns":1.0},{"damage":0.0,"enemies":"2 Louse","floor":5.0,"turns":1.0},{"damage":0.0,"enemies":"Lagavulin","floor":7.0,"turns":1.0},{"damage":0.0,"enemies":"Small Slimes","floor":10.0,"turns":3.0},{"damage":1.0,"enemies":"3 Louse","floor":12.0,"turns":4.0},{"damage":1.0,"enemies":"Large Slime","floor":13.0,"turns":5.0},{"damage":9,"enemies":"Gremlin Nob","floor":14,"turns":4},{"damage":29,"enemies":"Hexaghost","floor":16,"turns":13},{"damage":0,"enemies":"3 Byrds","floor":18,"turns":2}],"seed_played":"-4560669406148118413","potions_obtained":[{"floor":1.0,"key":"GhostInAJar"},{"floor":17,"key":"FearPotion"}],"is_trial":false,"path_per_floor":["M","?","?","?","M","R","E","R","T","M","?","M","M","E","R","B",null,"M"],"character_chosen":"THE_SILENT","items_purchased":[],"campfire_rested":0,"item_purchase_floors":[],"current_hp_per_floor":[59,39,39,39,39,39,39,39,39,39,44,43,42,33,33,4,61,61,61],"gold":281,"neow_bonus":"THREE_ENEMY_KILL","is_daily":false,"chose_seed":false,"campfire_upgraded":3,"win_rate":0.0,"timestamp":1613028658,"path_taken":["M","?","?","?","M","R","E","R","T","M","?","M","M","E","R","BOSS","M"],"items_purchased_type":[],"build_version":"2020-12-22","purchased_purges":0,"victory":false,"max_hp_per_floor":[66,66,66,66,66,66,66,66,66,66,71,71,71,71,71,71,78,78,78],"relic_stats":{"Happy Flower":[10],"Singing Bowl":2,"counters":[9,34],"Sundial":[4],"obtain_stats":[{"Tiny House":17,"NeowsBlessing":0,"Happy Flower":9,"Singing Bowl":14,"Sundial":7,"Ring of the Snake":0},{"Tiny House":8,"NeowsBlessing":0,"Happy Flower":3,"Singing Bowl":7,"Sundial":3,"Ring of the Snake":0},{"Tiny House":32,"NeowsBlessing":0,"Happy Flower":3,"Singing Bowl":19,"Sundial":3,"Ring of the Snake":0}],"Ring of the Snake":[18]},"card_choices":[{"not_picked":["Caltrops","Underhanded Strike"],"picked":"Dash","floor":1.0},{"not_picked":["Poisoned Stab","Cloak And Dagger"],"picked":"Backflip","floor":5.0},{"not_picked":["Setup","Cloak And Dagger"],"picked":"Deadly Poison","floor":7.0},{"not_picked":["Slice","Dagger Spray","Finisher"],"picked":"SKIP","floor":10.0},{"not_picked":["Distraction","Dodge and Roll"],"picked":"Skewer","floor":12.0},{"not_picked":["Choke","Slice","Bane"],"picked":"SKIP","floor":13.0},{"not_picked":["Envenom","Endless Agony"],"picked":"Malaise","floor":14},{"not_picked":["Burst","Venomology"],"picked":"Grand Finale","floor":16},{"not_picked":["Dodge and Roll","Bane","Dagger Throw"],"picked":"Singing Bowl","floor":17}],"player_experience":608929,"relics_obtained":[{"floor":7.0,"key":"Sundial"},{"floor":9.0,"key":"Happy Flower"},{"floor":14,"key":"Singing Bowl"}],"event_choices":[{"damage_healed":0.0,"max_hp_gain":0.0,"max_hp_loss":0.0,"gold_gain":0.0,"event_name":"Shining Light","player_choice":"Entered Light","floor":2.0,"gold_loss":0.0,"damage_taken":20.0,"cards_upgraded":["Strike_G","Defend_G"]},{"damage_healed":0.0,"max_hp_gain":0.0,"max_hp_loss":0.0,"gold_gain":0.0,"event_name":"Liars Game","player_choice":"Ignored","floor":3.0,"gold_loss":0.0,"damage_taken":0.0},{"cards_removed":["Defend_G"],"damage_healed":0.0,"max_hp_gain":0.0,"max_hp_loss":0.0,"gold_gain":0.0,"event_name":"The Cleric","player_choice":"Card Removal","floor":4.0,"gold_loss":75.0,"damage_taken":0.0},{"damage_healed":0.0,"max_hp_gain":5.0,"max_hp_loss":0.0,"gold_gain":0.0,"event_name":"Big Fish","player_choice":"Donut","floor":11.0,"gold_loss":0.0,"damage_taken":0.0}],"is_beta":false,"boss_relics":[{"not_picked":["SlaversCollar","Velvet Choker"],"picked":"Tiny House"}],"items_purged_floors":[],"is_endless":false,"potions_floor_spawned":[1],"killed_by":"3 Byrds","ascension_level":20}}