{"host":"fooy2gnzsnh4qz9y","time":1613010061,"event":{"mods":["2.2 Compatiblity","AchievementEnabler","BaseMod","Colored Map","Colored Powertips","DeckTracker","Highlight Path","Keyboard Shortcuts","Minty Spire (QoL Compilation)","Permanent Neow","Quick Restart","Random Character Button","StSLib","SuperFastMode","everything is the same but u backflip on backflip"],"gold_per_floor":[114,189,14,29,44,44,59,74,74,89,89,41,56,86,86,186,186,201,51,51,66,25,40,52,64,126,153,165,277,304,316,328,440,452,479,506,518,545,198,198,213,4,4,4,54,69,94,109,109,109],"floor_reached":51,"language":"KOR","playtime":3541,"items_purged":["Sadistic Nature","Defend_P","Strike_P"],"score":751,"play_id":"8deb421a-5f7b-44e8-bc5f-acf5185172b2","local_time":"20210211112101","daily_mods":["Allstar","Vintage","Binary"],"is_ascension_mode":false,"campfire_choices":[{"data":"Eruption","floor":6.0,"key":"SMITH"},{"data":"Tantrum","floor":15.0,"key":"SMITH"},{"data":"Vault","floor":24.0,"key":"SMITH"},{"data":"Panacea","floor":28.0,"key":"SMITH"},{"data":"Vigilance","floor":32.0,"key":"SMITH"},{"data":"TalkToTheHand","floor":40.0,"key":"SMITH"},{"data":"ClearTheMind","floor":44,"key":"SMITH"},{"data":"1","floor":49,"key":"LIFT"}],"circlet_count":0,"master_deck":["Strike_P","Strike_P","Strike_P+1","Defend_P","Defend_P","Defend_P","Eruption+1","Vigilance+1","Swift Strike","Dark Shackles","Master of Strategy","Panacea+1","Halt+1","FearNoEvil+1","FlurryOfBlows","Tantrum+1","Vault+1","MentalFortress+1","Fasting2+1","DevaForm+1","TalkToTheHand+1","MentalFortress+1","ClearTheMind+1","Wallop+1"],"relics":["PureWater","Frozen Egg 2","Anchor","Art of War","Toy Ornithopter","Boot","Matryoshka","Akabeko","Kunai","Oddly Smooth Stone","SlaversCollar","Prayer Wheel","ClockworkSouvenir","Meat on the Bone","MawBank","TeardropLocket","PreservedInsect","Question Card","Torii","InkBottle","Regal Pillow","Busted Crown","Bronze Scales","Happy Flower","CloakClasp","Vajra","Ornamental Fan","Damaru","Pear","Girya","Nunchaku","Whetstone","Blood Vial"],"acts_visited":["Exordium","TheCity","TheBeyond"],"potions_floor_usage":[48],"damage_taken":[{"damage":3.0,"enemies":"2 Louse","floor":1.0,"turns":3.0},{"damage":3.0,"enemies":"Jaw Worm","floor":4.0,"turns":4.0},{"damage":0.0,"enemies":"Cultist","floor":5.0,"turns":3.0},{"damage":0.0,"enemies":"Exordium Wildlife","floor":7.0,"turns":3.0},{"damage":0.0,"enemies":"Looter","floor":8.0,"turns":3.0},{"damage":2.0,"enemies":"Large Slime","floor":10.0,"turns":5.0},{"damage":0.0,"enemies":"Exordium Thugs","floor":13.0,"turns":3.0},{"damage":0.0,"enemies":"3 Sentries","floor":14.0,"turns":4.0},{"damage":17.0,"enemies":"Hexaghost","floor":16.0,"turns":6.0},{"damage":10.0,"enemies":"2 Thieves","floor":18.0,"turns":3.0},{"damage":0.0,"enemies":"Spheric Guardian","floor":21.0,"turns":2.0},{"damage":0.0,"enemies":"Centurion and Healer","floor":23.0,"turns":3.0},{"damage":0.0,"enemies":"Cultist and Chosen","floor":27.0,"turns":3.0},{"damage":0.0,"enemies":"Colosseum Slavers","floor":29.0,"turns":2.0},{"damage":0.0,"enemies":"Colosseum Nobs","floor":29.0,"turns":2.0},{"damage":0.0,"enemies":"Shelled Parasite and Fungi","floor":30.0,"turns":3.0},{"damage":15.0,"enemies":"Collector","floor":33.0,"turns":6.0},{"damage":0.0,"enemies":"3 Shapes","floor":35.0,"turns":3.0},{"damage":9.0,"enemies":"3 Darklings","floor":36.0,"turns":4.0},{"damage":2.0,"enemies":"Sphere and 2 Shapes","floor":38.0,"turns":5.0},{"damage":0.0,"enemies":"Spire Growth","floor":41.0,"turns":4.0},{"damage":0,"enemies":"Mind Bloom Boss Battle","floor":45,"turns":4},{"damage":9,"enemies":"3 Darklings","floor":46,"turns":4},{"damage":0,"enemies":"Writhing Mass","floor":48,"turns":4},{"damage":9,"enemies":"Awakened One","floor":50,"turns":9}],"seed_played":"-587577638262706789","potions_obtained":[{"floor":1.0,"key":"Fruit Juice"},{"floor":8.0,"key":"Weak Potion"},{"floor":14.0,"key":"BlessingOfTheForge"},{"floor":16.0,"key":"Fruit Juice"},{"floor":18.0,"key":"EssenceOfSteel"},{"floor":21.0,"key":"Ambrosia"},{"floor":27.0,"key":"DuplicationPotion"},{"floor":29.0,"key":"Dexterity Potion"},{"floor":41.0,"key":"AttackPotion"},{"floor":48,"key":"Regen Potion"}],"is_trial":false,"path_per_floor":["M","?","$","M","M","R","M","M","T","M","?","$","M","E","R","B",null,"M","$","?","M","$","M","R","?","T","M","R","?","M","?","R","B",null,"M","M","?","M","$","R","M","$","T","R","?","M","T","M","R","B",null],"character_chosen":"WATCHER","items_purchased":["Halt","FearNoEvil","FlurryOfBlows","ClockworkSouvenir","MentalFortress+1","Vajra","TalkToTheHand","MentalFortress+1","ClearTheMind","Wallop"],"campfire_rested":0,"item_purchase_floors":[3,3,12,19,22,39,39,39,42,42],"current_hp_per_floor":[74,63,63,60,60,60,60,60,60,58,43,43,43,48,48,46,82,72,72,72,72,72,72,72,56,56,56,56,61,61,61,61,61,82,82,73,73,71,71,71,71,71,81,81,81,72,72,77,77,70],"gold":109,"neow_bonus":"","is_daily":true,"chose_seed":false,"campfire_upgraded":7,"win_rate":0.0,"timestamp":1613010061,"path_taken":["M","?","$","M","M","R","M","M","T","M","?","?","?","E","R","BOSS","M","$","?","M","$","M","R","?","T","M","R","?","M","?","R","BOSS","M","M","?","M","?","R","?","$","T","R","?","M","?","M","R","BOSS"],"items_purchased_type":["Card","Card","Card","Relic","Card","Relic","Card","Card","Card","Card"],"build_version":"2020-12-22","purchased_purges":3,"victory":true,"max_hp_per_floor":[77,77,77,77,77,77,77,77,77,77,77,77,77,77,77,82,82,82,82,82,82,82,82,82,82,82,82,82,82,82,82,82,82,82,82,82,82,82,82,82,82,82,92,92,92,92,92,92,92,92],"card_choices":[{"not_picked":["ThirdEye"],"picked":"Tantrum","floor":14.0},{"not_picked":["Brilliance"],"picked":"Vault","floor":16.0},{"not_picked":["Devotion+1","Establishment+1"],"picked":"DevaForm+1","floor":33.0}],"player_experience":251762,"relics_obtained":[{"floor":1.0,"key":"Frozen Egg 2"},{"floor":4.0,"key":"Anchor"},{"floor":5.0,"key":"Art of War"},{"floor":7.0,"key":"Toy Ornithopter"},{"floor":8.0,"key":"Boot"},{"floor":9.0,"key":"Matryoshka"},{"floor":10.0,"key":"Akabeko"},{"floor":13.0,"key":"Kunai"},{"floor":14.0,"key":"Oddly Smooth Stone"},{"floor":18.0,"key":"Prayer Wheel"},{"floor":21.0,"key":"Meat on the Bone"},{"floor":23.0,"key":"MawBank"},{"floor":26.0,"key":"TeardropLocket"},{"floor":26.0,"key":"PreservedInsect"},{"floor":27.0,"key":"Question Card"},{"floor":29.0,"key":"Torii"},{"floor":29.0,"key":"InkBottle"},{"floor":30.0,"key":"Regal Pillow"},{"floor":35.0,"key":"Bronze Scales"},{"floor":36.0,"key":"Happy Flower"},{"floor":38.0,"key":"CloakClasp"},{"floor":41.0,"key":"Ornamental Fan"},{"floor":43,"key":"Damaru"},{"floor":43,"key":"Pear"},{"floor":45,"key":"Girya"},{"floor":46,"key":"Nunchaku"},{"floor":47,"key":"Whetstone"},{"floor":48,"key":"Blood Vial"}],"event_choices":[{"damage_healed":0.0,"max_hp_gain":0.0,"max_hp_loss":0.0,"gold_gain":75.0,"event_name":"World of Goop","player_choice":"Gather Gold","floor":2.0,"gold_loss":0.0,"damage_taken":11.0},{"damage_healed":0.0,"max_hp_gain":0.0,"max_hp_loss":0.0,"gold_gain":0.0,"event_name":"Shining Light","player_choice":"Entered Light","floor":11.0,"gold_loss":0.0,"damage_taken":15.0,"cards_upgraded":["Halt","FearNoEvil"]},{"damage_healed":0.0,"max_hp_gain":0.0,"max_hp_loss":0.0,"gold_gain":0.0,"event_name":"Vampires","player_choice":"Ignored","floor":20.0,"gold_loss":0.0,"damage_taken":0.0},{"damage_healed":0.0,"max_hp_gain":0.0,"max_hp_loss":0.0,"gold_gain":0.0,"event_name":"Cursed Tome","player_choice":"Obtained Book","floor":25.0,"gold_loss":0.0,"damage_taken":16.0},{"damage_healed":0.0,"max_hp_gain":0.0,"max_hp_loss":0.0,"gold_gain":0.0,"event_name":"Colosseum","player_choice":"Fight","floor":29.0,"gold_loss":0.0,"damage_taken":0.0},{"damage_healed":0.0,"max_hp_gain":0.0,"max_hp_loss":0.0,"gold_gain":0.0,"event_name":"Colosseum","player_choice":"Fought Nobs","floor":29.0,"gold_loss":0.0,"damage_taken":0.0},{"damage_healed":0.0,"max_hp_gain":0.0,"max_hp_loss":0.0,"gold_gain":0.0,"event_name":"The Library","player_choice":"Read","floor":31.0,"gold_loss":0.0,"damage_taken":0.0,"cards_obtained":["Fasting2"]},{"damage_healed":0.0,"max_hp_gain":0.0,"max_hp_loss":0.0,"gold_gain":0.0,"event_name":"Tomb of Lord Red Mask","player_choice":"Ignored","floor":37.0,"gold_loss":0.0,"damage_taken":0.0},{"damage_healed":0,"gold_gain":0,"player_choice":"Fight","damage_taken":0,"max_hp_gain":0,"max_hp_loss":0,"event_name":"MindBloom","floor":45,"gold_loss":0}],"is_beta":false,"boss_relics":[{"not_picked":["Cursed Key","SacredBark"],"picked":"SlaversCollar"},{"not_picked":["Coffee Dripper","Runic Dome"],"picked":"Busted Crown"}],"items_purged_floors":[3,39,42],"is_endless":false,"potions_floor_spawned":[1,8,14,16,18,21,27,29,41,48],"ascension_level":0}}