{"host":"eft627g0ddukeijo","time":1613038397,"event":{"mods":["AchievementEnabler","BaseMod","Bestiary","Better Note","Block Reminder","Colored Powertips","Filter the Spire","Highlight Path","Minty Spire (QoL Compilation)","Permanent Neow","Quick Restart","Rare Cards Sparkle","Relic Stats","Slay-I","StSLib","Weighted Paths"],"gold_per_floor":[109,184,196,206,216,216,216,216,289,323,336,336,336],"floor_reached":12,"language":"ENG","playtime":286,"items_purged":[],"score":116,"play_id":"b9040b38-f357-447a-9304-80ec95f832f9","local_time":"20210211191317","is_ascension_mode":true,"campfire_choices":[{"floor":6.0,"key":"REST"},{"floor":8.0,"key":"REST"}],"circlet_count":0,"master_deck":["Strike_R","Strike_R","Defend_R","Defend_R","Defend_R","Defend_R","Bash","Sword Boomerang","Inflame","Thunderclap","Shrug It Off","Cleave"],"relics":["Burning Blood","Pantograph","Bag of Marbles"],"acts_visited":["Exordium"],"potions_floor_usage":[12,12],"damage_taken":[{"damage":4.0,"enemies":"2 Louse","floor":1.0,"turns":3.0},{"damage":0.0,"enemies":"Small Slimes","floor":3.0,"turns":3.0},{"damage":11.0,"enemies":"Cultist","floor":4.0,"turns":4.0},{"damage":14.0,"enemies":"Exordium Thugs","floor":5.0,"turns":5.0},{"damage":43.0,"enemies":"Gremlin Nob","floor":10.0,"turns":5.0},{"damage":16.0,"enemies":"Blue Slaver","floor":11.0,"turns":6.0},{"damage":35,"enemies":"Lagavulin","floor":12,"turns":3}],"seed_played":"1719180849476485295","potions_obtained":[{"floor":3.0,"key":"SmokeBomb"},{"floor":4.0,"key":"HeartOfIron"},{"floor":5.0,"key":"Energy Potion"},{"floor":11.0,"key":"BlessingOfTheForge"}],"is_trial":false,"path_per_floor":["M","?","M","M","M","R","?","R","T","E","M","E"],"character_chosen":"IRONCLAD","items_purchased":[],"campfire_rested":2,"item_purchase_floors":[],"current_hp_per_floor":[53,42,48,43,35,59,59,80,80,43,33,0,0],"gold":336,"neow_bonus":"REMOVE_TWO","is_daily":false,"chose_seed":false,"campfire_upgraded":0,"win_rate":0.0,"timestamp":1613038397,"path_taken":["M","?","M","M","M","R","?","R","T","E","?","E"],"items_purchased_type":[],"build_version":"2020-12-22","purchased_purges":0,"victory":false,"max_hp_per_floor":[80,80,80,80,80,80,80,80,80,80,80,80,80],"relic_stats":{"counters":[7,29],"Pantograph":0,"obtain_stats":[{"Pantograph":9,"Bag of Marbles":10,"Burning Blood":0},{"Pantograph":4,"Bag of Marbles":5,"Burning Blood":0},{"Pantograph":15,"Bag of Marbles":20,"Burning Blood":0}],"Burning Blood":36},"card_choices":[{"not_picked":["Clothesline","Iron Wave"],"picked":"Sword Boomerang","floor":1.0},{"not_picked":["Battle Trance","Headbutt"],"picked":"Inflame","floor":3.0},{"not_picked":["Ghostly Armor","Power Through"],"picked":"Thunderclap","floor":4.0},{"not_picked":["Warcry","Burning Pact"],"picked":"Shrug It Off","floor":5.0},{"not_picked":["Warcry","Twin Strike","Pommel Strike"],"picked":"SKIP","floor":10.0},{"not_picked":["True Grit","Intimidate"],"picked":"Cleave","floor":11.0}],"player_experience":569060,"relics_obtained":[{"floor":9.0,"key":"Pantograph"},{"floor":10.0,"key":"Bag of Marbles"}],"event_choices":[{"damage_healed":0.0,"max_hp_gain":0.0,"max_hp_loss":0.0,"gold_gain":75.0,"event_name":"World of Goop","player_choice":"Gather Gold","floor":2.0,"gold_loss":0.0,"damage_taken":11.0},{"cards_removed":["Strike_R"],"damage_healed":0.0,"max_hp_gain":0.0,"max_hp_loss":0.0,"gold_gain":0.0,"event_name":"Bonfire Elementals","player_choice":"Offered Basic","floor":7.0,"gold_loss":0.0,"damage_taken":0.0}],"is_beta":false,"boss_relics":[],"items_purged_floors":[],"is_endless":false,"potions_floor_spawned":[3,4,5,11],"killed_by":"Lagavulin","ascension_level":9}}