{"host":"9bcvatsnbq1a3xq4","time":1613067824,"event":{"mods":["BaseMod","Bestiary","Block Reminder","Highlight Path","Minty Spire (QoL Compilation)","Relic Stats"],"gold_per_floor":[117,117,129,140,151,151,179,179,179,195,195,214,214,60,60,138,138,154,154,154,170,16,16,49,63,88,88,9,9,9,19,19,98,98,116,116,134,0,0,0,0],"floor_reached":40,"language":"ENG","playtime":2583,"items_purged":["Strike_B","Strike_B"],"score":958,"play_id":"1f22fce9-abb3-4765-9dee-9d962c5571c5","local_time":"20210211192344","is_ascension_mode":true,"campfire_choices":[{"data":"Melter","floor":6,"key":"SMITH"},{"floor":8,"key":"REST"},{"data":"1","floor":11,"key":"LIFT"},{"data":"2","floor":13,"key":"LIFT"},{"data":"3","floor":15,"key":"LIFT"},{"floor":23,"key":"REST"},{"data":"Consume","floor":27,"key":"SMITH"},{"data":"Capacitor","floor":32,"key":"SMITH"}],"circlet_count":0,"master_deck":["AscendersBane","Strike_B+1","Defend_B+1","Defend_B+1","Defend_B+1","Zap","Dualcast","Chill","Seek","Sweeping Beam","Melter+1","Darkness","Compile Driver","Genetic Algorithm","Go for the Eyes","Cold Snap","Consume+1","Rainbow","Ball Lightning","Leap","Sweeping Beam","Capacitor+1","Self Repair","Amplify","Coolheaded","Defragment+1","Dark Shackles","Blind"],"relics":["Cracked Core","Turnip","Girya","Philosopher\u0027s Stone","Enchiridion","HornCleat","DataDisk","Smiling Mask","Nuclear Battery","Red Mask"],"acts_visited":["Exordium","TheCity","TheBeyond"],"potions_floor_usage":[16,21,24,33,40,40],"damage_taken":[{"damage":0,"enemies":"Small Slimes","floor":1,"turns":3},{"damage":0,"enemies":"2 Louse","floor":3,"turns":2},{"damage":2,"enemies":"Jaw Worm","floor":4,"turns":3},{"damage":7,"enemies":"Exordium Wildlife","floor":5,"turns":3},{"damage":28,"enemies":"3 Sentries","floor":7,"turns":6},{"damage":6,"enemies":"Blue Slaver","floor":10,"turns":3},{"damage":3,"enemies":"Large Slime","floor":12,"turns":5},{"damage":0,"enemies":"Slime Boss","floor":16,"turns":10},{"damage":0,"enemies":"Spheric Guardian","floor":18,"turns":1},{"damage":23,"enemies":"3 Byrds","floor":21,"turns":3},{"damage":20,"enemies":"Gremlin Leader","floor":24,"turns":4},{"damage":0,"enemies":"3 Cultists","floor":25,"turns":4},{"damage":9,"enemies":"Snake Plant","floor":31,"turns":4},{"damage":2,"enemies":"Champ","floor":33,"turns":14},{"damage":41,"enemies":"3 Shapes","floor":35,"turns":4},{"damage":0,"enemies":"Orb Walker","floor":37,"turns":3},{"damage":37,"enemies":"Reptomancer","floor":40,"turns":9}],"seed_played":"6211897310667467634","potions_obtained":[{"floor":3,"key":"SmokeBomb"},{"floor":5,"key":"SpeedPotion"},{"floor":7,"key":"FearPotion"},{"floor":10,"key":"FocusPotion"},{"floor":18,"key":"SteroidPotion"},{"floor":33,"key":"Explosive Potion"},{"floor":35,"key":"Swift Potion"}],"is_trial":false,"path_per_floor":["M","?","M","M","M","R","E","R","T","M","R","M","R","$","R","B",null,"M","?","?","M","$","R","E","M","T","R","$","T","?","M","R","B",null,"M","?","M","?","?","E"],"character_chosen":"DEFECT","items_purchased":["Consume","Explosive Potion","Capacitor"],"campfire_rested":2,"item_purchase_floors":[14,22,28],"current_hp_per_floor":[64,69,69,67,60,60,32,52,52,46,46,43,43,43,43,43,63,63,63,42,19,19,39,19,19,19,19,19,19,19,10,10,15,56,22,22,36,36,31,0,0],"gold":0,"neow_bonus":"TRANSFORM_TWO_CARDS","is_daily":false,"chose_seed":false,"campfire_upgraded":3,"win_rate":0.0,"timestamp":1613067824,"path_taken":["M","?","M","M","M","R","E","R","T","M","R","M","R","$","R","BOSS","M","?","?","M","$","R","E","M","T","R","?","?","?","M","R","BOSS","M","?","M","?","?","E"],"items_purchased_type":["Card","Potion","Card"],"build_version":"2020-12-22","purchased_purges":2,"victory":false,"max_hp_per_floor":[64,69,69,69,69,69,69,69,69,69,69,69,69,69,69,69,69,69,69,69,69,69,69,69,69,69,69,69,69,69,69,69,69,69,69,66,66,66,66,66,66],"relic_stats":{"counters":[17,81],"Turnip":[13],"Smiling Mask":0,"obtain_stats":[{"Girya":9,"DataDisk":26,"HornCleat":24,"Enchiridion":20,"Philosopher\u0027s Stone":17,"Turnip":7,"Red Mask":38,"Cracked Core":0,"Smiling Mask":29,"Nuclear Battery":34},{"Girya":5,"DataDisk":12,"HornCleat":11,"Enchiridion":9,"Philosopher\u0027s Stone":8,"Turnip":5,"Red Mask":16,"Cracked Core":0,"Smiling Mask":12,"Nuclear Battery":14},{"Girya":17,"DataDisk":47,"HornCleat":43,"Enchiridion":36,"Philosopher\u0027s Stone":35,"Turnip":17,"Red Mask":72,"Cracked Core":0,"Smiling Mask":47,"Nuclear Battery":65}]},"card_choices":[{"not_picked":["Gash","Rebound"],"picked":"Sweeping Beam","floor":1},{"not_picked":["Hello World","Lockon"],"picked":"Melter","floor":3},{"not_picked":["Coolheaded","Conserve Battery"],"picked":"Darkness","floor":4},{"not_picked":["Sweeping Beam","Loop"],"picked":"Compile Driver","floor":5},{"not_picked":["Cold Snap","Hello World"],"picked":"Genetic Algorithm","floor":7},{"not_picked":["Steam","Conserve Battery"],"picked":"Go for the Eyes","floor":10},{"not_picked":["Gash","Turbo"],"picked":"Cold Snap","floor":12},{"not_picked":["Meteor Strike","Hyperbeam"],"picked":"Rainbow","floor":16},{"not_picked":["Steam","Barrage"],"picked":"Ball Lightning","floor":18},{"not_picked":["Hologram","Streamline"],"picked":"Leap","floor":21},{"not_picked":["Coolheaded","Gash"],"picked":"Sweeping Beam","floor":24},{"not_picked":["Redo","Heatsinks","Consume"],"picked":"SKIP","floor":25},{"not_picked":["Undo","Heatsinks"],"picked":"Self Repair","floor":31},{"not_picked":["Core Surge","Machine Learning"],"picked":"Amplify","floor":33},{"not_picked":["Leap","Consume+1"],"picked":"Coolheaded","floor":35},{"not_picked":["Storm","Tempest"],"picked":"Defragment+1","floor":37},{"not_picked":["Good Instincts","Jack Of All Trades"],"picked":"Dark Shackles","floor":39},{"not_picked":["Madness","Forethought"],"picked":"Blind","floor":39}],"player_experience":837892,"relics_obtained":[{"floor":7,"key":"Turnip"},{"floor":9,"key":"Girya"},{"floor":20,"key":"Enchiridion"},{"floor":24,"key":"HornCleat"},{"floor":26,"key":"DataDisk"},{"floor":29,"key":"Smiling Mask"}],"event_choices":[{"damage_healed":0,"gold_gain":0,"player_choice":"Donut","damage_taken":0,"max_hp_gain":5,"max_hp_loss":0,"event_name":"Big Fish","floor":2,"gold_loss":0},{"damage_healed":0,"gold_gain":0,"player_choice":"Ignored","damage_taken":0,"max_hp_gain":0,"max_hp_loss":0,"event_name":"Vampires","floor":19,"gold_loss":0},{"damage_healed":0,"gold_gain":0,"player_choice":"Obtained Book","damage_taken":21,"max_hp_gain":0,"max_hp_loss":0,"event_name":"Cursed Tome","floor":20,"gold_loss":0},{"damage_healed":0,"gold_gain":0,"player_choice":"Simplicity","damage_taken":0,"max_hp_gain":0,"max_hp_loss":0,"event_name":"Back to Basics","floor":30,"gold_loss":0,"cards_upgraded":["Strike_B","Defend_B","Defend_B","Defend_B"]},{"damage_healed":0,"gold_gain":0,"player_choice":"Max HP","damage_taken":0,"max_hp_gain":0,"max_hp_loss":3,"event_name":"Winding Halls","floor":36,"gold_loss":0},{"damage_healed":0,"gold_gain":0,"player_choice":"Paid","damage_taken":0,"relics_obtained":["Red Mask"],"max_hp_gain":0,"max_hp_loss":0,"event_name":"Tomb of Lord Red Mask","floor":38,"gold_loss":134},{"damage_healed":0,"gold_gain":0,"player_choice":"Memory 2","damage_taken":5,"max_hp_gain":0,"max_hp_loss":0,"event_name":"SensoryStone","floor":39,"gold_loss":0}],"is_beta":false,"boss_relics":[{"not_picked":["Empty Cage","Fusion Hammer"],"picked":"Philosopher\u0027s Stone"},{"not_picked":["Runic Dome","Velvet Choker"],"picked":"Nuclear Battery"}],"items_purged_floors":[14,22],"is_endless":false,"potions_floor_spawned":[3,5,7,10,18,33,35],"killed_by":"Reptomancer","ascension_level":20}}