{"host":"5y2vm16xfq9gfmb2","time":1613028815,"event":{"mods":["AchievementEnabler","BaseMod","Better Third Choice","Colored Map","Colored Powertips","DeckTracker","Marisa????????","Minty Spire (QoL Compilation)","Rare Cards Sparkle","Relic Stats","StSLib","The Alterego","The Servant 0.9.4"],"gold_per_floor":[118,118,118,132,151,171,171,171,196,212,177,177,207,221,221,317,317,328,346,53,71,71,71],"floor_reached":22,"language":"ENG","playtime":1185,"items_purged":[],"score":188,"play_id":"9e49dddd-c680-41f9-9e5f-c8be1c6ea0aa","local_time":"20210211023335","is_ascension_mode":false,"campfire_choices":[{"floor":7,"key":"REST"},{"floor":12,"key":"REST"},{"floor":15,"key":"REST"}],"circlet_count":0,"master_deck":["Strike_P","Strike_P","Defend_P","Defend_P","Defend_P","Defend_P","Eruption","Vigilance","ReachHeaven+1","Vengeance","Weave+1","Consecrate","Consecrate","ClearTheMind","Pray","DeusExMachina","FlurryOfBlows","Establishment","Injury","DevaForm+1","Protect+1","Conclude","Evaluate","Manipulate"],"relics":["PureWater","WarpedTongs","Bag of Marbles","Regal Pillow","Astrolabe","PrismaticShard","Juzu Bracelet"],"acts_visited":["Exordium","TheCity"],"potions_floor_usage":[16,16,16,22],"damage_taken":[{"damage":3,"enemies":"Jaw Worm","floor":1,"turns":4},{"damage":2,"enemies":"Small Slimes","floor":4,"turns":2},{"damage":4,"enemies":"Cultist","floor":5,"turns":3},{"damage":13,"enemies":"3 Louse","floor":6,"turns":3},{"damage":14,"enemies":"Gremlin Gang","floor":10,"turns":2},{"damage":10,"enemies":"Gremlin Nob","floor":13,"turns":3},{"damage":7,"enemies":"Red Slaver","floor":14,"turns":3},{"damage":42,"enemies":"Hexaghost","floor":16,"turns":5},{"damage":32,"enemies":"Shell Parasite","floor":18,"turns":6},{"damage":5,"enemies":"Spheric Guardian","floor":19,"turns":3},{"damage":11,"enemies":"Centurion and Healer","floor":21,"turns":5},{"damage":52,"enemies":"Cultist and Chosen","floor":22,"turns":6}],"seed_played":"7334600473863887017","potions_obtained":[{"floor":6,"key":"Swift Potion"},{"floor":10,"key":"SteroidPotion"},{"floor":14,"key":"Dexterity Potion"},{"floor":18,"key":"SpeedPotion"},{"floor":21,"key":"DistilledChaos"}],"is_trial":false,"path_per_floor":["M","?","?","M","M","M","R","?","T","M","$","R","E","M","R","B",null,"M","M","$","M","M"],"character_chosen":"WATCHER","items_purchased":["Pray","PrismaticShard","Juzu Bracelet"],"campfire_rested":3,"item_purchase_floors":[11,20,20],"current_hp_per_floor":[69,69,69,67,63,50,71,71,71,57,57,72,62,55,72,30,72,40,35,35,24,0,0],"gold":71,"neow_bonus":"THREE_CARDS","is_daily":false,"chose_seed":false,"campfire_upgraded":0,"win_rate":0.0,"timestamp":1613028815,"path_taken":["M","?","?","?","M","M","R","?","T","M","$","R","E","M","R","BOSS","M","?","?","M","M"],"items_purchased_type":["Card","Relic","Relic"],"build_version":"2020-12-22","purchased_purges":0,"victory":false,"max_hp_per_floor":[72,72,72,72,72,72,72,72,72,72,72,72,72,72,72,72,72,72,72,72,72,72,72],"relic_stats":{"Regal Pillow":0,"counters":[12,45],"Astrolabe":["Injury","DevaForm","Protect"],"Juzu Bracelet":0,"obtain_stats":[{"Regal Pillow":13,"Astrolabe":17,"Bag of Marbles":9,"Juzu Bracelet":20,"PureWater":0,"PrismaticShard":20,"WarpedTongs":3},{"Regal Pillow":6,"Astrolabe":8,"Bag of Marbles":4,"Juzu Bracelet":10,"PureWater":0,"PrismaticShard":10,"WarpedTongs":1},{"Regal Pillow":17,"Astrolabe":25,"Bag of Marbles":12,"Juzu Bracelet":34,"PureWater":0,"PrismaticShard":34,"WarpedTongs":4}],"WarpedTongs":[41]},"card_choices":[{"not_picked":["CrushJoints","WaveOfTheHand"],"picked":"ReachHeaven","floor":0},{"not_picked":["CutThroughFate","ThirdEye"],"picked":"Vengeance","floor":1},{"not_picked":["WaveOfTheHand","WreathOfFlame"],"picked":"Weave","floor":4},{"not_picked":["Protect","PathToVictory"],"picked":"Consecrate","floor":5},{"not_picked":["WheelKick","EmptyMind"],"picked":"Consecrate","floor":6},{"not_picked":["JustLucky","EmptyFist"],"picked":"ClearTheMind","floor":10},{"not_picked":["CrushJoints","DeceiveReality"],"picked":"DeusExMachina","floor":13},{"not_picked":["Protect","Evaluate"],"picked":"FlurryOfBlows","floor":14},{"not_picked":["Scrawl","Ragnarok"],"picked":"Establishment","floor":16},{"not_picked":["WaveOfTheHand","SashWhip"],"picked":"Conclude","floor":18},{"not_picked":["TalkToTheHand","Sanctity"],"picked":"Evaluate","floor":19},{"not_picked":["Steam","Indignation+1"],"picked":"Manipulate","floor":21}],"player_experience":28000,"relics_obtained":[{"floor":9,"key":"Bag of Marbles"},{"floor":13,"key":"Regal Pillow"}],"event_choices":[{"damage_healed":0,"gold_gain":0,"player_choice":"Grow","damage_taken":0,"max_hp_gain":0,"max_hp_loss":0,"event_name":"Living Wall","floor":2,"gold_loss":0,"cards_upgraded":["ReachHeaven"]},{"damage_healed":0,"gold_gain":0,"player_choice":"Rummage","damage_taken":0,"relics_obtained":["WarpedTongs"],"max_hp_gain":0,"max_hp_loss":0,"event_name":"Accursed Blacksmith","floor":3,"gold_loss":0,"cards_obtained":["Pain"]},{"damage_healed":0,"gold_gain":0,"player_choice":"Upgraded","damage_taken":0,"max_hp_gain":0,"max_hp_loss":0,"event_name":"Upgrade Shrine","floor":8,"gold_loss":0,"cards_upgraded":["Weave"]}],"is_beta":false,"boss_relics":[{"not_picked":["Philosopher\u0027s Stone","SacredBark"],"picked":"Astrolabe"}],"items_purged_floors":[],"is_endless":false,"potions_floor_spawned":[6,10,14,18,21],"killed_by":"Cultist and Chosen","ascension_level":0}}