{"host":"jf2o35x329sgyc7e","time":1613016007,"event":{"mods":["Act Like it!","BaseMod","Colored Powertips","Conspire","Good Game Mod","KomeijiMod","Lobotomy","Minty Spire (QoL Compilation)","Quick Restart","Replay The Spire","Spicy Shops","StSLib","The Jungle","WarShipGirlsR/战舰少女R mod","[IsaacMod]以撒尖塔"],"gold_per_floor":[114,114,3,103,118,118,133,133,133,133,133,204,226,241,241,341,341,666,666,688,745,20,49,49,49,49,71,71,101,101,108,108,208,208,223,238,463,463,463,463,463,63,63,93,18,40,40,62,62,83],"floor_reached":51,"language":"ZHS","playtime":2133,"items_purged":["BloodyBrimstone","RidiculousThoughts"],"score":933,"play_id":"573df01c-7b7f-47e9-a299-496d89ed7c4e","local_time":"20210211120007","daily_mods":["Allstar","Vintage","Binary"],"is_ascension_mode":false,"campfire_choices":[{"data":"ReplayTheSpireMod:Dual Polarity","floor":6.0,"key":"SMITH"},{"data":"EpicFetus","floor":8.0,"key":"SMITH"},{"data":"Deep Breath","floor":10.0,"key":"SMITH"},{"data":"Core Surge","floor":15.0,"key":"SMITH"},{"data":"Seek","floor":24.0,"key":"SMITH"},{"data":"Turbo","floor":28.0,"key":"SMITH"},{"floor":32.0,"key":"DIG"},{"floor":40.0,"key":"DIG"},{"floor":49.0,"key":"DIG"}],"circlet_count":0,"master_deck":["Strike_B","Strike_B+1","Strike_B","Strike_B","Defend_B","Defend_B","Defend_B","Zap","Dualcast","Demon Form+1","EpicFetus+1","Dark Shackles","ReplayTheSpireMod:Trickstab+1","Deep Breath+1","ReplayTheSpireMod:Dual Polarity+1","Core Surge+1","Seek+1","Capacitor","Force Field","Turbo+1","EpicFetus+1","Storm+1","Mirror Shield+1","Crystallizer","Defragment+1","Sunder+1","Sunder+1","Defragment+1","Apotheosis+1"],"relics":["Cracked Core","HushsDoor","REME:ComplimentaryCards","PokeGo","Quantum Egg","PreservedInsect","SalivaCoin","Vajra","UnicornStump","Ginger","Whetstone","BookofShadows","conspire:SeveredTorchhead","SatanicBible","NineLifeCat","Juzu Bracelet","Geode","Anchor","Ancient Tea Set","Counterbalance","Bottled Lightning","BloodDonationMachine","Ornamental Fan","Mummified Hand","Strawberry","Replay:Antivirus Software","Happy Flower","Shuriken","DollysMirror","Pen Nib","Molten Egg 2","Matryoshka","TheBean","conspire:DecoderRing","Shovel","ReplayTheSpireMod:TigerMarble","Nuclear Battery","JudasShadow","Blue Doll","Gremlin Horn","Sundial","Guide Book","Replay:Baseball","Toxic Egg 2","White Beast Statue","Eternal Feather","TheBattery","Blood Vial","Unceasing Top","Replay:Towering Pillar of Hats"],"acts_visited":["Exordium","Exordium","TheBeyond"],"potions_floor_usage":[],"damage_taken":[{"damage":2.0,"enemies":"2 Louse","floor":1.0,"turns":3.0},{"damage":2.0,"enemies":"Jaw Worm","floor":5.0,"turns":2.0},{"damage":0.0,"enemies":"Cultist","floor":7.0,"turns":3.0},{"damage":16.0,"enemies":"Gremlin Nob","floor":12.0,"turns":4.0},{"damage":3.0,"enemies":"Exordium Wildlife","floor":13.0,"turns":3.0},{"damage":0.0,"enemies":"Looter","floor":14.0,"turns":2.0},{"damage":0.0,"enemies":"Slime Boss","floor":16.0,"turns":5.0},{"damage":9.9999999E7,"enemies":"Shell Parasite","floor":18.0,"turns":6.0},{"damage":0.0,"enemies":"JungleHuntersEvent","floor":19.0,"turns":3.0},{"damage":0.0,"enemies":"theJungle:MUSHROOMGANG","floor":20.0,"turns":2.0},{"damage":12.0,"enemies":"theJungle:2_Flameangoes","floor":21.0,"turns":3.0},{"damage":6.0,"enemies":"theJungle:SlimyTreeVines","floor":23.0,"turns":4.0},{"damage":3.0,"enemies":"theJungle:JungleHuntersEncounter","floor":27.0,"turns":3.0},{"damage":0.0,"enemies":"theJungle:MamaSnecko","floor":29.0,"turns":3.0},{"damage":0.0,"enemies":"theJungle:QueenSpyder","floor":33.0,"turns":4.0},{"damage":0.0,"enemies":"3 Shapes","floor":35.0,"turns":3.0},{"damage":0.0,"enemies":"3 Darklings","floor":36.0,"turns":3.0},{"damage":0.0,"enemies":"R_Hoarder","floor":44.0,"turns":2.0},{"damage":0.0,"enemies":"Writhing Mass","floor":46.0,"turns":2.0},{"damage":0.0,"enemies":"Jaw Worm Horde","floor":48.0,"turns":1.0},{"damage":8,"enemies":"Time Eater","floor":50,"turns":6}],"seed_played":"-587577638262706789","potions_obtained":[{"floor":1.0,"key":"RedTea"},{"floor":5.0,"key":"Toxic Potion"},{"floor":13.0,"key":"FocusPotion"},{"floor":16.0,"key":"ColorlessPotion"},{"floor":18.0,"key":"ExcitationPotion"},{"floor":18.0,"key":"FairyPotion"},{"floor":20.0,"key":"DistilledChaos"},{"floor":36.0,"key":"Regen Potion"},{"floor":37.0,"key":"Adrenaline Potion"},{"floor":37.0,"key":"ExcitationPotion"}],"is_trial":false,"path_per_floor":["M","?","$","?","M","R","M","R","T","R","?","?","M","M","R","B",null,"M","?","M","M","$","M","R","T","T","M","R","E","?","?","R","B",null,"M","M","?","?","?","R","?","$","T","E","$","M","?","M","R","B",null],"character_chosen":"DEFECT","items_purchased":["ReplayTheSpireMod:Dual Polarity","RidiculousThoughts","Capacitor","SatanicBible","Force Field","Cursed Concoction","NineLifeCat","Replay:Antivirus Software","Happy Flower","Shuriken","DollysMirror","JudasShadow","Crystallizer","Sunder+1","Guide Book","Replay:Baseball","Defragment+1","TheBattery"],"campfire_rested":0,"item_purchase_floors":[3,17,17,17,17,17,17,22,22,22,22,34,34,42,42,42,42,45],"current_hp_per_floor":[73,70,70,70,68,68,68,68,68,68,68,52,49,49,49,49,10,10,10,10,17,17,13,13,13,13,10,10,10,17,17,17,17,1,1,1,1,1,1,1,1,1,1,1,1,1,1,1,1,1],"gold":83,"neow_bonus":"","is_daily":true,"chose_seed":false,"campfire_upgraded":6,"win_rate":0.0,"timestamp":1613016007,"path_taken":["M","?","$","?","M","R","M","R","T","R","?","?","M","?","R","BOSS","M","?","M","M","$","M","R","?","T","M","R","E","?","?","R","BOSS","M","M","?","?","?","R","?","$","T","E","?","M","?","M","R","BOSS"],"items_purchased_type":["Card","Card","Card","Relic","Card","Potion","Relic","Relic","Relic","Relic","Relic","Relic","Card","Card","Relic","Relic","Card","Relic"],"build_version":"2020-12-22","purchased_purges":2,"victory":true,"max_hp_per_floor":[75,75,75,75,75,75,75,75,75,75,75,75,75,75,75,75,10,10,10,10,17,17,17,17,17,17,17,17,17,17,17,17,17,1,1,1,1,1,1,1,1,1,1,1,1,1,1,1,1,1],"card_choices":[{"not_picked":[],"picked":"BloodyBrimstone","floor":0.0},{"not_picked":["Fan"],"picked":"Core Surge","floor":4.0},{"not_picked":["Fusion"],"picked":"Bomb","floor":12.0},{"not_picked":["ReplayRNGCard"],"picked":"Seek","floor":16.0},{"not_picked":["BasicCrystalCard","Fan"],"picked":"SKIP","floor":18.0},{"not_picked":["Beam Cell","Streamline"],"picked":"SKIP","floor":18.0},{"not_picked":["Coolheaded"],"picked":"Turbo","floor":19.0},{"not_picked":["Panic Button"],"picked":"Storm+1","floor":29.0},{"not_picked":["Rainbow"],"picked":"Mirror Shield","floor":33.0},{"not_picked":["Compile Driver+1"],"picked":"Defragment+1","floor":37.0},{"not_picked":["Rebound+1","conspire:Rain+1"],"picked":"SKIP","floor":44.0},{"not_picked":["conspire:Banana+1"],"picked":"Apotheosis+1","floor":47.0}],"player_experience":62074,"relics_obtained":[{"floor":1.0,"key":"Quantum Egg"},{"floor":5.0,"key":"SalivaCoin"},{"floor":7.0,"key":"Vajra"},{"floor":9.0,"key":"UnicornStump"},{"floor":12.0,"key":"Ginger"},{"floor":13.0,"key":"Whetstone"},{"floor":14.0,"key":"BookofShadows"},{"floor":18.0,"key":"Juzu Bracelet"},{"floor":18.0,"key":"Geode"},{"floor":18.0,"key":"Anchor"},{"floor":18.0,"key":"Ancient Tea Set"},{"floor":18.0,"key":"Counterbalance"},{"floor":18.0,"key":"Bottled Lightning"},{"floor":18.0,"key":"BloodDonationMachine"},{"floor":19.0,"key":"Ornamental Fan"},{"floor":20.0,"key":"Mummified Hand"},{"floor":21.0,"key":"Strawberry"},{"floor":23.0,"key":"Pen Nib"},{"floor":25.0,"key":"Molten Egg 2"},{"floor":26.0,"key":"Matryoshka"},{"floor":27.0,"key":"TheBean"},{"floor":29.0,"key":"conspire:DecoderRing"},{"floor":32.0,"key":"ReplayTheSpireMod:TigerMarble"},{"floor":35.0,"key":"Blue Doll"},{"floor":36.0,"key":"Gremlin Horn"},{"floor":40.0,"key":"Sundial"},{"floor":43.0,"key":"Toxic Egg 2"},{"floor":43.0,"key":"White Beast Statue"},{"floor":44.0,"key":"Eternal Feather"},{"floor":46.0,"key":"Blood Vial"},{"floor":48.0,"key":"Unceasing Top"},{"floor":49.0,"key":"Replay:Towering Pillar of Hats"}],"event_choices":[{"damage_healed":0.0,"max_hp_gain":0.0,"max_hp_loss":0.0,"gold_gain":0.0,"event_name":"Scrap Ooze","player_choice":"Success","floor":2.0,"gold_loss":0.0,"damage_taken":3.0,"relics_obtained":["PreservedInsect"]},{"damage_healed":0.0,"max_hp_gain":0.0,"max_hp_loss":0.0,"gold_gain":0.0,"event_name":"Liars Game","player_choice":"Ignored","floor":11.0,"gold_loss":0.0,"damage_taken":0.0},{"damage_healed":0.0,"max_hp_gain":0.0,"max_hp_loss":0.0,"gold_gain":0.0,"event_name":"Dead Adventurer","player_choice":"Searched \u00271\u0027 times","floor":12.0,"gold_loss":0.0,"damage_taken":0.0},{"damage_healed":0.0,"max_hp_gain":0.0,"max_hp_loss":0.0,"gold_gain":0.0,"event_name":"Winding Halls","player_choice":"Max HP","floor":38.0,"gold_loss":0.0,"damage_taken":0.0},{"damage_healed":0.0,"max_hp_gain":0.0,"max_hp_loss":0.0,"gold_gain":0.0,"event_name":"conspire:Investor","player_choice":"Leave","floor":39.0,"gold_loss":0.0,"damage_taken":0.0},{"cards_removed":["Defend_B"],"damage_healed":0.0,"max_hp_gain":0.0,"max_hp_loss":0.0,"gold_gain":0.0,"event_name":"Falling","player_choice":"Removed Skill","floor":41.0,"gold_loss":0.0,"damage_taken":0.0},{"damage_healed":0.0,"max_hp_gain":0.0,"max_hp_loss":0.0,"gold_gain":0.0,"event_name":"SensoryStone","player_choice":"Memory 1","floor":47.0,"gold_loss":0.0,"damage_taken":0.0}],"is_beta":false,"boss_relics":[{"not_picked":["Kintsugi","Cursed Key"],"picked":"conspire:SeveredTorchhead"},{"not_picked":[]},{"not_picked":["Honey Jar","Snecko Heart"],"picked":"Nuclear Battery"},{"not_picked":[]}],"items_purged_floors":[3,22],"is_endless":false,"potions_floor_spawned":[1,5,13,16,18,20,36,44,46,48],"ascension_level":0}}