{"host":"m0bekkrd201b63ug","time":1613066200,"event":{"mods":["AchievementEnabler","BaseMod","Colored Powertips","Minty Spire (QoL Compilation)","Rare Cards Sparkle","StSLib","SuperFastMode","everything is the same but u backflip on backflip","slay the spire mod where everything is the same but ironclad has a cowboy hat"],"gold_per_floor":[111,123,170,185,185,22,22,357,404,416,416,433,0,0,0,73,73,90,100,115,128,142,142,175,100,100,117,135,170,370,380,380,453,453,473,20,37,47,47,82,97,128,151,184,199,199,199,214,214,214],"floor_reached":51,"language":"ENG","playtime":2150,"items_purged":["Strike_G"],"score":1709,"play_id":"72779f00-f178-4c0a-9e77-89f805f307b3","local_time":"20210211155640","is_ascension_mode":true,"campfire_choices":[{"data":"Blade Dance","floor":7.0,"key":"SMITH"},{"floor":15.0,"key":"REST"},{"floor":23.0,"key":"REST"},{"floor":32.0,"key":"RECALL"},{"data":"1","floor":47.0,"key":"LIFT"},{"data":"2","floor":49.0,"key":"LIFT"}],"circlet_count":0,"master_deck":["AscendersBane","Strike_G","Defend_G+1","Defend_G","Defend_G","Defend_G+1","Defend_G","Survivor","Neutralize","Cloak And Dagger+1","Blade Dance+1","Adrenaline","Dash","Venomology+1","Dagger Spray","Backflip+1","Backflip+1","Blade Dance+1","Blade Dance+1","Cloak And Dagger+1","Malaise+1"],"relics":["WristBlade","Omamori","HandDrill","Old Coin","Toy Ornithopter","Vajra","Toxic Egg 2","Fusion Hammer","FossilizedHelix","The Courier","Matryoshka","Runic Pyramid","PreservedInsect","Turnip","Anchor","Ninja Scroll","Nunchaku","War Paint","Girya"],"acts_visited":["Exordium","TheCity","TheBeyond"],"potions_floor_usage":[50,50],"damage_taken":[{"damage":6.0,"enemies":"Cultist","floor":1.0,"turns":5.0},{"damage":2.0,"enemies":"2 Louse","floor":2.0,"turns":4.0},{"damage":8.0,"enemies":"Jaw Worm","floor":4.0,"turns":5.0},{"damage":29.0,"enemies":"Gremlin Nob","floor":8.0,"turns":5.0},{"damage":5.0,"enemies":"Large Slime","floor":10.0,"turns":4.0},{"damage":0.0,"enemies":"Exordium Thugs","floor":12.0,"turns":3.0},{"damage":0.0,"enemies":"Hexaghost","floor":16.0,"turns":7.0},{"damage":7.0,"enemies":"2 Thieves","floor":18.0,"turns":4.0},{"damage":11.0,"enemies":"Shell Parasite","floor":19.0,"turns":2.0},{"damage":8.0,"enemies":"3 Cultists","floor":20.0,"turns":5.0},{"damage":4.0,"enemies":"Centurion and Healer","floor":21.0,"turns":6.0},{"damage":5.0,"enemies":"Sentry and Sphere","floor":22.0,"turns":5.0},{"damage":1.0,"enemies":"Slavers","floor":24.0,"turns":4.0},{"damage":0.0,"enemies":"Cultist and Chosen","floor":27.0,"turns":4.0},{"damage":0.0,"enemies":"Chosen and Byrds","floor":28.0,"turns":4.0},{"damage":0.0,"enemies":"Gremlin Leader","floor":29.0,"turns":3.0},{"damage":0.0,"enemies":"3 Cultists","floor":31.0,"turns":4.0},{"damage":31.0,"enemies":"Champ","floor":33.0,"turns":12.0},{"damage":0.0,"enemies":"3 Shapes","floor":35.0,"turns":5.0},{"damage":0.0,"enemies":"Orb Walker","floor":37.0,"turns":3.0},{"damage":0.0,"enemies":"Jaw Worm Horde","floor":38.0,"turns":2.0},{"damage":0.0,"enemies":"Giant Head","floor":40.0,"turns":3.0},{"damage":0.0,"enemies":"3 Darklings","floor":41.0,"turns":3.0},{"damage":0.0,"enemies":"Reptomancer","floor":42.0,"turns":4.0},{"damage":0.0,"enemies":"Nemesis","floor":44.0,"turns":3.0},{"damage":0.0,"enemies":"Writhing Mass","floor":45.0,"turns":4.0},{"damage":0.0,"enemies":"Maw","floor":48.0,"turns":5.0},{"damage":48,"enemies":"Time Eater","floor":50,"turns":11}],"seed_played":"-6322891786241879411","potions_obtained":[{"floor":10.0,"key":"SpeedPotion"},{"floor":12.0,"key":"LiquidBronze"},{"floor":16.0,"key":"PowerPotion"},{"floor":18.0,"key":"DuplicationPotion"},{"floor":24.0,"key":"Strength Potion"},{"floor":27.0,"key":"DistilledChaos"},{"floor":37.0,"key":"FairyPotion"}],"is_trial":false,"path_per_floor":["M","M","T","M","?","$","R","E","T","M","?","M","$","?","R","B",null,"M","M","M","M","M","R","E","?","T","M","M","E","?","M","R","B",null,"M","$","M","M","?","E","M","E","T","E","M","?","R","M","R","B",null],"character_chosen":"THE_SILENT","items_purchased":["HandDrill","Vajra","Toxic Egg 2","PreservedInsect","Turnip"],"campfire_rested":2,"item_purchase_floors":[6,13,13,36,36],"current_hp_per_floor":[53,51,51,43,36,36,36,7,7,2,2,7,7,7,26,31,57,50,44,41,42,42,61,65,65,65,66,66,66,66,66,66,40,60,60,60,60,66,63,63,63,63,63,63,63,63,63,63,63,15],"gold":214,"neow_bonus":"BOSS_RELIC","is_daily":false,"chose_seed":false,"campfire_upgraded":1,"win_rate":0.0,"timestamp":1613066200,"path_taken":["M","M","?","M","?","?","R","E","T","M","?","?","$","?","R","BOSS","M","M","M","?","M","R","E","?","T","M","M","E","?","M","R","BOSS","M","$","M","M","?","E","M","E","T","E","M","?","R","M","R","BOSS"],"items_purchased_type":["Relic","Relic","Relic","Relic","Relic"],"build_version":"2020-12-22","purchased_purges":1,"victory":true,"max_hp_per_floor":[66,66,66,66,66,66,66,66,66,66,66,66,66,66,66,66,66,66,66,66,66,66,66,66,66,66,66,66,66,66,66,66,66,66,66,66,66,66,63,63,63,63,63,63,63,63,63,63,63,63],"card_choices":[{"not_picked":["Slice","PiercingWail","Masterful Stab"],"picked":"SKIP","floor":1.0},{"not_picked":["Acrobatics","Masterful Stab"],"picked":"Cloak And Dagger","floor":2.0},{"not_picked":["Sucker Punch","Night Terror"],"picked":"Blade Dance","floor":4.0},{"not_picked":["Caltrops","Flying Knee"],"picked":"Adrenaline","floor":8.0},{"not_picked":["Deflect","Prepared"],"picked":"Dash","floor":10.0},{"not_picked":["Flechettes","Sucker Punch","Calculated Gamble"],"picked":"SKIP","floor":12.0},{"not_picked":["Doppelganger+1","Phantasmal Killer+1"],"picked":"Venomology+1","floor":16.0},{"not_picked":["Slice","Sucker Punch"],"picked":"Dagger Spray","floor":18.0},{"not_picked":["Well Laid Plans","Prepared+1"],"picked":"Backflip+1","floor":19.0},{"not_picked":["Crippling Poison+1","Distraction+1"],"picked":"Backflip+1","floor":20.0},{"not_picked":["Tactician+1","Catalyst+1","Dagger Throw"],"picked":"SKIP","floor":21.0},{"not_picked":["Tactician+1","Catalyst+1","Dagger Throw"],"picked":"SKIP","floor":21.0},{"not_picked":["Endless Agony","Masterful Stab"],"picked":"Blade Dance+1","floor":22.0},{"not_picked":["Terror+1","Slice","Deflect+1"],"picked":"SKIP","floor":24.0},{"not_picked":["All Out Attack","Endless Agony","Bane"],"picked":"SKIP","floor":27.0},{"not_picked":["Heel Hook","Doppelganger+1","Dodge and Roll+1"],"picked":"SKIP","floor":28.0},{"not_picked":["Flying Knee","Setup+1","Skewer"],"picked":"SKIP","floor":29.0},{"not_picked":["Distraction+1","Catalyst+1","Quick Slash+1"],"picked":"SKIP","floor":31.0},{"not_picked":["Deadly Poison+1","Backflip+1","Noxious Fumes+1"],"picked":"SKIP","floor":35.0},{"not_picked":["Escape Plan+1","Calculated Gamble+1"],"picked":"Blade Dance+1","floor":37.0},{"not_picked":["Deflect+1","Dagger Throw","Sucker Punch"],"picked":"SKIP","floor":38.0},{"not_picked":["Deadly Poison+1","Doppelganger+1","Dagger Throw"],"picked":"SKIP","floor":40.0},{"not_picked":["Deadly Poison+1","Leg Sweep+1"],"picked":"Cloak And Dagger+1","floor":41.0},{"not_picked":["Dagger Throw","Outmaneuver+1","Deadly Poison+1"],"picked":"SKIP","floor":42.0},{"not_picked":["Dagger Spray","Riddle With Holes"],"picked":"Malaise+1","floor":44.0},{"not_picked":["Bouncing Flask+1","Deflect+1","Bane"],"picked":"SKIP","floor":45.0},{"not_picked":["Poisoned Stab","Dagger Throw","Acrobatics+1"],"picked":"SKIP","floor":48.0}],"player_experience":241222,"relics_obtained":[{"floor":3.0,"key":"Omamori"},{"floor":8.0,"key":"Old Coin"},{"floor":9.0,"key":"Toy Ornithopter"},{"floor":24.0,"key":"FossilizedHelix"},{"floor":26.0,"key":"The Courier"},{"floor":29.0,"key":"Matryoshka"},{"floor":40.0,"key":"Anchor"},{"floor":42.0,"key":"Ninja Scroll"},{"floor":43.0,"key":"Nunchaku"},{"floor":43.0,"key":"War Paint"},{"floor":44.0,"key":"Girya"}],"event_choices":[{"cards_removed":["Strike_G"],"damage_healed":0.0,"max_hp_gain":0.0,"max_hp_loss":0.0,"gold_gain":0.0,"event_name":"Golden Wing","player_choice":"Card Removal","floor":5.0,"gold_loss":0.0,"damage_taken":7.0},{"damage_healed":0.0,"max_hp_gain":0.0,"max_hp_loss":0.0,"gold_gain":0.0,"event_name":"Accursed Blacksmith","player_choice":"Forge","floor":11.0,"gold_loss":0.0,"damage_taken":0.0,"cards_upgraded":["Cloak And Dagger"]},{"cards_removed":["Strike_G"],"damage_healed":0.0,"max_hp_gain":0.0,"max_hp_loss":0.0,"gold_gain":0.0,"event_name":"Purifier","player_choice":"Purged","floor":14.0,"gold_loss":0.0,"damage_taken":0.0},{"cards_removed":["Strike_G"],"damage_healed":0.0,"max_hp_gain":0.0,"max_hp_loss":0.0,"gold_gain":0.0,"event_name":"Beggar","player_choice":"Gave Gold","floor":25.0,"gold_loss":75.0,"damage_taken":0.0},{"damage_healed":0.0,"max_hp_gain":0.0,"max_hp_loss":0.0,"gold_gain":200.0,"event_name":"Wheel of Change","player_choice":"Gold","floor":30.0,"gold_loss":0.0,"damage_taken":0.0},{"damage_healed":0.0,"max_hp_gain":0.0,"max_hp_loss":3.0,"gold_gain":0.0,"event_name":"Winding Halls","player_choice":"Max HP","floor":39.0,"gold_loss":0.0,"damage_taken":0.0},{"damage_healed":0.0,"max_hp_gain":0.0,"max_hp_loss":0.0,"gold_gain":0.0,"event_name":"SensoryStone","player_choice":"Memory 1","floor":46.0,"gold_loss":0.0,"damage_taken":0.0}],"is_beta":false,"boss_relics":[{"not_picked":["Busted Crown","Sozu"],"picked":"Fusion Hammer"},{"not_picked":["Black Star","SlaversCollar"],"picked":"Runic Pyramid"}],"items_purged_floors":[36],"is_endless":false,"potions_floor_spawned":[10,12,16,18,21,24,27,28,37,38,40,41],"ascension_level":17}}