{"host":"4eao2pkwlmv012cz","time":1613071816,"event":{"mods":["BaseMod","Colored Powertips","Minty Spire (QoL Compilation)","Permanent Neow","Quick Restart","Random Character Button","StSLib"],"gold_per_floor":[365,375,31,48,83,83,122,122,122,122,175,239,239,67,67,166,166,201,24,24,24,24,24,54,90,90,90,108,108,108,108],"floor_reached":30,"language":"ENG","playtime":895,"items_purged":[],"score":496,"play_id":"5a366112-a55c-4387-ab2f-480cd53f6768","local_time":"20210211143016","is_ascension_mode":true,"campfire_choices":[{"data":"HandOfGreed","floor":6,"key":"SMITH"},{"floor":8,"key":"REST"},{"data":"Zap","floor":13,"key":"SMITH"},{"floor":15,"key":"REST"},{"data":"Echo Form","floor":23,"key":"SMITH"},{"floor":27,"key":"REST"},{"floor":29,"key":"REST"}],"circlet_count":0,"master_deck":["AscendersBane","Strike_B+1","Strike_B","Strike_B","Defend_B","Defend_B","Defend_B","Defend_B","Zap+1","Dualcast","Leap","Cold Snap+1","HandOfGreed+1","Ball Lightning","Sweeping Beam","Reinforced Body","FTL","All For One","Echo Form+1","Conserve Battery+1","Defragment","Bandage Up","Ball Lightning","Glacier+1","Genetic Algorithm","Static Discharge"],"relics":["Cracked Core","Whetstone","CaptainsWheel","White Beast Statue","ClockworkSouvenir","Inserter","Thread and Needle","Pocketwatch"],"acts_visited":["Exordium","TheCity"],"potions_floor_usage":[11,16,24,24,24,24,28,30,30],"damage_taken":[{"damage":1,"enemies":"Cultist","floor":1,"turns":3},{"damage":0,"enemies":"2 Louse","floor":2,"turns":3},{"damage":0,"enemies":"Small Slimes","floor":4,"turns":2},{"damage":11,"enemies":"Exordium Thugs","floor":5,"turns":5},{"damage":0,"enemies":"Blue Slaver","floor":7,"turns":2},{"damage":26,"enemies":"Lagavulin","floor":11,"turns":6},{"damage":9,"enemies":"Lots of Slimes","floor":12,"turns":4},{"damage":30,"enemies":"The Guardian","floor":16,"turns":10},{"damage":9,"enemies":"Spheric Guardian","floor":18,"turns":4},{"damage":32,"enemies":"Gremlin Leader","floor":24,"turns":6},{"damage":15,"enemies":"3 Byrds","floor":25,"turns":6},{"damage":30,"enemies":"Centurion and Healer","floor":28,"turns":8},{"damage":33,"enemies":"Slavers","floor":30,"turns":3}],"seed_played":"6507708753199521243","potions_obtained":[{"floor":5,"key":"AttackPotion"},{"floor":12,"key":"Fire Potion"},{"floor":16,"key":"Strength Potion"},{"floor":18,"key":"EntropicBrew"},{"floor":24,"key":"BlessingOfTheForge"},{"floor":25,"key":"BlessingOfTheForge"},{"floor":28,"key":"Swift Potion"}],"is_trial":false,"path_per_floor":["M","M","$","M","M","R","M","R","T","?","E","M","R","$","R","B",null,"M","$","?","$","$","R","E","M","T","R","M","R","E"],"character_chosen":"DEFECT","items_purchased":["HandOfGreed","Whetstone","ClockworkSouvenir","Defragment","Bandage Up"],"campfire_rested":4,"item_purchase_floors":[3,3,14,19,19],"current_hp_per_floor":[45,45,45,45,34,34,34,55,55,55,29,20,20,20,41,11,56,47,47,47,47,47,47,19,8,8,29,5,26,0,0],"gold":108,"neow_bonus":"TWO_FIFTY_GOLD","is_daily":false,"chose_seed":false,"campfire_upgraded":3,"win_rate":0.0,"timestamp":1613071816,"path_taken":["M","?","$","M","M","R","M","R","T","?","E","?","R","?","R","BOSS","M","$","?","?","$","R","E","M","T","R","M","R","E"],"items_purchased_type":["Card","Relic","Relic","Card","Card"],"build_version":"2020-12-22","purchased_purges":0,"victory":false,"max_hp_per_floor":[71,71,71,71,71,71,71,71,71,71,71,71,71,71,71,71,71,71,71,71,71,71,71,71,71,71,71,71,71,71,71],"card_choices":[{"not_picked":["Beam Cell","Hologram"],"picked":"Leap","floor":1},{"not_picked":["Redo","Streamline"],"picked":"Cold Snap","floor":2},{"not_picked":["Conserve Battery","Sweeping Beam"],"picked":"Ball Lightning","floor":4},{"not_picked":["Streamline","Steam"],"picked":"Sweeping Beam","floor":5},{"not_picked":["Ball Lightning","Darkness"],"picked":"Reinforced Body","floor":7},{"not_picked":["Auto Shields","Coolheaded"],"picked":"FTL","floor":11},{"not_picked":["Force Field","Streamline"],"picked":"All For One","floor":12},{"not_picked":["Biased Cognition","Meteor Strike"],"picked":"Echo Form","floor":16},{"not_picked":["Rebound","Streamline"],"picked":"Conserve Battery+1","floor":18},{"not_picked":["Gash+1","Sweeping Beam"],"picked":"Glacier+1","floor":24},{"not_picked":["Redo","Melter"],"picked":"Genetic Algorithm","floor":25},{"not_picked":["Streamline","Auto Shields"],"picked":"Static Discharge","floor":28}],"player_experience":2925923,"relics_obtained":[{"floor":9,"key":"CaptainsWheel"},{"floor":11,"key":"White Beast Statue"},{"floor":24,"key":"Thread and Needle"},{"floor":26,"key":"Pocketwatch"}],"event_choices":[{"cards_removed":["Strike_B"],"damage_healed":0,"gold_gain":0,"player_choice":"Offered Basic","damage_taken":0,"max_hp_gain":0,"max_hp_loss":0,"event_name":"Bonfire Elementals","floor":10,"gold_loss":0},{"damage_healed":0,"gold_gain":0,"player_choice":"1 cards matched","damage_taken":0,"max_hp_gain":0,"max_hp_loss":0,"event_name":"Match and Keep!","floor":20,"gold_loss":0,"cards_obtained":["Ball Lightning"]}],"is_beta":false,"boss_relics":[{"not_picked":["Astrolabe","Tiny House"],"picked":"Inserter"}],"items_purged_floors":[],"is_endless":false,"potions_floor_spawned":[5,12,16,18,24,25,28],"killed_by":"Slavers","ascension_level":20}}