{"host":"ibckqdmmf9y74ymf","time":1613050665,"event":{"mods":["2.2 Compatiblity","BaseMod","Colored Map","Curses Come First","Highlight Path","Minty Spire (QoL Compilation)","Quick Restart","Rare Cards Sparkle","Relic Stats","StSLib"],"gold_per_floor":[118,133,133,153,153,153,153,192,238,253,253,287,300,25,25,120,120,120,120],"floor_reached":18,"language":"ENG","playtime":378,"items_purged":[],"score":340,"play_id":"14424b48-2a81-4d37-9072-61a0478cd7d2","local_time":"20210211143745","is_ascension_mode":true,"campfire_choices":[{"data":"Dash","floor":6,"key":"SMITH"},{"floor":11,"key":"REST"},{"data":"Bouncing Flask","floor":15,"key":"SMITH"}],"circlet_count":0,"master_deck":["AscendersBane","Strike_G","Strike_G","Strike_G","Strike_G","Defend_G","Defend_G","Defend_G","Defend_G","Defend_G","Survivor","Neutralize","Dagger Spray","Bane","Dash+1","Calculated Gamble","Masterful Stab","Deflect","Bouncing Flask+1","Infinite Blades","Corpse Explosion"],"relics":["Ring of the Snake","NeowsBlessing","Golden Idol","Centennial Puzzle","Akabeko","PreservedInsect","Pantograph","Coffee Dripper"],"acts_visited":["Exordium","TheCity"],"potions_floor_usage":[12,16],"damage_taken":[{"damage":0,"enemies":"Cultist","floor":1,"turns":1},{"damage":0,"enemies":"2 Louse","floor":2,"turns":1},{"damage":0,"enemies":"Jaw Worm","floor":4,"turns":1},{"damage":41,"enemies":"Lagavulin","floor":8,"turns":10},{"damage":0,"enemies":"Looter","floor":10,"turns":2},{"damage":28,"enemies":"Gremlin Nob","floor":12,"turns":4},{"damage":0,"enemies":"Exordium Wildlife","floor":13,"turns":1},{"damage":8,"enemies":"Hexaghost","floor":16,"turns":7},{"damage":0,"enemies":"Shell Parasite","floor":18,"turns":1}],"seed_played":"-738328526863313919","potions_obtained":[{"floor":8,"key":"DuplicationPotion"},{"floor":10,"key":"SneckoOil"},{"floor":12,"key":"LiquidBronze"}],"is_trial":false,"path_per_floor":["M","M","?","M","?","R","?","E","T","M","R","E","M","$","R","B",null,"M"],"character_chosen":"THE_SILENT","items_purchased":["Pantograph"],"campfire_rested":1,"item_purchase_floors":[14],"current_hp_per_floor":[59,59,59,59,59,59,64,23,23,23,42,14,14,14,14,31,57,57,57],"gold":120,"neow_bonus":"THREE_ENEMY_KILL","is_daily":false,"chose_seed":false,"campfire_upgraded":2,"win_rate":0.0,"timestamp":1613050665,"path_taken":["M","?","?","M","?","R","?","E","T","M","R","E","?","$","R","BOSS","M"],"items_purchased_type":["Relic"],"build_version":"2020-12-22","purchased_purges":0,"victory":false,"max_hp_per_floor":[66,66,60,60,60,60,65,65,65,65,65,65,65,65,65,65,65,65,65],"relic_stats":{"Centennial Puzzle":[6],"counters":[9,28],"Golden Idol":44,"Pantograph":25,"PreservedInsect":0,"obtain_stats":[{"Centennial Puzzle":8,"NeowsBlessing":0,"Golden Idol":3,"Pantograph":14,"PreservedInsect":12,"Coffee Dripper":17,"Akabeko":9,"Ring of the Snake":0},{"Centennial Puzzle":4,"NeowsBlessing":0,"Golden Idol":2,"Pantograph":7,"PreservedInsect":6,"Coffee Dripper":8,"Akabeko":4,"Ring of the Snake":0},{"Centennial Puzzle":13,"NeowsBlessing":0,"Golden Idol":2,"Pantograph":20,"PreservedInsect":19,"Coffee Dripper":27,"Akabeko":13,"Ring of the Snake":0}],"Ring of the Snake":[18]},"card_choices":[{"not_picked":["Dodge and Roll","Deadly Poison"],"picked":"Dagger Spray","floor":1},{"not_picked":["Slice","Blur"],"picked":"Bane","floor":2},{"not_picked":["Bane","Well Laid Plans"],"picked":"Dash","floor":4},{"not_picked":["Dagger Throw","Slice"],"picked":"Masterful Stab","floor":8},{"not_picked":["Masterful Stab","Sucker Punch"],"picked":"Deflect","floor":10},{"not_picked":["Poisoned Stab","Slice"],"picked":"Bouncing Flask","floor":12},{"not_picked":["Riddle With Holes","Tactician"],"picked":"Infinite Blades","floor":13},{"not_picked":["Night Terror","Envenom"],"picked":"Corpse Explosion","floor":16}],"player_experience":706167,"relics_obtained":[{"floor":8,"key":"Centennial Puzzle"},{"floor":9,"key":"Akabeko"},{"floor":12,"key":"PreservedInsect"}],"event_choices":[{"damage_healed":0,"gold_gain":0,"player_choice":"Lose Max HP","damage_taken":0,"relics_obtained":["Golden Idol"],"max_hp_gain":0,"max_hp_loss":6,"event_name":"Golden Idol","floor":3,"gold_loss":0},{"damage_healed":0,"gold_gain":0,"cards_transformed":["Strike_G"],"player_choice":"Change","damage_taken":0,"max_hp_gain":0,"max_hp_loss":0,"event_name":"Living Wall","floor":5,"gold_loss":0,"cards_obtained":["Calculated Gamble"]},{"damage_healed":0,"gold_gain":0,"player_choice":"Donut","damage_taken":0,"max_hp_gain":5,"max_hp_loss":0,"event_name":"Big Fish","floor":7,"gold_loss":0}],"is_beta":false,"boss_relics":[{"not_picked":["Busted Crown","Runic Dome"],"picked":"Coffee Dripper"}],"items_purged_floors":[],"is_endless":false,"potions_floor_spawned":[8,10,12],"killed_by":"Shell Parasite","ascension_level":20}}