{"host":"hka8b3f4pkvnp4ei","time":1613012315,"event":{"mods":["BaseMod","Minty Spire (QoL Compilation)","Quick Restart","Replay The Spire","StSLib"],"gold_per_floor":[118,136,136,151,251,284,295,295,295,307,307,307,307,307],"floor_reached":13,"language":"ZHS","playtime":401,"items_purged":[],"score":123,"play_id":"194e948d-36ec-4b95-9d4f-f32024f25403","local_time":"20210211105835","is_ascension_mode":true,"campfire_choices":[{"data":"Calculated Gamble","floor":8.0,"key":"SMITH"},{"data":"Prepared","floor":11.0,"key":"SMITH"}],"circlet_count":0,"master_deck":["Strike_G","Strike_G","Strike_G","Strike_G","Defend_G","Defend_G","Defend_G","Defend_G","Defend_G","Survivor","Neutralize","Calculated Gamble+1","Tactician","Acrobatics","Terror","Grand Finale","Prepared+1","Footwork"],"relics":["HoveringKite","Art of War","Replay:Wax Seal"],"acts_visited":[],"potions_floor_usage":[13],"damage_taken":[{"damage":0.0,"enemies":"Small Slimes","floor":1.0,"turns":3.0},{"damage":0.0,"enemies":"Cultist","floor":2.0,"turns":5.0},{"damage":2.0,"enemies":"2 Louse","floor":4.0,"turns":4.0},{"damage":28.0,"enemies":"Lagavulin","floor":6.0,"turns":6.0},{"damage":11.0,"enemies":"Red Slaver","floor":7.0,"turns":6.0},{"damage":0.0,"enemies":"3 Louse","floor":10.0,"turns":4.0},{"damage":13,"enemies":"Gremlin Nob","floor":13,"turns":4}],"seed_played":"-1274001847817622431","potions_obtained":[{"floor":2.0,"key":"Explosive Potion"},{"floor":4.0,"key":"GamblersBrew"},{"floor":6.0,"key":"EssenceOfSteel"},{"floor":10.0,"key":"Strength Potion"}],"is_trial":false,"path_per_floor":["M","M","?","M","?","E","M","R","T","M","R","?","E"],"character_chosen":"THE_SILENT","items_purchased":[],"campfire_rested":0,"item_purchase_floors":[],"current_hp_per_floor":[63,63,63,61,61,33,22,22,22,22,22,22,9,9],"gold":307,"neow_bonus":"BOSS_RELIC","is_daily":false,"chose_seed":false,"campfire_upgraded":2,"win_rate":0.0,"timestamp":1613012315,"path_taken":["M","M","?","?","?","E","M","R","T","?","R","?","E"],"items_purchased_type":[],"build_version":"2020-12-22","purchased_purges":0,"victory":false,"max_hp_per_floor":[70,70,70,70,70,70,70,70,70,70,70,70,70,70],"card_choices":[{"not_picked":["Bane","Escape Plan"],"picked":"Calculated Gamble","floor":1.0},{"not_picked":["Outmaneuver","Sucker Punch"],"picked":"Tactician","floor":2.0},{"not_picked":["Acrobatics","Dash"],"picked":"Terror","floor":4.0},{"not_picked":["Well Laid Plans","Blade Dance"],"picked":"Grand Finale","floor":6.0},{"not_picked":["Terror","Bane"],"picked":"Prepared","floor":7.0},{"not_picked":["Replay:Poison Smokescreen","Quick Slash"],"picked":"Footwork","floor":10.0}],"player_experience":472286,"relics_obtained":[{"floor":6.0,"key":"Art of War"},{"floor":9.0,"key":"Replay:Wax Seal"}],"event_choices":[{"damage_healed":0.0,"max_hp_gain":0.0,"max_hp_loss":0.0,"gold_gain":0.0,"cards_transformed":["Strike_G"],"event_name":"Transmorgrifier","player_choice":"Transformed","floor":3.0,"gold_loss":0.0,"damage_taken":0.0,"cards_obtained":["Acrobatics"]},{"damage_healed":0.0,"max_hp_gain":0.0,"max_hp_loss":0.0,"gold_gain":100.0,"event_name":"Golden Shrine","player_choice":"Pray","floor":5.0,"gold_loss":0.0,"damage_taken":0.0},{"damage_healed":0.0,"max_hp_gain":0.0,"max_hp_loss":0.0,"gold_gain":0.0,"event_name":"Liars Game","player_choice":"Ignored","floor":12.0,"gold_loss":0.0,"damage_taken":0.0}],"is_beta":false,"boss_relics":[],"items_purged_floors":[],"is_endless":false,"potions_floor_spawned":[2,4,6,10],"killed_by":"Gremlin Nob","ascension_level":9}}