{"host":"684z1xpuwaoqmmh1","time":1613049637,"event":{"mods":["A Magickal Journey","BaseMod","Downfall","Hermit","Jorbs\u0027s Wanderer Trilogy","Marisa????????","Minty Spire (QoL Compilation)","Robot Space Explorer","Shade Mod","StSLib","The Bug Knight","The Dragon Tamer","The Elementalist","The Hayseed","The Hierophant","The Marked","The Mystic","The Runesmith","The Saiyan","The Senshi","The Spell Scribe","The Vixen","TheBandit","TheFirefly"],"gold_per_floor":[109,9,29,40,50,76,76,105,130,130,150,50,65,65,65,137,137,155,205,223,138,152,178,42,73,73,93,105,122,149,161,161,161,161],"floor_reached":33,"language":"ENG","playtime":1764,"items_purged":["theSenshi:SailorKick","theSenshi:SailorKick","theSenshi:SailorBlock"],"score":578,"play_id":"a3ed2ff4-7e9b-4ee6-a092-78ce1046c219","local_time":"20210211152036","is_ascension_mode":true,"campfire_choices":[{"data":"theSenshi:MoonPrincessHalation","floor":7,"key":"SMITH"},{"data":"theSenshi:MoonCrisisMakeUp","floor":10,"key":"SMITH"},{"data":"theSenshi:PlutosSolemnity","floor":15,"key":"SMITH"},{"data":"theSenshi:SailorNeptuneAssists","floor":32,"key":"SMITH"}],"circlet_count":0,"master_deck":["AscendersBane","theSenshi:SailorKick","theSenshi:SailorKick","theSenshi:SailorBlock","theSenshi:SailorBlock","theSenshi:SailorBlock","theSenshi:RoseThrow","theSenshi:MoonPrismPowerMakeUp","theSenshi:MoonPrincessHalation+1","theSenshi:MoonTiaraMagic","theSenshi:MoonCrisisMakeUp+1","theSenshi:MarsPride","theSenshi:VenusGlamour","theSenshi:PlutosSolemnity+1","theSenshi:MoonEternalMakeUp","theSenshi:SailorMercuryAssists","theSenshi:SailorStarHealerAssists","theSenshi:SailorNeptuneAssists+1","theSenshi:SailorUranusAssists","theSenshi:SilverCrystal","theSenshi:JupitersPower","theSenshi:SailorSaturnAssists"],"relics":["theSenshi:TransformationBroochRelic","Meat on the Bone","Blood Vial","Dream Catcher","Snecko Eye","sneckomod:BlankCard","Smiling Mask","Happy Flower","theSenshi:FeatherClipsRelic","Toy Ornithopter"],"acts_visited":["Exordium","TheCity"],"potions_floor_usage":[6,8,18,25,30,33],"damage_taken":[{"damage":1,"enemies":"Cultist","floor":1,"turns":4},{"damage":3,"enemies":"Jaw Worm","floor":3,"turns":4},{"damage":5,"enemies":"2 Louse","floor":4,"turns":3},{"damage":8,"enemies":"Blue Slaver","floor":5,"turns":5},{"damage":13,"enemies":"Lagavulin","floor":6,"turns":10},{"damage":42,"enemies":"3 Sentries","floor":8,"turns":7},{"damage":0,"enemies":"2 Fungi Beasts","floor":11,"turns":4},{"damage":22,"enemies":"Lots of Slimes","floor":13,"turns":4},{"damage":20,"enemies":"Hexaghost","floor":16,"turns":10},{"damage":49,"enemies":"3 Byrds","floor":18,"turns":5},{"damage":20,"enemies":"Snake Plant","floor":20,"turns":3},{"damage":8,"enemies":"Chosen and Byrds","floor":22,"turns":6},{"damage":14,"enemies":"HollowMod:Nosk","floor":23,"turns":6},{"damage":11,"enemies":"Slavers","floor":25,"turns":3},{"damage":18,"enemies":"3 Cultists","floor":27,"turns":6},{"damage":21,"enemies":"Centurion and Healer","floor":28,"turns":5},{"damage":3,"enemies":"Snecko","floor":29,"turns":5},{"damage":66,"enemies":"Gremlin Leader","floor":30,"turns":8},{"damage":4,"enemies":"Snake Plant","floor":31,"turns":4},{"damage":75,"enemies":"Collector","floor":33,"turns":5}],"seed_played":"4021553493883638038","potions_obtained":[{"floor":3,"key":"Dexterity Potion"},{"floor":6,"key":"PowerPotion"},{"floor":11,"key":"FearPotion"},{"floor":16,"key":"Explosive Potion"},{"floor":18,"key":"Explosive Potion"},{"floor":27,"key":"Weak Potion"},{"floor":28,"key":"Explosive Potion"},{"floor":30,"key":"BlessingOfTheForge"}],"is_trial":false,"path_per_floor":["M","$","M","M","M","E","R","E","T","R","M","$","M","?","R","B",null,"M","?","M","?","M","E","$","E","T","M","M","M","E","M","R","B"],"character_chosen":"THE_SENSHI","items_purchased":["theSenshi:MoonTiaraMagic","theSenshi:SilverCrystal"],"campfire_rested":0,"item_purchase_floors":[2,24],"current_hp_per_floor":[74,74,71,66,58,45,45,15,15,15,29,29,21,21,21,15,65,35,35,34,34,45,50,50,46,46,53,52,62,21,47,47,0,0],"gold":161,"neow_bonus":"TEN_PERCENT_HP_BONUS","is_daily":false,"chose_seed":false,"campfire_upgraded":4,"win_rate":0.0,"timestamp":1613049636,"path_taken":["M","?","M","M","M","E","R","E","T","R","M","?","M","?","R","BOSS","M","?","M","?","M","E","$","E","T","M","?","M","E","M","R","BOSS"],"items_purchased_type":["Card","Card"],"build_version":"2020-12-22","purchased_purges":3,"victory":false,"max_hp_per_floor":[82,82,82,82,82,82,82,82,82,82,82,82,82,82,82,82,82,82,82,82,82,82,82,82,82,82,82,82,82,82,82,82,82,82],"card_choices":[{"not_picked":["theSenshi:LunasBite","theSenshi:SupersonicWaves"],"picked":"theSenshi:MoonPrincessHalation","floor":1},{"not_picked":["theSenshi:SailorChibiMoonAssists","theSenshi:MoonKick"],"picked":"theSenshi:MoonCrisisMakeUp","floor":3},{"not_picked":["theSenshi:DramaticEntrance","theSenshi:MoonsReflection"],"picked":"theSenshi:MarsPride","floor":4},{"not_picked":["theSenshi:MoonPower","theSenshi:YouCanTalk"],"picked":"theSenshi:VenusGlamour","floor":5},{"not_picked":["theSenshi:VenusGlamour","theSenshi:Sidestep","theSenshi:EncouragingSpeech"],"picked":"SKIP","floor":6},{"not_picked":["theSenshi:SailorVenusAssists","theSenshi:SupersonicWaves"],"picked":"theSenshi:PlutosSolemnity","floor":8},{"not_picked":["theSenshi:Overload","theSenshi:SailorChibiMoonAssists"],"picked":"theSenshi:MoonEternalMakeUp","floor":11},{"not_picked":["theSenshi:VenusGlamour","theSenshi:MoonPower"],"picked":"theSenshi:SailorMercuryAssists","floor":13},{"not_picked":["theSenshi:SilverMoonCrystalPowerKiss","theSenshi:StarlightHoneymoonTherapyKiss"],"picked":"theSenshi:SailorStarHealerAssists","floor":16},{"not_picked":["theSenshi:MoonlightKnight","theSenshi:TuxedoSmokingBomber","theSenshi:SailorChibiMoonAssists"],"picked":"SKIP","floor":18},{"not_picked":["theSenshi:LunasBite","theSenshi:EncouragingSpeech"],"picked":"theSenshi:SailorNeptuneAssists","floor":20},{"not_picked":["theSenshi:VenusGlamour","theSenshi:MoonsReflection","theSenshi:MarsPride"],"picked":"SKIP","floor":22},{"not_picked":["theSenshi:MoonPunch","theSenshi:MoonPrincessHalation+1"],"picked":"theSenshi:SailorUranusAssists","floor":23},{"not_picked":["theSenshi:MoonPunch+1","theSenshi:SailorStarMakerAssists"],"picked":"theSenshi:JupitersPower","floor":25},{"not_picked":["theSenshi:RainbowMoonHeartAche","theSenshi:SailorNeptuneAssists","theSenshi:MoonPunch"],"picked":"SKIP","floor":27},{"not_picked":["theSenshi:SchoolBag","theSenshi:EncouragingSpeech","theSenshi:SailorVenusAssists"],"picked":"SKIP","floor":28},{"not_picked":["theSenshi:MoonCosmicPowerMakeUp","theSenshi:RainbowMoonHeartAche","theSenshi:SupersonicWaves+1"],"picked":"SKIP","floor":29},{"not_picked":["theSenshi:MoonTiaraMagic+1","theSenshi:Sidestep"],"picked":"theSenshi:SailorSaturnAssists","floor":30},{"not_picked":["theSenshi:MoonPunch","theSenshi:LateForSchool","theSenshi:TuxedoSmokingBomber"],"picked":"SKIP","floor":31}],"player_experience":3243261,"relics_obtained":[{"floor":6,"key":"Meat on the Bone"},{"floor":8,"key":"Blood Vial"},{"floor":9,"key":"Dream Catcher"},{"floor":23,"key":"Smiling Mask"},{"floor":25,"key":"Happy Flower"},{"floor":26,"key":"theSenshi:FeatherClipsRelic"},{"floor":30,"key":"Toy Ornithopter"}],"event_choices":[{"damage_healed":0,"gold_gain":0,"player_choice":"Obtained Relic","damage_taken":0,"relics_obtained":["sneckomod:BlankCard"],"max_hp_gain":0,"max_hp_loss":0,"event_name":"Addict","floor":21,"gold_loss":85}],"is_beta":false,"boss_relics":[{"not_picked":["theSenshi:MoonKaleidoScopeRelic","Velvet Choker"],"picked":"Snecko Eye"}],"items_purged_floors":[2,12,24],"is_endless":false,"potions_floor_spawned":[3,6,11,16,18,27,28,30],"killed_by":"Collector","ascension_level":16}}