{"host":"4eao2pkwlmv012cz","time":1613015670,"event":{"mods":["BaseMod","Colored Powertips","Minty Spire (QoL Compilation)","Permanent Neow","Quick Restart","Random Character Button","StSLib"],"gold_per_floor":[117,117,192,209,209,241,241,261,261,261,276,288,321,334,334,412,412,428,428,107,118,393,393,423,439,439,457,489,489,505,540,540,614,614,632,632,657,657,683,683,717,717,717,32,46,61,79,91,91,91,91],"floor_reached":50,"language":"ENG","playtime":1557,"items_purged":["Strike_B"],"score":1259,"play_id":"7e48a0a1-5310-464f-a71b-68a546b125da","local_time":"20210210225430","is_ascension_mode":true,"campfire_choices":[{"data":"Buffer","floor":7.0,"key":"SMITH"},{"floor":10.0,"key":"REST"},{"data":"Static Discharge","floor":15.0,"key":"SMITH"},{"floor":23.0,"key":"REST"},{"floor":29.0,"key":"REST"},{"floor":32.0,"key":"REST"},{"floor":40.0,"key":"REST"},{"floor":42.0,"key":"REST"},{"floor":49,"key":"REST"}],"circlet_count":0,"master_deck":["AscendersBane","Strike_B","Strike_B","Strike_B","Defend_B","Defend_B","Defend_B","Zap+1","Dualcast","Ball Lightning+1","Conserve Battery","Buffer+1","Static Discharge+1","Sweeping Beam+1","Lockon","Storm+1","Steam","Creative AI+1","Leap","Defragment+1","Defragment+1","Defragment+1","Leap+1","Regret","Electrodynamics+1","Auto Shields+1","Cold Snap","Creative AI+1","Stack+1","Rainbow","Compile Driver+1","Recycle+1","Writhe","Ball Lightning","Biased Cognition+1","Static Discharge+1","Storm+1","Loop+1","Creative AI+1","Static Discharge+1","Cold Snap+1","Defragment+1","Seek"],"relics":["Cracked Core","Letter Opener","Frozen Egg 2","Pear","Fusion Hammer","DollysMirror","Lantern","Bottled Tornado","Bag of Marbles","Matryoshka","Inserter","Calipers","Boot","Whetstone","Strawberry","Bag of Preparation","The Courier","Mango"],"acts_visited":["Exordium","TheCity","TheBeyond"],"potions_floor_usage":[48,50,50],"damage_taken":[{"damage":0.0,"enemies":"2 Louse","floor":1.0,"turns":3.0},{"damage":2.0,"enemies":"Jaw Worm","floor":4.0,"turns":3.0},{"damage":25.0,"enemies":"Gremlin Nob","floor":6.0,"turns":4.0},{"damage":0.0,"enemies":"Small Slimes","floor":8.0,"turns":3.0},{"damage":13.0,"enemies":"Red Slaver","floor":11.0,"turns":3.0},{"damage":8.0,"enemies":"3 Louse","floor":12.0,"turns":3.0},{"damage":0.0,"enemies":"Lagavulin","floor":13.0,"turns":5.0},{"damage":4.0,"enemies":"Looter","floor":14.0,"turns":3.0},{"damage":19.0,"enemies":"The Guardian","floor":16.0,"turns":10.0},{"damage":11.0,"enemies":"Spheric Guardian","floor":18.0,"turns":4.0},{"damage":0.0,"enemies":"2 Thieves","floor":21.0,"turns":3.0},{"damage":11.0,"enemies":"Gremlin Leader","floor":24.0,"turns":4.0},{"damage":1.0,"enemies":"Snecko","floor":25.0,"turns":4.0},{"damage":24.0,"enemies":"Snake Plant","floor":27.0,"turns":3.0},{"damage":26.0,"enemies":"Slavers","floor":28.0,"turns":3.0},{"damage":7.0,"enemies":"Cultist and Chosen","floor":30.0,"turns":3.0},{"damage":39.0,"enemies":"Book of Stabbing","floor":31.0,"turns":4.0},{"damage":8.0,"enemies":"Collector","floor":33.0,"turns":6.0},{"damage":33.0,"enemies":"3 Darklings","floor":35.0,"turns":3.0},{"damage":5.0,"enemies":"Mind Bloom Boss Battle","floor":37.0,"turns":5.0},{"damage":50.0,"enemies":"Giant Head","floor":41.0,"turns":5.0},{"damage":18.0,"enemies":"3 Shapes","floor":45.0,"turns":3.0},{"damage":17,"enemies":"Jaw Worm Horde","floor":46,"turns":2},{"damage":30,"enemies":"Writhing Mass","floor":47,"turns":4},{"damage":7,"enemies":"Transient","floor":48,"turns":6},{"damage":45,"enemies":"Donu and Deca","floor":50,"turns":2}],"seed_played":"2848190284158201855","potions_obtained":[{"floor":4.0,"key":"Weak Potion"},{"floor":11.0,"key":"PowerPotion"},{"floor":13.0,"key":"SpeedPotion"},{"floor":14.0,"key":"FairyPotion"},{"floor":16.0,"key":"DistilledChaos"},{"floor":21.0,"key":"Strength Potion"},{"floor":24.0,"key":"ColorlessPotion"},{"floor":27.0,"key":"Weak Potion"},{"floor":28.0,"key":"SteroidPotion"},{"floor":33.0,"key":"LiquidBronze"},{"floor":35.0,"key":"PowerPotion"},{"floor":37.0,"key":"EssenceOfSteel"},{"floor":46,"key":"Ancient Potion"},{"floor":48,"key":"DistilledChaos"}],"is_trial":false,"path_per_floor":["M","?","?","M","?","E","R","M","T","R","M","M","E","M","R","B",null,"M","?","$","M","?","R","E","M","T","M","E","R","M","E","R","B",null,"M","?","?","?","T","R","E","R","T","$","M","M","M","M","R","B"],"character_chosen":"DEFECT","items_purchased":["Defragment+1","DollysMirror","Mango","Biased Cognition+1","Static Discharge+1","Storm+1","Loop+1","Creative AI+1"],"campfire_rested":7,"item_purchase_floors":[20,20,44,44,44,44,44,44],"current_hp_per_floor":[64,64,53,51,56,31,31,31,31,53,40,32,42,38,38,19,69,58,58,58,58,58,83,72,71,71,47,21,46,39,25,50,42,75,42,42,37,54,54,79,36,63,63,77,59,42,12,5,37,0,0],"gold":91,"neow_bonus":"UPGRADE_CARD","is_daily":false,"chose_seed":false,"campfire_upgraded":2,"win_rate":0.0,"timestamp":1613015670,"path_taken":["M","?","?","M","?","E","R","?","T","R","M","M","E","M","R","BOSS","M","?","$","M","?","R","E","?","T","M","E","R","M","E","R","BOSS","M","?","?","?","?","R","E","R","T","$","M","M","?","M","R","BOSS"],"items_purchased_type":["Card","Relic","Relic","Card","Card","Card","Card","Card"],"build_version":"2020-12-22","purchased_purges":1,"victory":false,"max_hp_per_floor":[71,71,71,71,76,76,76,76,76,76,76,76,86,86,86,86,86,86,86,86,86,86,86,86,86,86,86,86,86,86,86,86,86,86,86,86,86,86,86,86,93,93,93,107,107,107,107,107,107,107,107],"card_choices":[{"not_picked":["Self Repair","Gash"],"picked":"Ball Lightning","floor":1.0},{"not_picked":["Heatsinks","Go for the Eyes"],"picked":"Conserve Battery","floor":4.0},{"not_picked":["Cold Snap","Meteor Strike"],"picked":"Buffer","floor":6.0},{"not_picked":["Loop","Genetic Algorithm"],"picked":"Static Discharge","floor":8.0},{"not_picked":["Force Field","Hologram"],"picked":"Sweeping Beam","floor":11.0},{"not_picked":["Steam Power","Skim"],"picked":"Lockon","floor":12.0},{"not_picked":["Sunder","Blizzard"],"picked":"Storm+1","floor":13.0},{"not_picked":["Hologram","Streamline"],"picked":"Steam","floor":14.0},{"not_picked":["Multi-Cast","Reboot"],"picked":"Creative AI+1","floor":16.0},{"not_picked":["Beam Cell","Turbo"],"picked":"Leap","floor":18.0},{"not_picked":["Conserve Battery","Compile Driver"],"picked":"Leap+1","floor":21.0},{"not_picked":["Leap","Redo+1"],"picked":"Electrodynamics+1","floor":24.0},{"not_picked":["Gash","Beam Cell"],"picked":"Auto Shields+1","floor":25.0},{"not_picked":["Gash","Compile Driver"],"picked":"Cold Snap","floor":27.0},{"not_picked":["Compile Driver+1","Darkness+1"],"picked":"Creative AI+1","floor":28.0},{"not_picked":["Beam Cell","Double Energy"],"picked":"Stack+1","floor":30.0},{"not_picked":["Turbo","Auto Shields","Blizzard"],"picked":"SKIP","floor":31.0},{"not_picked":["All For One","Machine Learning+1"],"picked":"Rainbow","floor":33.0},{"not_picked":["Conserve Battery","Barrage"],"picked":"Compile Driver","floor":35.0},{"not_picked":["Beam Cell","Redo"],"picked":"Recycle+1","floor":37.0},{"not_picked":["Leap","Stack"],"picked":"Ball Lightning","floor":41.0},{"not_picked":["Stack+1","Go for the Eyes+1"],"picked":"Static Discharge+1","floor":45},{"not_picked":["Gash+1","Compile Driver"],"picked":"Cold Snap+1","floor":46},{"not_picked":["Coolheaded+1","Loop+1"],"picked":"Defragment+1","floor":47},{"not_picked":["Rebound","Sweeping Beam"],"picked":"Seek","floor":48}],"player_experience":2919868,"relics_obtained":[{"floor":6.0,"key":"Letter Opener"},{"floor":9.0,"key":"Frozen Egg 2"},{"floor":13.0,"key":"Pear"},{"floor":24.0,"key":"Lantern"},{"floor":26.0,"key":"Bottled Tornado"},{"floor":28.0,"key":"Bag of Marbles"},{"floor":31.0,"key":"Matryoshka"},{"floor":37.0,"key":"Calipers"},{"floor":39.0,"key":"Boot"},{"floor":39.0,"key":"Whetstone"},{"floor":41.0,"key":"Strawberry"},{"floor":43.0,"key":"Bag of Preparation"},{"floor":43.0,"key":"The Courier"}],"event_choices":[{"damage_healed":0.0,"max_hp_gain":0.0,"max_hp_loss":0.0,"gold_gain":0.0,"event_name":"Living Wall","player_choice":"Grow","floor":2.0,"gold_loss":0.0,"damage_taken":0.0,"cards_upgraded":["Ball Lightning"]},{"damage_healed":0.0,"max_hp_gain":0.0,"max_hp_loss":0.0,"gold_gain":75.0,"event_name":"World of Goop","player_choice":"Gather Gold","floor":3.0,"gold_loss":0.0,"damage_taken":11.0},{"damage_healed":0.0,"max_hp_gain":5.0,"max_hp_loss":0.0,"gold_gain":0.0,"event_name":"Big Fish","player_choice":"Donut","floor":5.0,"gold_loss":0.0,"damage_taken":0.0},{"damage_healed":0.0,"max_hp_gain":0.0,"max_hp_loss":0.0,"gold_gain":0.0,"event_name":"The Library","player_choice":"Read","floor":19.0,"gold_loss":0.0,"damage_taken":0.0,"cards_obtained":["Defragment"]},{"damage_healed":0.0,"max_hp_gain":0.0,"max_hp_loss":0.0,"gold_gain":275.0,"event_name":"Golden Shrine","player_choice":"Desecrate","floor":22.0,"gold_loss":0.0,"damage_taken":0.0,"cards_obtained":["Regret"]},{"cards_removed":["Defend_B"],"damage_healed":0.0,"max_hp_gain":0.0,"max_hp_loss":0.0,"gold_gain":0.0,"event_name":"Falling","player_choice":"Removed Skill","floor":36.0,"gold_loss":0.0,"damage_taken":0.0},{"damage_healed":0.0,"max_hp_gain":0.0,"max_hp_loss":0.0,"gold_gain":0.0,"event_name":"MindBloom","player_choice":"Fight","floor":37.0,"gold_loss":0.0,"damage_taken":0.0},{"damage_healed":17.0,"max_hp_gain":0.0,"max_hp_loss":0.0,"gold_gain":0.0,"event_name":"Winding Halls","player_choice":"Writhe","floor":38.0,"gold_loss":0.0,"damage_taken":0.0,"cards_obtained":["Writhe"]}],"is_beta":false,"boss_relics":[{"not_picked":["Black Star","Coffee Dripper"],"picked":"Fusion Hammer"},{"not_picked":["Calling Bell","Astrolabe"],"picked":"Inserter"}],"items_purged_floors":[20],"is_endless":false,"potions_floor_spawned":[4,11,13,14,16,21,24,27,28,33,35,37,46,48],"killed_by":"Donu and Deca","ascension_level":20}}