{"host":"l6elh4j9kblzg1qy","time":1613038224,"event":{"mods":["BaseMod","Downfall","Minty Spire (QoL Compilation)","Replay The Spire","StSLib"],"gold_per_floor":[112,112,123,123,138,138,156,156,156,172,136,149,13,27,27,130,130,143,68,68,86,103,3,3,23,49,49,49,49,49,63,63,159,159,178,191,191,205,224,224,224],"floor_reached":40,"language":"SPA","playtime":2432,"items_purged":["Delirium","Clumsy"],"score":382,"play_id":"6d6f96f7-bdf1-4df4-acb2-40f8b4771a6f","local_time":"20210211111024","is_ascension_mode":false,"campfire_choices":[{"data":"Ball Lightning","floor":6,"key":"SMITH"},{"data":"Stack","floor":8,"key":"SMITH"},{"floor":24,"key":"RECALL"},{"floor":28,"key":"REST"},{"data":"Electrodynamics","floor":30,"key":"SMITH"},{"floor":32,"key":"REST"}],"circlet_count":0,"master_deck":["Strike_B","Strike_B","Strike_B","Defend_B","Defend_B+1","Zap+1","Ball Lightning+1","Stack+1","Static Discharge+1","Redo+1","Electrodynamics+1","Conserve Battery","Sweeping Beam","Defend_G","FTL","ReplayTheSpireMod:Faulty Equipment","Biased Cognition","Mirror Shield","Fusion","Leap","White Noise+1","Streamline"],"relics":["Cracked Core","Ring of Panic","TungstenRod","Replay:Grab Bag","Sozu","Busted Crown","Kintsugi","downfall:ExtraCursedKey","Honey Jar"],"acts_visited":["Exordium","TheCity","TheBeyond"],"potions_floor_usage":[16,33,33],"damage_taken":[{"damage":6,"enemies":"Jaw Worm","floor":1,"turns":3},{"damage":2,"enemies":"Small Slimes","floor":3,"turns":3},{"damage":1,"enemies":"Cultist","floor":5,"turns":4},{"damage":10,"enemies":"Red Slaver","floor":7,"turns":3},{"damage":12,"enemies":"Lots of Slimes","floor":10,"turns":4},{"damage":4,"enemies":"Looter","floor":12,"turns":3},{"damage":11,"enemies":"Exordium Thugs","floor":14,"turns":3},{"damage":22,"enemies":"Fading Forest","floor":16,"turns":11},{"damage":21,"enemies":"Shell Parasite","floor":18,"turns":6},{"damage":15,"enemies":"Spheric Guardian","floor":21,"turns":3},{"damage":7,"enemies":"Centurion and Healer","floor":22,"turns":4},{"damage":3,"enemies":"Sentry and Sphere","floor":25,"turns":3},{"damage":12,"enemies":"Snake Plant","floor":31,"turns":3},{"damage":45,"enemies":"Collector","floor":33,"turns":7},{"damage":10,"enemies":"3 Shapes","floor":35,"turns":2},{"damage":0,"enemies":"Orb Walker","floor":36,"turns":3},{"damage":14,"enemies":"4 Shapes","floor":38,"turns":3},{"damage":30,"enemies":"Spire Growth","floor":39,"turns":4},{"damage":23,"enemies":"Reptomancer","floor":40,"turns":2}],"seed_played":"-5377377102605953879","potions_obtained":[{"floor":7,"key":"Doom Potion"},{"floor":10,"key":"Fire Potion"},{"floor":14,"key":"Milkshake"}],"is_trial":false,"path_per_floor":["M","?","M","?","M","R","M","R","T","M","$","M","$","M","R","B",null,"M","$","?","M","M","$","R","M","T","?","R","$","R","M","R","B",null,"M","M","?","M","M","E"],"character_chosen":"DEFECT","items_purchased":["Redo+1","Electrodynamics"],"campfire_rested":2,"item_purchase_floors":[11,13],"current_hp_per_floor":[69,69,67,67,66,66,56,56,56,44,44,40,40,29,51,51,75,54,54,54,39,32,32,32,29,29,29,51,51,51,39,61,16,75,65,65,65,51,21,0,0],"gold":224,"neow_bonus":"RANDOM_EVENT","is_daily":false,"chose_seed":false,"campfire_upgraded":3,"win_rate":0.0,"timestamp":1613038224,"path_taken":["M","?","M","?","M","R","M","R","T","M","?","M","$","M","R","BOSS","M","$","?","M","?","?","R","?","T","?","R","?","R","M","R","BOSS","M","M","?","M","M","E"],"items_purchased_type":["Card","Card"],"build_version":"2020-12-22","purchased_purges":2,"victory":false,"max_hp_per_floor":[75,75,75,75,75,75,75,75,75,75,75,75,75,75,75,75,75,75,75,75,75,75,75,75,75,75,75,75,75,75,75,75,75,75,75,75,75,75,75,75,75],"card_choices":[{"not_picked":["Go for the Eyes","Stack"],"picked":"Ball Lightning","floor":1},{"not_picked":["Self Repair","Tempest"],"picked":"Stack","floor":3},{"not_picked":["Stack","Gash","Beam Cell"],"picked":"SKIP","floor":5},{"not_picked":["BootSequence","Rip and Tear","Cold Snap"],"picked":"SKIP","floor":7},{"not_picked":["Recycle","Panic Button"],"picked":"Static Discharge","floor":10},{"not_picked":["Seek","Self Repair","Double Energy"],"picked":"SKIP","floor":12},{"not_picked":["Beam Cell","Rebound"],"picked":"Conserve Battery","floor":14},{"not_picked":[],"picked":"Sweeping Beam","floor":18},{"not_picked":[],"picked":"FTL","floor":21},{"not_picked":["BasicCrystalCard"],"picked":"SKIP","floor":22},{"not_picked":["Heatsinks"],"picked":"SKIP","floor":25},{"not_picked":["Coolheaded"],"picked":"SKIP","floor":31},{"not_picked":[],"picked":"Mirror Shield","floor":33},{"not_picked":["Scrape"],"picked":"Fusion","floor":35},{"not_picked":["ReplayTheSpireMod:Repulse+1"],"picked":"Leap","floor":36},{"not_picked":["Heatsinks"],"picked":"White Noise+1","floor":38},{"not_picked":["Gash"],"picked":"Streamline","floor":39}],"player_experience":97497,"relics_obtained":[{"floor":4,"key":"Ring of Panic"},{"floor":9,"key":"TungstenRod"}],"event_choices":[{"damage_healed":0,"gold_gain":0,"player_choice":"Grow","damage_taken":0,"max_hp_gain":0,"max_hp_loss":0,"event_name":"Living Wall","floor":2,"gold_loss":0,"cards_upgraded":["Zap"]},{"cards_removed":["Doubt"],"damage_healed":0,"gold_gain":0,"player_choice":"Took Card","damage_taken":0,"max_hp_gain":0,"max_hp_loss":0,"event_name":"NoteForYourself","floor":20,"gold_loss":0,"cards_obtained":["Defend_G"]},{"damage_healed":0,"gold_gain":0,"player_choice":"Ignored","damage_taken":0,"max_hp_gain":0,"max_hp_loss":0,"event_name":"Tomb of Lord Red Mask","floor":37,"gold_loss":0}],"is_beta":false,"boss_relics":[{"not_picked":["Philosopher\u0027s Stone","Coffee Dripper"],"picked":"Replay:Grab Bag"},{"not_picked":["Replay:Wanted Poster","Ectoplasm"],"picked":"Sozu"},{"not_picked":["Velvet Choker","ChewingGum"],"picked":"Busted Crown"},{"not_picked":["Astrolabe","Nuclear Battery"],"picked":"Kintsugi"},{"not_picked":["Fusion Hammer","SacredBark"],"picked":"Honey Jar"}],"items_purged_floors":[19,23],"is_endless":false,"potions_floor_spawned":[7,10,14,25,33,36],"killed_by":"Reptomancer","ascension_level":0}}