{"host":"nc31xc38ptxi6d4c","time":1613022963,"event":{"mods":["BaseMod","Curses Come First","Evolution","Minty Spire (QoL Compilation)","StSLib"],"gold_per_floor":[112,112,130,143,68,101,113,25,25,59,59,78,94,127,127,231,231,211,211,211,48,48,48,48,66,366,366,366],"floor_reached":27,"language":"ENG","playtime":1465,"items_purged":["Regret","Strike_R","Strike_R"],"score":261,"play_id":"1479602d-40e8-478d-97eb-8f48f40d2cc9","local_time":"20210210235603","is_ascension_mode":true,"campfire_choices":[{"data":"Armaments","floor":7,"key":"SMITH"},{"floor":11,"key":"REST"},{"floor":15,"key":"REST"},{"floor":24,"key":"REST"}],"circlet_count":0,"master_deck":["Defend_R","Defend_R","Defend_R","Defend_R","Clash","Body Slam","Armaments+1","Shrug It Off","Iron Wave","Barricade","Necronomicurse","Feel No Pain"],"relics":["Burning Blood","EVO:Axolotl","Eternal Feather","MawBank","Tiny Chest","TungstenRod","Empty Cage","Necronomicon","Old Coin"],"acts_visited":["Exordium","TheCity"],"potions_floor_usage":[16,16,23,27],"damage_taken":[{"damage":6,"enemies":"2 Louse","floor":1,"turns":4},{"damage":7,"enemies":"Small Slimes","floor":3,"turns":4},{"damage":3,"enemies":"Jaw Worm","floor":4,"turns":3},{"damage":31,"enemies":"3 Sentries","floor":6,"turns":15},{"damage":59,"enemies":"Gremlin Nob","floor":10,"turns":6},{"damage":2,"enemies":"Blue Slaver","floor":12,"turns":3},{"damage":0,"enemies":"3 Louse","floor":13,"turns":2},{"damage":11,"enemies":"Lagavulin","floor":14,"turns":8},{"damage":37,"enemies":"The Guardian","floor":16,"turns":13},{"damage":22,"enemies":"2 Thieves","floor":18,"turns":4},{"damage":42,"enemies":"Book of Stabbing","floor":23,"turns":8},{"damage":5,"enemies":"Shell Parasite","floor":25,"turns":15},{"damage":57,"enemies":"Slavers","floor":27,"turns":10}],"seed_played":"8967791263637354886","potions_obtained":[{"floor":3,"key":"Swift Potion"},{"floor":6,"key":"CultistPotion"},{"floor":10,"key":"SmokeBomb"},{"floor":25,"key":"DuplicationPotion"}],"is_trial":false,"path_per_floor":["M","?","M","M","$","E","R","$","T","E","R","M","M","E","R","B",null,"M","?","?","$","?","E","R","M","T","E"],"character_chosen":"IRONCLAD","items_purchased":["Feel No Pain"],"campfire_rested":3,"item_purchase_floors":[21],"current_hp_per_floor":[80,80,79,80,80,55,61,61,61,8,38,42,48,43,73,42,80,64,64,52,52,52,16,46,47,47,0,0],"gold":366,"neow_bonus":"TRANSFORM_CARD","is_daily":false,"chose_seed":false,"campfire_upgraded":1,"win_rate":0.0,"timestamp":1613022963,"path_taken":["M","?","M","M","$","E","R","$","T","E","R","M","M","E","R","BOSS","M","?","?","$","?","E","R","M","T","E"],"items_purchased_type":["Card"],"build_version":"2020-12-22","purchased_purges":3,"victory":false,"max_hp_per_floor":[80,80,80,80,80,80,80,80,80,80,80,80,80,80,80,80,80,80,80,80,80,80,80,80,80,80,80,80],"card_choices":[{"not_picked":["Wild Strike","Headbutt"],"picked":"Body Slam","floor":1},{"not_picked":["Pommel Strike","Demon Form"],"picked":"Armaments","floor":3},{"not_picked":["Bloodletting","Thunderclap","Combust"],"picked":"SKIP","floor":4},{"not_picked":["Searing Blow","Cleave"],"picked":"Shrug It Off","floor":6},{"not_picked":["Pummel","Blood for Blood","Flex"],"picked":"SKIP","floor":10},{"not_picked":["Wild Strike","Sword Boomerang"],"picked":"Iron Wave","floor":12},{"not_picked":["Spot Weakness","Clothesline","Fire Breathing"],"picked":"SKIP","floor":13},{"not_picked":["Fire Breathing","Clash","Anger"],"picked":"SKIP","floor":14},{"not_picked":["Brutality","Offering"],"picked":"Barricade","floor":16},{"not_picked":["Pommel Strike","Twin Strike","Hemokinesis+1"],"picked":"SKIP","floor":18},{"not_picked":["Evolve","Second Wind+1","True Grit"],"picked":"SKIP","floor":25}],"player_experience":142544,"relics_obtained":[{"floor":6,"key":"MawBank"},{"floor":10,"key":"Tiny Chest"},{"floor":14,"key":"TungstenRod"},{"floor":20,"key":"Necronomicon"},{"floor":26,"key":"Old Coin"}],"event_choices":[{"damage_healed":0,"gold_gain":0,"player_choice":"Box","damage_taken":0,"relics_obtained":["Eternal Feather"],"max_hp_gain":0,"max_hp_loss":0,"event_name":"Big Fish","floor":2,"gold_loss":0,"cards_obtained":["Regret"]},{"cards_removed":["Strike_R"],"damage_healed":0,"gold_gain":0,"player_choice":"Elegance","damage_taken":0,"max_hp_gain":0,"max_hp_loss":0,"event_name":"Back to Basics","floor":19,"gold_loss":0},{"damage_healed":0,"gold_gain":0,"player_choice":"Obtained Book","damage_taken":16,"max_hp_gain":0,"max_hp_loss":0,"event_name":"Cursed Tome","floor":20,"gold_loss":0},{"damage_healed":0,"gold_gain":0,"player_choice":"Ignored","damage_taken":0,"max_hp_gain":0,"max_hp_loss":0,"event_name":"Vampires","floor":22,"gold_loss":0}],"is_beta":false,"boss_relics":[{"not_picked":["Coffee Dripper","Runic Cube"],"picked":"Empty Cage"}],"items_purged_floors":[5,8,21],"is_endless":false,"potions_floor_spawned":[3,6,10,14,23,25],"killed_by":"Slavers","ascension_level":1}}