{"host":"36t3qd3wjvajtu1z","time":1613085341,"event":{"mods":["2.2 Compatiblity","AchievementEnabler","BaseMod","Bestiary","Block Reminder","Colored Powertips","Curses Come First","Highlight Path","Minty Spire (QoL Compilation)","Permanent Neow","Quick Restart","Random Character Button","Rare Cards Sparkle","Relic Stats","Slay-I","StSLib","Unknown Chances"],"gold_per_floor":[110,80,99,112,132,163,163,189,189,339,50,50,110,145,145,145,145],"floor_reached":16,"language":"ENG","playtime":1025,"items_purged":["Doubt"],"score":218,"play_id":"31197365-ce1e-47c5-98e1-58a172bbc237","local_time":"20210211151541","is_ascension_mode":true,"campfire_choices":[{"data":"Armaments","floor":7.0,"key":"SMITH"},{"data":"Pommel Strike","floor":12,"key":"SMITH"},{"floor":15,"key":"REST"}],"circlet_count":0,"master_deck":["AscendersBane","Strike_R","Strike_R","Strike_R","Strike_R","Strike_R","Defend_R","Defend_R","Defend_R","Defend_R","Bash","Sever Soul","Armaments+1","Flame Barrier","Wild Strike","True Grit","Double Tap","Pommel Strike+1","Shrug It Off","Whirlwind","Headbutt"],"relics":["Burning Blood","Juzu Bracelet","Eternal Feather","Self Forming Clay","Akabeko","PreservedInsect","Gambling Chip"],"acts_visited":["Exordium"],"potions_floor_usage":[8,13],"damage_taken":[{"damage":0.0,"enemies":"2 Louse","floor":1.0,"turns":3.0},{"damage":1.0,"enemies":"Cultist","floor":3.0,"turns":3.0},{"damage":2.0,"enemies":"Small Slimes","floor":4.0,"turns":4.0},{"damage":3.0,"enemies":"3 Louse","floor":5.0,"turns":3.0},{"damage":41.0,"enemies":"Gremlin Nob","floor":6.0,"turns":5.0},{"damage":15,"enemies":"3 Sentries","floor":8,"turns":8},{"damage":31,"enemies":"Gremlin Nob","floor":13,"turns":4},{"damage":8,"enemies":"Gremlin Nob","floor":14,"turns":3},{"damage":41,"enemies":"Hexaghost","floor":16,"turns":9}],"seed_played":"-6949750853357979284","potions_obtained":[{"floor":2.0,"key":"Ancient Potion"},{"floor":2.0,"key":"PowerPotion"},{"floor":8,"key":"SmokeBomb"},{"floor":13,"key":"Fruit Juice"}],"is_trial":false,"path_per_floor":["M","?","M","M","M","E","R","E","T","?","$","R","?","E","R","B"],"character_chosen":"IRONCLAD","items_purchased":["Akabeko","Shrug It Off"],"campfire_rested":1,"item_purchase_floors":[11,11],"current_hp_per_floor":[74,74,75,75,75,40,40,31,31,31,31,40,20,18,54,13,13],"gold":145,"neow_bonus":"THREE_CARDS","is_daily":false,"chose_seed":false,"campfire_upgraded":2,"win_rate":0.0,"timestamp":1613085341,"path_taken":["M","?","?","M","M","E","R","E","T","?","$","R","?","E","R","BOSS"],"items_purchased_type":["Relic","Card"],"build_version":"2020-12-22","purchased_purges":1,"victory":false,"max_hp_per_floor":[75,75,75,75,75,75,75,75,75,75,75,75,80,80,80,80,80],"relic_stats":{"counters":[9,42],"Self Forming Clay":[33],"Gambling Chip":[3],"Eternal Feather":21,"PreservedInsect":23,"Juzu Bracelet":0,"obtain_stats":[{"Self Forming Clay":9,"Gambling Chip":14,"Eternal Feather":8,"PreservedInsect":13,"Juzu Bracelet":6,"Burning Blood":0,"Akabeko":11},{"Self Forming Clay":6,"Gambling Chip":8,"Eternal Feather":6,"PreservedInsect":7,"Juzu Bracelet":5,"Burning Blood":0,"Akabeko":6},{"Self Forming Clay":26,"Gambling Chip":33,"Eternal Feather":26,"PreservedInsect":30,"Juzu Bracelet":18,"Burning Blood":0,"Akabeko":26}],"Burning Blood":37},"card_choices":[{"not_picked":["Fire Breathing","Shrug It Off"],"picked":"Sever Soul","floor":0.0},{"not_picked":["Clothesline","Warcry"],"picked":"Armaments","floor":1.0},{"not_picked":["Shrug It Off","Warcry"],"picked":"Flame Barrier","floor":3.0},{"not_picked":["Sentinel","Clothesline"],"picked":"Wild Strike","floor":4.0},{"not_picked":["Iron Wave","Intimidate"],"picked":"True Grit","floor":5.0},{"not_picked":["Rampage","Warcry"],"picked":"Double Tap","floor":6.0},{"not_picked":["Perfected Strike","Entrench"],"picked":"Pommel Strike","floor":8},{"not_picked":["Power Through","Havoc"],"picked":"Whirlwind","floor":13},{"not_picked":["Whirlwind","Cleave"],"picked":"Headbutt","floor":14}],"player_experience":493688,"relics_obtained":[{"floor":6.0,"key":"Juzu Bracelet"},{"floor":8,"key":"Eternal Feather"},{"floor":9,"key":"Self Forming Clay"},{"floor":13,"key":"PreservedInsect"},{"floor":14,"key":"Gambling Chip"}],"event_choices":[{"damage_healed":0.0,"max_hp_gain":0.0,"max_hp_loss":0.0,"gold_gain":0.0,"event_name":"The Woman in Blue","player_choice":"Bought 2 Potions","floor":2.0,"gold_loss":0.0,"damage_taken":0.0},{"damage_healed":0,"gold_gain":150,"player_choice":"AGREE","damage_taken":0,"max_hp_gain":0,"max_hp_loss":0,"event_name":"Liars Game","floor":10,"gold_loss":0,"cards_obtained":["Doubt"]},{"damage_healed":0,"gold_gain":0,"player_choice":"Searched \u00272\u0027 times","damage_taken":0,"max_hp_gain":0,"max_hp_loss":0,"event_name":"Dead Adventurer","floor":13,"gold_loss":0}],"is_beta":false,"boss_relics":[],"items_purged_floors":[11],"is_endless":false,"potions_floor_spawned":[5,6,8,13],"killed_by":"Hexaghost","ascension_level":17}}