{"host":"b6hf8n3pu8vqv2wi","time":1613065525,"event":{"mods":["BaseMod","Minty Spire (QoL Compilation)","StSLib","The Servant 0.9.4"],"gold_per_floor":[111,111,111,126,126,161,161,195,244,279,292,292,139,165,165,268,268,281,291,306,322,322,322,322,322],"floor_reached":24,"language":"ZHS","playtime":1927,"items_purged":[],"score":288,"play_id":"3a8f53fb-5b28-4a73-87be-732e159d9911","local_time":"20210212014525","is_ascension_mode":true,"campfire_choices":[{"floor":7.0,"key":"REST"},{"floor":15.0,"key":"REST"},{"floor":23,"key":"REST"}],"circlet_count":0,"master_deck":["Strike_S","Strike_S","Strike_S","Defend_S","Defend_S","Defend_S","Defend_S","KidneyShot","Exchange","Reset","InstantArmor","Luminosity","DoubleEdge","Potential","Ricochet","FlawlessForm","Defy+1","Replace+1","MoonPhase","BottledTime","SilverBlades"],"relics":["Uniform","Juzu Bracelet","Gremlin Horn","Art of War","Bottled Lightning","Strange Spoon","Bottled Flame","Runic Dome"],"acts_visited":["Exordium","TheCity"],"potions_floor_usage":[20,24],"damage_taken":[{"damage":0.0,"enemies":"2 Louse","floor":1.0,"turns":4.0},{"damage":3.0,"enemies":"Small Slimes","floor":4.0,"turns":5.0},{"damage":74.0,"enemies":"Lagavulin","floor":6.0,"turns":14.0},{"damage":0.0,"enemies":"Gremlin Nob","floor":8.0,"turns":3.0},{"damage":15.0,"enemies":"Lagavulin","floor":10.0,"turns":7.0},{"damage":0.0,"enemies":"Cultist","floor":11.0,"turns":2.0},{"damage":0.0,"enemies":"Gremlin Nob","floor":14.0,"turns":3.0},{"damage":37.0,"enemies":"Hexaghost","floor":16.0,"turns":13.0},{"damage":25.0,"enemies":"2 Thieves","floor":18.0,"turns":3.0},{"damage":4.0,"enemies":"Shell Parasite","floor":19.0,"turns":6.0},{"damage":12,"enemies":"Chosen and Byrds","floor":20,"turns":6},{"damage":0,"enemies":"3 Cultists","floor":21,"turns":5},{"damage":53,"enemies":"Book of Stabbing","floor":24,"turns":5}],"seed_played":"9048630081989558403","potions_obtained":[{"floor":0.0,"key":"EntropicBrew"},{"floor":0.0,"key":"Fruit Juice"},{"floor":0.0,"key":"FairyPotion"},{"floor":6.0,"key":"Fire Potion"},{"floor":10.0,"key":"Dexterity Potion"},{"floor":11.0,"key":"Fire Potion"},{"floor":16.0,"key":"LiquidBronze"},{"floor":18.0,"key":"LiquidBronze"},{"floor":20,"key":"LiquidBronze"}],"is_trial":false,"path_per_floor":["M","?","?","M","?","E","R","E","T","E","M","?","$","E","R","B",null,"M","M","M","M","?","R","E"],"character_chosen":"THE_SERVANT","items_purchased":["Strange Spoon"],"campfire_rested":3,"item_purchase_floors":[13],"current_hp_per_floor":[70,70,70,67,60,12,33,33,33,18,18,18,18,18,39,2,70,45,41,29,29,29,50,0,0],"gold":322,"neow_bonus":"THREE_SMALL_POTIONS","is_daily":false,"chose_seed":false,"campfire_upgraded":0,"win_rate":0.0,"timestamp":1613065525,"path_taken":["M","?","?","M","?","E","R","E","T","E","M","?","$","E","R","BOSS","M","M","M","M","?","R","E"],"items_purchased_type":["Relic"],"build_version":"2020-12-22","purchased_purges":0,"victory":false,"max_hp_per_floor":[70,70,70,70,70,70,70,70,70,70,70,70,70,70,70,70,70,70,70,70,70,70,70,70,70],"card_choices":[{"not_picked":["ShatteredReality","BottledTime"],"picked":"Reset","floor":1.0},{"not_picked":["ShatteredReality","FastForward"],"picked":"InstantArmor","floor":4.0},{"not_picked":["Advance","Revamp"],"picked":"Luminosity","floor":6.0},{"not_picked":["TimeWarp","Moonlight"],"picked":"DoubleEdge","floor":8.0},{"not_picked":["Spin","FastForward"],"picked":"Potential","floor":10.0},{"not_picked":["WasteNot","Spin","Unruled"],"picked":"SKIP","floor":11.0},{"not_picked":["Spin","Snipe"],"picked":"Ricochet","floor":14.0},{"not_picked":["Deny","TheWorld"],"picked":"FlawlessForm","floor":16.0},{"not_picked":["Alleviate","Starlight"],"picked":"Defy+1","floor":18.0},{"not_picked":["Starlight+1","InstantArmor"],"picked":"Replace+1","floor":19.0},{"not_picked":["DoubleEdge","Alleviate"],"picked":"MoonPhase","floor":20},{"not_picked":["Rewind","Replace+1"],"picked":"BottledTime","floor":21}],"player_experience":241092,"relics_obtained":[{"floor":6.0,"key":"Gremlin Horn"},{"floor":8.0,"key":"Art of War"},{"floor":10.0,"key":"Bottled Lightning"},{"floor":14.0,"key":"Bottled Flame"}],"event_choices":[{"damage_healed":0.0,"max_hp_gain":0.0,"max_hp_loss":0.0,"gold_gain":0.0,"cards_transformed":["Strike_S"],"event_name":"Living Wall","player_choice":"Change","floor":2.0,"gold_loss":0.0,"damage_taken":0.0,"cards_obtained":["Reset"]},{"damage_healed":0.0,"max_hp_gain":0.0,"max_hp_loss":0.0,"gold_gain":0.0,"event_name":"Golden Wing","player_choice":"Ignored","floor":3.0,"gold_loss":0.0,"damage_taken":0.0},{"damage_healed":0.0,"max_hp_gain":0.0,"max_hp_loss":0.0,"gold_gain":0.0,"event_name":"Scrap Ooze","player_choice":"Success","floor":5.0,"gold_loss":0.0,"damage_taken":7.0,"relics_obtained":["Juzu Bracelet"]},{"damage_healed":0.0,"max_hp_gain":0.0,"max_hp_loss":0.0,"gold_gain":0.0,"event_name":"Shining Light","player_choice":"Ignored","floor":12.0,"gold_loss":0.0,"damage_taken":0.0},{"damage_healed":0,"gold_gain":0,"cards_transformed":["Reset"],"player_choice":"Transformed","damage_taken":0,"max_hp_gain":0,"max_hp_loss":0,"event_name":"Transmorgrifier","floor":22,"gold_loss":0,"cards_obtained":["SilverBlades"]}],"is_beta":false,"boss_relics":[{"not_picked":["SacredBark","Runic Pyramid"],"picked":"Runic Dome"}],"items_purged_floors":[],"is_endless":false,"potions_floor_spawned":[6,10,11,16,18,20],"killed_by":"Book of Stabbing","ascension_level":1}}