{"host":"1i3835udr35woqc6","time":1613048799,"event":{"mods":["Act Like it!","Arknights","Aspiration","BaseMod","BetterRewards","Conspire","Downfall","Friendly Minions","GungeonMod","Hallownest","Hermit","Infinite Spire","Minty Spire (QoL Compilation)","Pale of the Ancients","Shop Mod","StSLib","The Cursed"],"gold_per_floor":[99,109,69,169,169,344,418,418,418,473,473,485,500,518,529,631,631,631,631,643,643,643,643],"floor_reached":21,"language":"ZHS","playtime":924,"items_purged":[],"score":167,"play_id":"e409acb2-955b-450f-b5b7-f90adf95a469","local_time":"20210211210639","is_ascension_mode":false,"campfire_choices":[{"data":"hexamod:Float","floor":1,"key":"SMITH"},{"data":"hexamod:Hexaguard","floor":9,"key":"SMITH"},{"data":"hexamod:BurningTouch","floor":11,"key":"SMITH"},{"data":"hexamod:HexaLevel","floor":18,"key":"SMITH"}],"circlet_count":0,"master_deck":["hexamod:Strike+1","hexamod:Strike+1","hexamod:Strike","hexamod:Strike+1","hexamod:Defend","hexamod:Defend","hexamod:Defend+1","hexamod:Defend+1","hexamod:Sear","hexamod:Float+1","hexamod:HeatMetal","hexamod:SixthSeal","hexamod:Hexaguard+1","Doubt","hexamod:BurningTouch+1","hexamod:FirstSeal","hexamod:SoulSteal","hexamod:BurningTouch","hexamod:HexaLevel+1","hexamod:VolcanoVisage","hexamod:EmpoweredFlame"],"relics":["hexamod:SpiritBrand","Shuriken","Pantograph","hexamod:IceCube","GremlinMask"],"acts_visited":["Exordium","TheCity"],"potions_floor_usage":[],"damage_taken":[{"damage":0,"enemies":"2 Louse","floor":2,"turns":3},{"damage":0,"enemies":"downfall:FleeingMerchant","floor":3,"turns":4},{"damage":32,"enemies":"Lagavulin Event","floor":10,"turns":7},{"damage":0,"enemies":"Small Slimes","floor":12,"turns":3},{"damage":0,"enemies":"Jaw Worm","floor":13,"turns":5},{"damage":2,"enemies":"Red Slaver","floor":14,"turns":3},{"damage":0,"enemies":"Large Slime","floor":15,"turns":6},{"damage":52,"enemies":"IC_STATUS_ARCHETYPE","floor":16,"turns":10},{"damage":25,"enemies":"Chosen","floor":20,"turns":6},{"damage":59,"enemies":"3 Byrds","floor":21,"turns":4}],"seed_played":"-5551435273107880361","potions_obtained":[{"floor":13,"key":"GamblersBrew"},{"floor":16,"key":"hexamod:EctoCoolerPotion"}],"is_trial":false,"path_per_floor":["R","M","$","?","?","?","T","?","R","?","R","M","M","M","M","B",null,"R","?","M","M"],"character_chosen":"THE_SPIRIT","items_purchased":["hexamod:Hexaguard"],"campfire_rested":0,"item_purchase_floors":[3],"current_hp_per_floor":[77,77,77,77,77,77,77,77,77,45,45,45,52,57,64,32,77,77,77,59,0,0,0],"gold":643,"neow_bonus":"TEN_PERCENT_HP_BONUS","is_daily":false,"chose_seed":false,"campfire_upgraded":4,"win_rate":0.0,"timestamp":1613048799,"path_taken":["R","M","$","?","?","?","T","?","R","?","R","M","M","?","M","BOSS","R","?","M","?"],"items_purchased_type":["Card"],"build_version":"2020-12-22","purchased_purges":0,"victory":false,"max_hp_per_floor":[77,77,77,77,77,77,77,77,77,77,77,77,77,77,77,77,77,77,77,77,77,77,77],"card_choices":[{"not_picked":["hexamod:Haunt","hexamod:InspiringFlames"],"picked":"hexamod:HeatMetal","floor":2},{"not_picked":["hexamod:AdvancingGuard","hexamod:GhostLash"],"picked":"hexamod:SixthSeal","floor":3},{"not_picked":["hexamod:SwordOfDarkness","hexamod:Haunt"],"picked":"hexamod:BurningTouch","floor":10},{"not_picked":["hexamod:StepThrough","hexamod:RadiantFlame"],"picked":"hexamod:FirstSeal","floor":12},{"not_picked":["hexamod:ThermalTransfer","hexamod:ChargedBarrage"],"picked":"hexamod:SoulSteal","floor":13},{"not_picked":["hexamod:Hexaguard","hexamod:ThermalTransfer"],"picked":"hexamod:BurningTouch","floor":14},{"not_picked":["hexamod:NightmareStrike","hexamod:NightmareGuise"],"picked":"hexamod:HexaLevel","floor":15},{"not_picked":["hexamod:UnlimitedPower","hexamod:HexaLevel"],"picked":"hexamod:VolcanoVisage","floor":16},{"not_picked":["hexamod:SpectralAdrenaline","hexamod:StepThrough"],"picked":"hexamod:EmpoweredFlame","floor":20}],"player_experience":396977,"relics_obtained":[{"floor":7,"key":"Shuriken"},{"floor":10,"key":"Pantograph"}],"event_choices":[{"damage_healed":0,"gold_gain":0,"player_choice":"Leave","damage_taken":0,"max_hp_gain":0,"max_hp_loss":0,"event_name":"conspire:Investor","floor":5,"gold_loss":0},{"damage_healed":0,"gold_gain":0,"player_choice":"Disagree","damage_taken":0,"max_hp_gain":0,"max_hp_loss":0,"event_name":"conspire:LoneGhost","floor":8,"gold_loss":0},{"damage_healed":0,"gold_gain":0,"player_choice":"Trade","damage_taken":0,"relics_obtained":["GremlinMask"],"max_hp_gain":0,"max_hp_loss":0,"event_name":"FaceTrader","floor":19,"gold_loss":0}],"is_beta":false,"boss_relics":[{"not_picked":["Calling Bell","conspire:SlowCooker"],"picked":"hexamod:IceCube"}],"items_purged_floors":[],"is_endless":false,"potions_floor_spawned":[13,16],"killed_by":"3 Byrds","ascension_level":0}}