{"host":"i73ch23exsqar74a","time":1613034937,"event":{"mods":["AchievementEnabler","Aspiration","Astrologer","Bard","Bartender","BaseMod","Beaked The Cultist","Better Sensory Stone","CCEM2","CapriCore","Challenge The Spire","ChefMod","Chen","Colored Map","Colored Powertips","Conjunction","Conspire","Downfall","Fireblade Mod","FutureSeer","GifTheSpireLib","Glutton Mod","Gremlin Mod","Halation","Hermit","Highlight Path","HololiveMod","Hubris","Infinite Spire","Jedi Mod","Lobotomy","LobotomyExtend","Luminous","Marked Mod","Minty Spire (QoL Compilation)","Prisma Mod","Quarter Circle Forward PUNCH!","Quick Restart","Random Character Button","RatMod","Relic Sorter","Reliquary","Replay The Spire","SOS???????","Shade Mod","Spicy Shops","Spikes Relics","Spire Arcade","StSLib","Stuff the Spire","The Alterego","The Animator","The Bug Knight","The Construct","The Cursed","The Druid","The Exalted","The Immortal","The Judge","The Poker Player","The Sage","The Wild Card","TheHero","TheSwordswoman","TheVacant","TheVelvet","Thieving Mod","Yuri Mod","???Mod??????Boss","???mod?????"],"gold_per_floor":[126,126,150,161,19,46,46,75,75,102,102,37,37,98,98,210,210,220,220,570,570,21,21,46,63,63,81,116,116,127,141,141,245,245,259,282,282,282,282,313,329,329,382,382,382,410,426,456,456,460],"floor_reached":51,"language":"ENG","playtime":5085,"items_purged":[],"score":1002,"play_id":"b6f0b7f2-711e-478a-976d-ca82d4db42f0","local_time":"20210211131537","is_ascension_mode":true,"campfire_choices":[{"data":"animator:RoryMercury","floor":7.0,"key":"SMITH"},{"data":"animator:FielNirvalen","floor":13.0,"key":"SMITH"},{"data":"animator:LeleiLaLalena","floor":15.0,"key":"SMITH"},{"data":"animator:GoblinSlayer","floor":23,"key":"SMITH"},{"data":"animator:Assassin","floor":29,"key":"SMITH"},{"data":"animator:Berserker","floor":32,"key":"SMITH"},{"data":"beaked:AwakenedForm","floor":42,"key":"SMITH"},{"data":"animator:Shiro","floor":45,"key":"SMITH"},{"data":"animator:NarberalGamma","floor":49,"key":"SMITH"}],"circlet_count":0,"master_deck":["animator:Strike_GATE","animator:Defend_GATE","animator:Strike","animator:Strike","animator:Defend","animator:Defend","animator:Defend","animator:TukaLunaMarceau","animator:Kuribayashi","animator:HighElfArcher","animator:Archer","animator:LeleiLaLalena+1","animator:YaoHaDucy","animator:RoryMercury+1","animator:FielNirvalen+1","animator:TukaLunaMarceau","animator:Berserker+1","animator:Caster","animator:Tyuule","animator:Spearman","animator:GoblinSlayer+1","animator:Spearman","yuri:RhapsodyCurse","ReplayTheSpireMod:Whispers of Evil","animator:GuildGirl","animator:Assassin+1","animator:HighElfArcher","hubris:Gluttony","animator:Lancer","animator:Entoma","animator:Shiro+1","beaked:AwakenedForm+1","animator:Spearman+1","animator:NarberalGamma+1","conspire:NecroticWound","animator:GuildGirl","animator:Alexander","animator:Viivi+1","animator:Spearman","Clumsy","animator:Kuribayashi","animator:Archer+1","animator:Shiro","animator:NarberalGamma+1"],"relics":["animator:LivingPicture","animator:TheMissingPiece","aspiration:Nostalgia","beaked:MendingPlumage","LetterFromLob","reliquary:TuningFork","Bronze Scales","LugNut","StuffTheSpire:Experiment12","jedi:archwizardhat","yuri:PortableGlitches","Letter Opener","ChewingGum","Ring of Greed","Old Coin","The Courier","Ring of Peace","hexamod:Sixitude","SpikesRelics:DaevaFist","CCEMRelics:SpiritsEdge","CCEMRelics:HeirloomTomato","HandDrill","CCEMRelics:Barrel","halation:BlackBeret","hexamod:BolsterEngine","beaked:SacredDeck","halation:PurpleSoulGem","reliquary:RosewoodLute","Bromod:ArcaneNullifier","Nunchaku","Mango","halation:Diary"],"acts_visited":["Exordium","TheCity","TheBeyond"],"potions_floor_usage":[22,28,40,47,51,51],"damage_taken":[{"damage":0.0,"enemies":"Small Slimes","floor":1.0,"turns":3.0},{"damage":1.0,"enemies":"Cultist","floor":3.0,"turns":4.0},{"damage":4.0,"enemies":"Jaw Worm","floor":4.0,"turns":3.0},{"damage":13.0,"enemies":"3 Sentries","floor":6.0,"turns":12.0},{"damage":31.0,"enemies":"Gremlin Nob","floor":8.0,"turns":5.0},{"damage":22.0,"enemies":"3 Sentries","floor":10.0,"turns":7.0},{"damage":12.0,"enemies":"Lagavulin Event","floor":14.0,"turns":4.0},{"damage":3.0,"enemies":"Fading Forest","floor":16.0,"turns":11.0},{"damage":8.0,"enemies":"Spheric Guardian","floor":18.0,"turns":4.0},{"damage":0,"enemies":"conspire:SneckoGhost","floor":24,"turns":4},{"damage":0,"enemies":"2 Thieves","floor":25,"turns":2},{"damage":18,"enemies":"Sentry and Sphere","floor":27,"turns":6},{"damage":2,"enemies":"Slavers","floor":28,"turns":3},{"damage":0,"enemies":"Centurion and Healer","floor":30,"turns":3},{"damage":0,"enemies":"Snecko","floor":31,"turns":3},{"damage":0,"enemies":"Collector","floor":33,"turns":6},{"damage":0,"enemies":"Orb Walker","floor":35,"turns":2},{"damage":4,"enemies":"3 Darklings","floor":36,"turns":5},{"damage":38,"enemies":"Reptomancer","floor":40,"turns":5},{"damage":0,"enemies":"Transient","floor":41,"turns":5},{"damage":0,"enemies":"Sphere and 2 Shapes","floor":46,"turns":3},{"damage":0,"enemies":"Maw","floor":47,"turns":6},{"damage":0,"enemies":"beaked:SuperParasite","floor":48,"turns":4},{"damage":9,"enemies":"HollowMod:Radiance","floor":50,"turns":7},{"damage":33,"enemies":"Malkuth","floor":51,"turns":7},{"damage":80,"enemies":"Yesod","floor":51,"turns":8}],"seed_played":"8637791784023171689","potions_obtained":[{"floor":4.0,"key":"Weak Potion"},{"floor":6.0,"key":"Guardian:BlockOnCardUsePotion"},{"floor":10.0,"key":"sagemod:Wine"},{"floor":21.0,"key":"Guardian:BlockOnCardUsePotion"},{"floor":24,"key":"Strength Potion"},{"floor":27,"key":"DuplicationPotion"},{"floor":30,"key":"AttackPotion"},{"floor":46,"key":"Flashbang"},{"floor":48,"key":"SkillPotion"}],"is_trial":false,"path_per_floor":["M","?","M","M","$","E","R","E","T","E","T","$","R","?","R","B",null,"M","?","?","?","$","R","E","M","T","M","E","R","M","M","R","B",null,"M","M","?","?","?","E","M","R","T","T","R","M","M","E","R","B",null],"character_chosen":"THE_ANIMATOR","items_purchased":["animator:RoryMercury","animator:FielNirvalen","yuri:PortableGlitches","animator:Tyuule","hexamod:Sixitude","SpikesRelics:DaevaFist","CCEMRelics:SpiritsEdge","CCEMRelics:HeirloomTomato","HandDrill","animator:GuildGirl"],"campfire_rested":0,"item_purchase_floors":[5,5,12,12,22,22,22,22,22,22],"current_hp_per_floor":[66,66,66,67,67,67,67,44,44,51,51,51,51,56,56,68,68,61,61,61,61,66,66,73,73,73,64,73,73,73,73,73,73,73,73,73,73,73,73,50,73,73,73,73,73,73,73,87,87,87],"gold":468,"neow_bonus":"NOSTALGIA","is_daily":false,"chose_seed":false,"campfire_upgraded":9,"win_rate":0.0,"timestamp":1613034937,"path_taken":["M","?","M","?","$","E","R","E","T","E","?","?","R","?","R","BOSS","M","?","?","?","$","R","E","?","T","M","E","R","M","M","R","BOSS","M","M","?","?","?","E","M","R","T","?","R","M","?","E","R","BOSS"],"items_purchased_type":["Card","Card","Relic","Card","Relic","Relic","Relic","Relic","Relic","Card"],"build_version":"2020-12-22","purchased_purges":0,"victory":true,"max_hp_per_floor":[66,66,66,67,67,67,67,67,67,67,67,67,67,68,68,68,68,68,68,68,68,73,73,73,73,73,73,73,73,73,73,73,73,73,73,73,73,73,73,73,73,73,73,73,73,73,73,87,87,87],"card_choices":[{"not_picked":["animator:CowGirl","animator:Entoma"],"picked":"animator:HighElfArcher","floor":1.0},{"not_picked":["animator:DolaRiku","animator:RinTohsaka"],"picked":"animator:LeleiLaLalena","floor":3.0},{"not_picked":["animator:DwarfShaman","animator:Gillette"],"picked":"animator:YaoHaDucy","floor":4.0},{"not_picked":["animator:Arpeggio","animator:Kuribayashi"],"picked":"animator:TukaLunaMarceau","floor":6.0},{"not_picked":["animator:SwordMaiden","animator:Priestess"],"picked":"animator:Berserker","floor":8.0},{"not_picked":["animator:FielNirvalen","animator:ShinjiMatou"],"picked":"animator:Caster","floor":10.0},{"not_picked":["animator:Priestess","animator:Sebas"],"picked":"animator:Spearman","floor":14.0},{"not_picked":["animator:Saitama","animator:SwordMaiden"],"picked":"animator:GoblinSlayer","floor":16.0},{"not_picked":["animator:Witch","animator:Priestess"],"picked":"animator:Spearman","floor":18.0},{"not_picked":["animator:DolaSchwi+1","animator:ItamiYouji","animator:DolaRiku"],"picked":"SKIP","floor":24},{"not_picked":["animator:YaoHaDucy","animator:ChaikaBohdan"],"picked":"animator:Caster+1","floor":25},{"not_picked":["animator:RinTohsaka+1","animator:Jibril"],"picked":"animator:Assassin","floor":27},{"not_picked":["animator:CowGirl","animator:GuildGirl"],"picked":"animator:HighElfArcher","floor":28},{"not_picked":["animator:DolaCouronne","animator:Melzalgald"],"picked":"animator:Lancer","floor":30},{"not_picked":["animator:SilverFang","animator:NarberalGamma","animator:ShinjiMatou"],"picked":"SKIP","floor":31},{"not_picked":["animator:Boros","animator:PinaCoLada"],"picked":"animator:Shiro","floor":33},{"not_picked":["animator:DolaSchwi","animator:DolaCouronne+1"],"picked":"animator:Spearman+1","floor":35},{"not_picked":["animator:HighElfArcher","animator:LizardPriest"],"picked":"animator:GuildGirl","floor":36},{"not_picked":["animator:SilverFang","animator:Evileye+1","animator:Sebas+1"],"picked":"SKIP","floor":40},{"not_picked":["animator:ChaikaTrabant","animator:Sebas"],"picked":"animator:Viivi+1","floor":41},{"not_picked":["animator:Bozes","animator:Entoma","animator:DolaSchwi+1"],"picked":"SKIP","floor":46},{"not_picked":["animator:LeleiLaLalena","animator:Arpeggio"],"picked":"animator:Kuribayashi","floor":47},{"not_picked":["animator:Kuribayashi+1","animator:Spearman"],"picked":"animator:Archer+1","floor":48}],"player_experience":1443412,"relics_obtained":[{"floor":1.0,"key":"LetterFromLob"},{"floor":6.0,"key":"reliquary:TuningFork"},{"floor":8.0,"key":"Bronze Scales"},{"floor":9.0,"key":"LugNut"},{"floor":10.0,"key":"StuffTheSpire:Experiment12"},{"floor":11.0,"key":"jedi:archwizardhat"},{"floor":14.0,"key":"Letter Opener"},{"floor":20.0,"key":"Ring of Greed"},{"floor":20.0,"key":"Old Coin"},{"floor":20.0,"key":"The Courier"},{"floor":20.0,"key":"Ring of Peace"},{"floor":24,"key":"CCEMRelics:Barrel"},{"floor":26,"key":"halation:BlackBeret"},{"floor":28,"key":"hexamod:BolsterEngine"},{"floor":40,"key":"reliquary:RosewoodLute"},{"floor":43,"key":"Bromod:ArcaneNullifier"},{"floor":44,"key":"Nunchaku"},{"floor":48,"key":"Mango"}],"event_choices":[{"damage_healed":0.0,"max_hp_gain":0.0,"max_hp_loss":0.0,"gold_gain":0.0,"cards_transformed":["animator:Strike"],"event_name":"Transmorgrifier","player_choice":"Transformed","floor":2.0,"gold_loss":0.0,"damage_taken":0.0,"cards_obtained":["animator:Archer"]},{"damage_healed":0.0,"max_hp_gain":0.0,"max_hp_loss":0.0,"gold_gain":0.0,"event_name":"Dead Adventurer","player_choice":"Searched \u00271\u0027 times","floor":14.0,"gold_loss":0.0,"damage_taken":0.0},{"damage_healed":0.0,"max_hp_gain":0.0,"max_hp_loss":0.0,"gold_gain":0.0,"event_name":"Lab","player_choice":"Got Potions","floor":21.0,"gold_loss":0.0,"damage_taken":0.0},{"cards_removed":["animator:Caster"],"damage_healed":0,"gold_gain":0,"player_choice":"Removed Skill","damage_taken":0,"max_hp_gain":0,"max_hp_loss":0,"event_name":"Falling","floor":37,"gold_loss":0}],"is_beta":false,"boss_relics":[{"not_picked":["aspiration:BardSkillbook","reliquary:RedPaperclip"],"picked":"ChewingGum"},{"not_picked":["halation:MonkeysPaw","conspire:RunicOctahedron"],"picked":"beaked:SacredDeck"}],"items_purged_floors":[],"is_endless":false,"potions_floor_spawned":[4,6,10,14,24,25,27,30,35,46,48],"ascension_level":1}}