{"host":"3jpcvpprzj9sjffh","time":1613052497,"event":{"mods":["AchievementEnabler","BaseMod","Colored Map","Minty Spire (QoL Compilation)","Rare Cards Sparkle","SuperFastMode","everything is the same but u backflip on backflip"],"gold_per_floor":[217,65,78,98,109,109,125,142,142,174,53,64,82,95,95,196,196,211,136,154,253,265,265,265,265],"floor_reached":24,"language":"KOR","playtime":782,"items_purged":["Defend_R"],"score":229,"play_id":"eea6b6c5-5af2-4245-96ad-e6b6e028d1d6","local_time":"20210211230817","is_ascension_mode":false,"campfire_choices":[{"data":"Heavy Blade","floor":6,"key":"SMITH"},{"floor":15,"key":"REST"},{"floor":23,"key":"REST"}],"circlet_count":0,"master_deck":["Strike_R","Strike_R","Strike_R","Strike_R","Strike_R","Defend_R","Defend_R","Bash","Anger","Fire Breathing","Twin Strike","Pommel Strike","Heavy Blade+1","Feel No Pain","Headbutt","Wild Strike","Inflame","Sever Soul","Cleave","Flex","Offering","CurseOfTheBell","Clothesline","Armaments"],"relics":["Burning Blood","Bag of Marbles","Tiny Chest","Calling Bell","Lantern","Pear","Mango"],"acts_visited":["Exordium","TheCity"],"potions_floor_usage":[13,16,16,16,22],"damage_taken":[{"damage":5,"enemies":"Cultist","floor":1,"turns":4},{"damage":9,"enemies":"Small Slimes","floor":3,"turns":3},{"damage":7,"enemies":"2 Louse","floor":4,"turns":3},{"damage":7,"enemies":"Exordium Wildlife","floor":5,"turns":4},{"damage":15,"enemies":"Looter","floor":7,"turns":3},{"damage":3,"enemies":"2 Fungi Beasts","floor":8,"turns":4},{"damage":50,"enemies":"3 Sentries","floor":10,"turns":6},{"damage":9,"enemies":"3 Louse","floor":12,"turns":3},{"damage":10,"enemies":"Looter","floor":13,"turns":2},{"damage":0,"enemies":"2 Fungi Beasts","floor":14,"turns":2},{"damage":49,"enemies":"Hexaghost","floor":16,"turns":6},{"damage":48,"enemies":"3 Byrds","floor":18,"turns":6},{"damage":25,"enemies":"Shell Parasite","floor":20,"turns":4},{"damage":30,"enemies":"Centurion and Healer","floor":22,"turns":6},{"damage":54,"enemies":"Book of Stabbing","floor":24,"turns":4}],"seed_played":"-282173026391953110","potions_obtained":[{"floor":3,"key":"BloodPotion"},{"floor":10,"key":"ColorlessPotion"},{"floor":12,"key":"SkillPotion"},{"floor":13,"key":"Block Potion"},{"floor":20,"key":"ColorlessPotion"}],"is_trial":false,"path_per_floor":["M","$","M","M","M","R","M","M","T","E","$","M","M","M","R","B",null,"M","?","M","?","M","R","E"],"character_chosen":"IRONCLAD","items_purchased":["Fire Breathing","Inflame","Sever Soul"],"campfire_rested":2,"item_purchase_floors":[2,11,11],"current_hp_per_floor":[80,80,77,76,75,75,66,69,69,25,25,22,34,40,64,21,104,62,62,43,43,19,50,0,0],"gold":265,"neow_bonus":"HUNDRED_GOLD","is_daily":false,"chose_seed":false,"campfire_upgraded":1,"win_rate":0.0,"timestamp":1613052497,"path_taken":["M","$","M","M","M","R","?","M","T","E","?","M","M","M","R","BOSS","M","?","M","?","M","R","E"],"items_purchased_type":["Card","Card","Card"],"build_version":"2020-12-22","purchased_purges":1,"victory":false,"max_hp_per_floor":[80,80,80,80,80,80,80,80,80,80,80,80,80,80,80,80,104,104,104,104,104,104,104,104,104],"card_choices":[{"not_picked":["Sword Boomerang","Warcry"],"picked":"Anger","floor":1},{"not_picked":["Clash","Dark Embrace"],"picked":"Twin Strike","floor":3},{"not_picked":["Shrug It Off","Clash"],"picked":"Pommel Strike","floor":4},{"not_picked":["Body Slam","Power Through"],"picked":"Heavy Blade","floor":5},{"not_picked":["Cleave","Intimidate"],"picked":"Feel No Pain","floor":7},{"not_picked":["Searing Blow","Dark Embrace"],"picked":"Headbutt","floor":8},{"not_picked":["Twin Strike","Pommel Strike"],"picked":"Wild Strike","floor":10},{"not_picked":["Havoc","Shrug It Off"],"picked":"Cleave","floor":12},{"not_picked":["Feel No Pain","Hemokinesis","Pommel Strike"],"picked":"SKIP","floor":13},{"not_picked":["Pommel Strike","Fire Breathing"],"picked":"Flex","floor":14},{"not_picked":["Bludgeon","Berserk"],"picked":"Offering","floor":16},{"not_picked":["Heavy Blade","Sword Boomerang"],"picked":"Clothesline","floor":18},{"not_picked":["Shrug It Off","Searing Blow"],"picked":"Armaments","floor":20},{"not_picked":["Cleave+1","Warcry+1","Flex"],"picked":"SKIP","floor":22}],"player_experience":317579,"relics_obtained":[{"floor":9,"key":"Bag of Marbles"},{"floor":10,"key":"Tiny Chest"},{"floor":17,"key":"Lantern"},{"floor":17,"key":"Pear"},{"floor":17,"key":"Mango"}],"event_choices":[{"cards_removed":["Defend_R"],"damage_healed":0,"gold_gain":0,"player_choice":"Gave Gold","damage_taken":0,"max_hp_gain":0,"max_hp_loss":0,"event_name":"Beggar","floor":19,"gold_loss":75},{"damage_healed":0,"gold_gain":99,"player_choice":"Stole From Cult","damage_taken":0,"max_hp_gain":0,"max_hp_loss":0,"event_name":"Nest","floor":21,"gold_loss":0}],"is_beta":false,"boss_relics":[{"not_picked":["Snecko Eye","Coffee Dripper"],"picked":"Calling Bell"}],"items_purged_floors":[2],"is_endless":false,"potions_floor_spawned":[3,10,12,13,14,20],"killed_by":"Book of Stabbing","ascension_level":0}}