{"host":"bhj73plqr6q46rek","time":1613062487,"event":{"mods":["2.2 Compatiblity","Act Like it!","Arknights","Aspiration","BaseMod","Better Third Choice","BetterRewards","Bossed Relics","CapriCore","Chen","Conspire","Downfall","Energized Spire","Friendly Minions","Hubris","Infinite Spire","Marisa（霧雨　魔理沙）","Minty Spire (QoL Compilation)","Reimu（博??梦）","Relic Sorter","Reliquary","Remilia_Scarlet Moed（蕾米莉?・斯?雷特）3.3.5","Remilia（蕾米莉?）","Replay The Spire","StSLib","The Alterego","The Immortal","The Mystic","The Servant 0.9.4","WarShipGirlsR/??少女R mod","Yakumo Yukari mod","Youmu（魂魄妖梦）","Yuyuko"],"gold_per_floor":[110,126,126,126,138,138,138],"floor_reached":6,"language":"FRA","playtime":484,"items_purged":[],"score":36,"play_id":"e0192421-4c51-4d5f-919f-7e633d0df327","local_time":"20210211175447","is_ascension_mode":false,"campfire_choices":[],"circlet_count":0,"master_deck":["Fantasy Butterflies","Fantasy Butterflies","Fantasy Butterflies","Fantasy Butterflies","Fantasy Butterflies","Dreamy Sakura","Dreamy Sakura","Dreamy Sakura","Dreamy Sakura","Dreamy Sakura","Deathly Ground","Faramita\u0027s Temptation","Infinite Sin","Phantom Butterflies","Snowing Sakura","Good Instincts"],"relics":["Coronal","Yuyuko\u0027s fan","NeowsBlessing"],"acts_visited":["Exordium"],"potions_floor_usage":[],"damage_taken":[{"damage":1,"enemies":"infinitespire:Voidling","floor":1,"turns":1},{"damage":1,"enemies":"ats:Genji","floor":2,"turns":1},{"damage":1,"enemies":"Cultist","floor":5,"turns":1},{"damage":9,"enemies":"Replay:BlueRogue","floor":6,"turns":4}],"seed_played":"270910071910007107","potions_obtained":[],"is_trial":false,"path_per_floor":["M","M","?","?","M","E"],"character_chosen":"YUYOKO","items_purchased":[],"campfire_rested":0,"item_purchase_floors":[],"current_hp_per_floor":[39,38,43,43,42,38,38],"gold":138,"neow_bonus":"THREE_ENEMY_KILL","is_daily":false,"chose_seed":false,"campfire_upgraded":0,"win_rate":0.0,"timestamp":1613062487,"path_taken":["M","?","?","?","M","E"],"items_purchased_type":[],"build_version":"2020-12-22","purchased_purges":0,"victory":false,"max_hp_per_floor":[40,40,45,45,45,45,45],"card_choices":[{"not_picked":["Ghostdom Sakura","Unstable Ward"],"picked":"Infinite Sin","floor":1},{"not_picked":["Sweet of Phantom","Snow"],"picked":"Phantom Butterflies","floor":2},{"not_picked":["Dancing Butterflies","Gone","City of Death"],"picked":"SKIP","floor":5}],"player_experience":307132,"relics_obtained":[],"event_choices":[{"damage_healed":0,"gold_gain":0,"player_choice":"Donut","damage_taken":0,"max_hp_gain":5,"max_hp_loss":0,"event_name":"Big Fish","floor":3,"gold_loss":0},{"damage_healed":0,"gold_gain":0,"player_choice":"2 cards matched","damage_taken":0,"max_hp_gain":0,"max_hp_loss":0,"event_name":"Match and Keep!","floor":4,"gold_loss":0,"cards_obtained":["Snowing Sakura","Good Instincts"]}],"is_beta":false,"boss_relics":[],"items_purged_floors":[],"is_endless":false,"potions_floor_spawned":[],"killed_by":"Replay:BlueRogue","ascension_level":0}}