{"host":"ufl0k2so27eic2iy","time":1613078623,"event":{"mods":["BaseMod","Downfall","Minty Spire (QoL Compilation)","StSLib","The Animator"],"gold_per_floor":[116,46,46,58,58,58,83,83,83,8,38,66,66,91,91,165,165,187,187,197,20,20,20,20,20],"floor_reached":24,"language":"ENG","playtime":1072,"items_purged":["animator:Strike","animator:Strike"],"score":354,"play_id":"62290118-15c1-4e89-bbc3-e456818c6d9b","local_time":"20210211212343","is_ascension_mode":true,"campfire_choices":[{"data":"animator:DolaSchwi","floor":6,"key":"SMITH"},{"data":"animator:ChaikaTrabant","floor":8,"key":"SMITH"},{"data":"1","floor":13,"key":"LIFT"},{"floor":15,"key":"REST"},{"data":"2","floor":23,"key":"LIFT"}],"circlet_count":0,"master_deck":["AscendersBane","animator:Strike_NoGameNoLife","animator:Defend_NoGameNoLife","animator:Defend","animator:Defend","animator:Defend","animator:DolaSchwi+1","animator:DolaCouronne","animator:MamizouFutatsuiwa+1","animator:RoyMustang","animator:WinryRockbell","animator:ElricAlphonse","animator:SanaeKochiya","animator:ChaikaTrabant+1","animator:ChlammyZell","animator:FielNirvalen","animator:IrohaTamaki","animator:DolaSchwi","animator:Kyubey","animator:OrikoMikuni","animator:YuiTsuruno","animator:SayakaMiki"],"relics":["animator:VividPicture","animator:TheMissingPiece","bronze:DecasWashers","Girya","Darkstone Periapt","GremlinMask"],"acts_visited":["Exordium","TheCity"],"potions_floor_usage":[14,24],"damage_taken":[{"damage":0.0,"enemies":"2 Louse","floor":1.0,"turns":4.0},{"damage":6.0,"enemies":"Small Slimes","floor":4.0,"turns":3.0},{"damage":0,"enemies":"Cultist","floor":7,"turns":4},{"damage":13,"enemies":"Lagavulin","floor":11,"turns":7},{"damage":1,"enemies":"Looter","floor":12,"turns":5},{"damage":24,"enemies":"Gremlin Nob","floor":14,"turns":5},{"damage":20,"enemies":"The Guardian","floor":16,"turns":9},{"damage":4,"enemies":"Chosen","floor":18,"turns":5},{"damage":14,"enemies":"Shell Parasite","floor":20,"turns":7},{"damage":39,"enemies":"Slavers","floor":24,"turns":3}],"seed_played":"-6362641130866131559","potions_obtained":[{"floor":1.0,"key":"animator:FalseLifePotion"},{"floor":7,"key":"Swift Potion"},{"floor":12,"key":"Block Potion"},{"floor":18,"key":"LiquidMemories"}],"is_trial":false,"path_per_floor":["M","$","?","M","?","R","M","R","T","$","E","M","R","E","R","B",null,"M","?","M","$","?","R","E"],"character_chosen":"THE_ANIMATOR","items_purchased":["animator:WinryRockbell","animator:SayakaMiki"],"campfire_rested":1,"item_purchase_floors":[2,21],"current_hp_per_floor":[54,54,47,41,41,41,41,41,41,41,29,28,28,4,22,3,47,43,43,30,30,30,30,0,0],"gold":20,"neow_bonus":"RANDOM_COLORLESS","is_daily":false,"chose_seed":true,"campfire_upgraded":2,"win_rate":0.0,"timestamp":1613078623,"path_taken":["M","$","?","M","?","R","M","R","T","$","E","?","R","E","R","BOSS","M","?","?","$","?","R","E"],"items_purchased_type":["Card","Card"],"build_version":"2020-12-22","purchased_purges":2,"victory":false,"max_hp_per_floor":[60,60,60,60,60,60,60,60,60,60,61,61,61,61,61,62,62,62,62,63,63,63,63,63,63],"card_choices":[{"not_picked":["animator:ShuuOuma","animator:MisakiNakahara"],"picked":"animator:MamizouFutatsuiwa","floor":0.0},{"not_picked":["animator:Kuribayashi","animator:Ciel"],"picked":"animator:RoyMustang","floor":1.0},{"not_picked":["animator:YachiyoNanami","animator:Ain"],"picked":"animator:ElricAlphonse","floor":4.0},{"not_picked":["animator:YaoHaDucy","animator:ChaikaBohdan"],"picked":"animator:ChlammyZell","floor":7},{"not_picked":["animator:Jibril","animator:DolaSchwi"],"picked":"animator:FielNirvalen","floor":11},{"not_picked":["animator:AcuraAkari","animator:Viivi"],"picked":"animator:IrohaTamaki","floor":12},{"not_picked":["animator:RoryMercury","animator:AyaShameimaru"],"picked":"animator:DolaSchwi","floor":14},{"not_picked":["animator:Elesis","animator:Greed"],"picked":"animator:Kyubey","floor":16},{"not_picked":["animator:DolaCouronne","animator:AcuraTooru+1"],"picked":"animator:OrikoMikuni","floor":18},{"not_picked":["animator:MamiTomoe","animator:IrohaTamaki"],"picked":"animator:YuiTsuruno","floor":20}],"player_experience":2809082,"relics_obtained":[{"floor":9,"key":"bronze:DecasWashers"},{"floor":11,"key":"Girya"},{"floor":14,"key":"Darkstone Periapt"}],"event_choices":[{"cards_removed":["animator:Strike"],"damage_healed":0.0,"max_hp_gain":0.0,"max_hp_loss":0.0,"gold_gain":0.0,"event_name":"Golden Wing","player_choice":"Card Removal","floor":3.0,"gold_loss":0.0,"damage_taken":7.0},{"damage_healed":0,"gold_gain":0,"player_choice":"2 cards matched","damage_taken":0,"max_hp_gain":0,"max_hp_loss":0,"event_name":"Match and Keep!","floor":5,"gold_loss":0,"cards_obtained":["animator:SanaeKochiya","animator:ChaikaTrabant"]},{"damage_healed":0,"gold_gain":0,"player_choice":"Upgraded","damage_taken":0,"max_hp_gain":0,"max_hp_loss":0,"event_name":"Upgrade Shrine","floor":19,"gold_loss":0,"cards_upgraded":["animator:MamizouFutatsuiwa"]},{"damage_healed":0,"gold_gain":0,"player_choice":"Trade","damage_taken":0,"relics_obtained":["GremlinMask"],"max_hp_gain":0,"max_hp_loss":0,"event_name":"FaceTrader","floor":22,"gold_loss":0}],"is_beta":false,"boss_relics":[{"not_picked":["Empty Cage","SlaversCollar"],"picked":"animator:VividPicture"}],"items_purged_floors":[10,21],"is_endless":false,"potions_floor_spawned":[1,7,12,18,20],"killed_by":"Slavers","ascension_level":15}}