{"host":"lklj3eidp7g5an38","time":1613085164,"event":{"mods":["AchievementEnabler","BaseMod","Colored Map","Colored Powertips","Curses Come First","DeckTracker","Highlight Path","Minty Spire (QoL Compilation)","Relic Stats","StSLib"],"gold_per_floor":[110,110,125,125,146,146,181,181,251,289,304,304,348,35,35,35,35],"floor_reached":16,"language":"ENG","playtime":955,"items_purged":["BootSequence"],"score":218,"play_id":"16ba972d-53d5-4a1d-a960-159d94e38d31","local_time":"20210211231244","is_ascension_mode":true,"campfire_choices":[{"data":"Zap","floor":6,"key":"SMITH"},{"floor":8,"key":"REST"},{"data":"Coolheaded","floor":12,"key":"SMITH"},{"floor":15,"key":"REST"}],"circlet_count":0,"master_deck":["AscendersBane","Strike_B","Strike_B","Defend_B","Defend_B","Defend_B","Defend_B","Zap+1","Dualcast","Core Surge","BootSequence","Gash","Scrape","Meteor Strike","Turbo","Go for the Eyes","Glacier","Coolheaded+1","Consume","Self Repair"],"relics":["Cracked Core","Golden Idol","Omamori","InkBottle","Orichalcum","Kunai","PreservedInsect"],"acts_visited":["Exordium"],"potions_floor_usage":[7,11,16],"damage_taken":[{"damage":0,"enemies":"Jaw Worm","floor":1,"turns":3},{"damage":1,"enemies":"Cultist","floor":3,"turns":3},{"damage":7,"enemies":"Small Slimes","floor":5,"turns":3},{"damage":13,"enemies":"3 Sentries","floor":7,"turns":6},{"damage":15,"enemies":"Lagavulin","floor":10,"turns":7},{"damage":2,"enemies":"Gremlin Gang","floor":11,"turns":5},{"damage":5,"enemies":"3 Sentries","floor":13,"turns":8},{"damage":46,"enemies":"Slime Boss","floor":16,"turns":9}],"seed_played":"-912335097904029835","potions_obtained":[{"floor":5,"key":"Block Potion"},{"floor":7,"key":"SteroidPotion"},{"floor":10,"key":"Fire Potion"},{"floor":13,"key":"Strength Potion"}],"is_trial":false,"path_per_floor":["M","?","M","?","M","R","E","R","T","E","M","R","E","$","R","B"],"character_chosen":"DEFECT","items_purchased":["PreservedInsect","Self Repair"],"campfire_rested":2,"item_purchase_floors":[14,14],"current_hp_per_floor":[46,46,45,45,38,38,25,44,44,29,27,27,22,22,41,0,0],"gold":35,"neow_bonus":"TRANSFORM_TWO_CARDS","is_daily":false,"chose_seed":false,"campfire_upgraded":2,"win_rate":0.0,"timestamp":1613085164,"path_taken":["M","?","M","?","?","R","E","R","T","E","M","R","E","$","R","BOSS"],"items_purchased_type":["Relic","Card"],"build_version":"2020-12-22","purchased_purges":1,"victory":false,"max_hp_per_floor":[71,64,64,64,64,64,64,64,64,64,64,64,64,64,64,64,64],"relic_stats":{"counters":[8,44],"Golden Idol":34,"PreservedInsect":0,"Kunai":[1],"Orichalcum":[30],"obtain_stats":[{"Golden Idol":2,"PreservedInsect":14,"Omamori":7,"Kunai":13,"Orichalcum":10,"Cracked Core":0,"InkBottle":9},{"Golden Idol":1,"PreservedInsect":7,"Omamori":4,"Kunai":7,"Orichalcum":5,"Cracked Core":0,"InkBottle":4},{"Golden Idol":3,"PreservedInsect":35,"Omamori":15,"Kunai":35,"Orichalcum":22,"Cracked Core":0,"InkBottle":15}],"InkBottle":[8]},"card_choices":[{"not_picked":["Compile Driver","Storm"],"picked":"Gash","floor":1},{"not_picked":["Lockon","Stack"],"picked":"Scrape","floor":3},{"not_picked":["Compile Driver","Rebound"],"picked":"Turbo","floor":5},{"not_picked":["Lockon","Core Surge"],"picked":"Go for the Eyes","floor":7},{"not_picked":["Steam Power","Rip and Tear"],"picked":"Glacier","floor":10},{"not_picked":["Sweeping Beam","Hologram"],"picked":"Coolheaded","floor":11},{"not_picked":["Hologram","Rebound"],"picked":"Consume","floor":13}],"player_experience":954544,"relics_obtained":[{"floor":7,"key":"Omamori"},{"floor":9,"key":"InkBottle"},{"floor":10,"key":"Orichalcum"},{"floor":13,"key":"Kunai"}],"event_choices":[{"damage_healed":0,"gold_gain":0,"player_choice":"Lose Max HP","damage_taken":0,"relics_obtained":["Golden Idol"],"max_hp_gain":0,"max_hp_loss":7,"event_name":"Golden Idol","floor":2,"gold_loss":0},{"damage_healed":0,"gold_gain":0,"player_choice":"2 cards matched","damage_taken":0,"max_hp_gain":0,"max_hp_loss":0,"event_name":"Match and Keep!","floor":4,"gold_loss":0,"cards_obtained":["BootSequence","Meteor Strike"]}],"is_beta":false,"boss_relics":[],"items_purged_floors":[14],"is_endless":false,"potions_floor_spawned":[5,7,10,13],"killed_by":"Slime Boss","ascension_level":17}}