{"host":"1w6a2rjjfnt8te8e","time":1613051949,"event":{"mods":["AchievementEnabler","BaseMod","Colored Powertips","Googly Eyes","Highlight Path","Minty Spire (QoL Compilation)","Quick Restart","Relic Stats","StSLib"],"gold_per_floor":[112,33,108,7,21,21,54,54,77,408,0,34,34,69,69,147,147,162,162,175,36,47,73,84,84,84,97,108,108,120,146,146,223,223,237,237,18,18,18,43,43,77,77,107,119,129,161,161,161,161],"floor_reached":51,"language":"ENG","playtime":2690,"items_purged":["Strike_B","Strike_B"],"score":1517,"play_id":"0aa998a5-589c-46ce-96d2-70d776b33a21","local_time":"20210211215908","is_ascension_mode":true,"campfire_choices":[{"data":"Zap","floor":6.0,"key":"SMITH"},{"data":"Sunder","floor":8.0,"key":"SMITH"},{"data":"Loop","floor":15.0,"key":"SMITH"},{"data":"Go for the Eyes","floor":25.0,"key":"SMITH"},{"data":"Echo Form","floor":29.0,"key":"SMITH"},{"floor":32.0,"key":"DIG"},{"floor":41.0,"key":"REST"},{"data":"Loop","floor":49,"key":"SMITH"}],"circlet_count":0,"master_deck":["AscendersBane","Strike_B","Strike_B","Defend_B","Defend_B","Defend_B","Zap+1","Dualcast","Self Repair","Go for the Eyes+1","Hello World","Doom and Gloom","Sunder+1","Cold Snap","Loop+1","Echo Form+1","FTL","Stack+1","Stack+1","Compile Driver+1","Hologram+1","Seek+1","Cold Snap","Master of Strategy+1","Loop+1","Ball Lightning"],"relics":["Black Star","Nunchaku","Shuriken","Lantern","Old Coin","DataDisk","Singing Bowl","Strawberry","Orichalcum","InkBottle","Blood Vial","Sozu","Pantograph","Pen Nib","Toxic Egg 2","Shovel","Ancient Tea Set","Bronze Scales","Calling Bell","Tiny Chest","HornCleat","Pocketwatch","Anchor","Regal Pillow","Centennial Puzzle","Frozen Egg 2","Vajra","White Beast Statue","Happy Flower","Emotion Chip","Bottled Flame","StrikeDummy"],"acts_visited":["Exordium","TheCity","TheBeyond"],"potions_floor_usage":[50],"damage_taken":[{"damage":12.0,"enemies":"2 Louse","floor":1.0,"turns":3.0},{"damage":6.0,"enemies":"Cultist","floor":5.0,"turns":4.0},{"damage":22.0,"enemies":"Gremlin Nob","floor":7.0,"turns":4.0},{"damage":20.0,"enemies":"3 Sentries","floor":10.0,"turns":5.0},{"damage":3.0,"enemies":"Gremlin Nob","floor":12.0,"turns":3.0},{"damage":12.0,"enemies":"3 Sentries","floor":14.0,"turns":4.0},{"damage":23.0,"enemies":"The Guardian","floor":16.0,"turns":8.0},{"damage":17.0,"enemies":"Spheric Guardian","floor":18.0,"turns":4.0},{"damage":2.0,"enemies":"Chosen","floor":20.0,"turns":3.0},{"damage":1.0,"enemies":"Centurion and Healer","floor":22.0,"turns":5.0},{"damage":8.0,"enemies":"Gremlin Leader","floor":23.0,"turns":6.0},{"damage":12.0,"enemies":"3 Cultists","floor":24.0,"turns":4.0},{"damage":31.0,"enemies":"Snecko","floor":27.0,"turns":5.0},{"damage":9.0,"enemies":"Chosen and Byrds","floor":28.0,"turns":4.0},{"damage":13.0,"enemies":"Centurion and Healer","floor":30.0,"turns":7.0},{"damage":22.0,"enemies":"Slavers","floor":31.0,"turns":5.0},{"damage":24.0,"enemies":"Automaton","floor":33.0,"turns":9.0},{"damage":19.0,"enemies":"3 Shapes","floor":35.0,"turns":4.0},{"damage":46.0,"enemies":"Nemesis","floor":40.0,"turns":7.0},{"damage":5.0,"enemies":"Giant Head","floor":42.0,"turns":7.0},{"damage":28.0,"enemies":"Reptomancer","floor":44.0,"turns":4.0},{"damage":5.0,"enemies":"Orb Walker","floor":45.0,"turns":3.0},{"damage":9.0,"enemies":"Transient","floor":46.0,"turns":5.0},{"damage":2.0,"enemies":"Nemesis","floor":47.0,"turns":6.0},{"damage":20,"enemies":"Time Eater","floor":50,"turns":6}],"seed_played":"2478630208354969610","potions_obtained":[{"floor":10.0,"key":"ColorlessPotion"},{"floor":12.0,"key":"SkillPotion"},{"floor":16.0,"key":"SpeedPotion"}],"is_trial":false,"path_per_floor":["M","$","?","$","M","R","E","R","T","E","$","E","?","E","R","B",null,"M","?","M","$","M","E","M","R","T","M","M","R","M","E","R","B",null,"M","?","$","?","?","E","R","E","T","E","M","M","E","T","R","B",null],"character_chosen":"DEFECT","items_purchased":["Self Repair","Go for the Eyes","Hello World","Loop","Singing Bowl","FTL","Cold Snap","Master of Strategy+1"],"campfire_rested":1,"item_purchase_floors":[2,4,4,11,11,21,37,37],"current_hp_per_floor":[52,52,45,45,46,46,31,31,31,18,18,34,60,57,57,43,72,66,66,75,75,88,89,87,87,87,65,65,65,61,55,55,65,85,84,84,84,84,84,47,88,89,89,77,90,92,97,97,97,77],"gold":161,"neow_bonus":"BOSS_RELIC","is_daily":false,"chose_seed":false,"campfire_upgraded":6,"win_rate":0.0,"timestamp":1613051948,"path_taken":["M","$","?","?","?","R","E","R","T","E","$","E","?","E","R","BOSS","M","?","M","$","M","E","M","R","T","M","?","R","?","E","R","BOSS","M","?","$","?","?","E","R","E","T","E","M","M","E","?","R","BOSS"],"items_purchased_type":["Card","Card","Card","Card","Relic","Card","Card","Card"],"build_version":"2020-12-22","purchased_purges":2,"victory":true,"max_hp_per_floor":[71,71,71,71,71,71,71,71,71,71,71,80,80,82,82,82,82,84,84,86,86,88,90,92,92,92,92,92,92,92,92,92,92,92,94,94,94,89,89,89,89,89,89,91,93,95,97,97,97,97],"relic_stats":{"Regal Pillow":15,"Singing Bowl":24,"Happy Flower":[6],"counters":[25,124],"Pen Nib":[18],"Orichalcum":[144],"Blood Vial":30,"Sozu":8,"Nunchaku":[25],"Centennial Puzzle":[15],"Emotion Chip":[6,1,3,2,0],"Shovel":1,"Shuriken":[44],"Pantograph":25,"Bronze Scales":[142],"Tiny Chest":1,"Black Star":10,"obtain_stats":[{"Lantern":9,"Regal Pillow":40,"Singing Bowl":11,"Vajra":43,"Ancient Tea Set":31,"Old Coin":10,"Blood Vial":14,"Sozu":17,"Nunchaku":7,"Centennial Puzzle":42,"Emotion Chip":47,"Shovel":31,"HornCleat":34,"Strawberry":12,"Pantograph":23,"Tiny Chest":34,"Toxic Egg 2":26,"Cracked Core":0,"InkBottle":14,"Happy Flower":44,"Pen Nib":23,"Orichalcum":12,"Frozen Egg 2":42,"White Beast Statue":44,"Calling Bell":34,"DataDisk":10,"Anchor":40,"Bottled Flame":47,"Shuriken":7,"Bronze Scales":32,"Black Star":0,"StrikeDummy":48,"Pocketwatch":34},{"Lantern":3,"Regal Pillow":19,"Singing Bowl":4,"Vajra":20,"Ancient Tea Set":16,"Old Coin":4,"Blood Vial":6,"Sozu":7,"Nunchaku":3,"Centennial Puzzle":20,"Emotion Chip":24,"Shovel":16,"HornCleat":17,"Strawberry":5,"Pantograph":11,"Tiny Chest":17,"Toxic Egg 2":12,"Cracked Core":0,"InkBottle":6,"Happy Flower":21,"Pen Nib":11,"Orichalcum":5,"Frozen Egg 2":20,"White Beast Statue":21,"Calling Bell":17,"DataDisk":4,"Anchor":19,"Bottled Flame":24,"Shuriken":3,"Bronze Scales":16,"Black Star":0,"StrikeDummy":24,"Pocketwatch":17},{"Lantern":11,"Regal Pillow":94,"Singing Bowl":16,"Vajra":101,"Ancient Tea Set":74,"Old Coin":16,"Blood Vial":23,"Sozu":31,"Nunchaku":11,"Centennial Puzzle":101,"Emotion Chip":118,"Shovel":74,"HornCleat":83,"Strawberry":19,"Pantograph":49,"Tiny Chest":83,"Toxic Egg 2":53,"Cracked Core":0,"InkBottle":23,"Happy Flower":105,"Pen Nib":49,"Orichalcum":19,"Frozen Egg 2":101,"White Beast Statue":105,"Calling Bell":83,"DataDisk":16,"Anchor":94,"Bottled Flame":118,"Shuriken":11,"Bronze Scales":74,"Black Star":0,"StrikeDummy":118,"Pocketwatch":83}],"InkBottle":[44],"Pocketwatch":[15]},"card_choices":[{"not_picked":["Beam Cell","Chaos"],"picked":"Ball Lightning","floor":1.0},{"not_picked":["Gash","Tempest"],"picked":"Doom and Gloom","floor":5.0},{"not_picked":["Beam Cell","Sweeping Beam"],"picked":"Sunder","floor":7.0},{"not_picked":["Force Field","Compile Driver"],"picked":"Cold Snap","floor":10.0},{"not_picked":["Melter","Auto Shields","Sunder"],"picked":"Singing Bowl","floor":12.0},{"not_picked":["Streamline","Compile Driver","Reboot"],"picked":"Singing Bowl","floor":14.0},{"not_picked":["Core Surge","Meteor Strike"],"picked":"Echo Form","floor":16.0},{"not_picked":["Ball Lightning","Streamline","Go for the Eyes"],"picked":"Singing Bowl","floor":18.0},{"not_picked":["Redo","Reinforced Body","Rebound"],"picked":"Singing Bowl","floor":20.0},{"not_picked":["Go for the Eyes","Reinforced Body","Steam+1"],"picked":"Singing Bowl","floor":22.0},{"not_picked":["Multi-Cast","Streamline","Ball Lightning"],"picked":"Singing Bowl","floor":23.0},{"not_picked":["Steam Power","Conserve Battery","Aggregate"],"picked":"Singing Bowl","floor":24.0},{"not_picked":["Conserve Battery+1","Sweeping Beam+1"],"picked":"Stack+1","floor":27.0},{"not_picked":["Machine Learning","Blizzard+1"],"picked":"Stack+1","floor":28.0},{"not_picked":["Gash","Ball Lightning"],"picked":"Compile Driver+1","floor":30.0},{"not_picked":["Static Discharge","Barrage+1"],"picked":"Hologram+1","floor":31.0},{"not_picked":["Reboot+1","Biased Cognition"],"picked":"Seek+1","floor":33.0},{"not_picked":["Hologram+1","Barrage","Steam Power+1"],"picked":"Singing Bowl","floor":35.0},{"not_picked":["Compile Driver","Barrage"],"picked":"Loop","floor":40.0},{"not_picked":["Rebound","Reinforced Body+1"],"picked":"Ball Lightning","floor":42.0},{"not_picked":["Meteor Strike","Streamline","Consume+1"],"picked":"Singing Bowl","floor":44.0},{"not_picked":["Melter+1","Compile Driver","Steam+1"],"picked":"Singing Bowl","floor":45.0},{"not_picked":["Fusion+1","Turbo+1","Coolheaded+1"],"picked":"Singing Bowl","floor":46.0},{"not_picked":["Leap+1","Lockon+1","Skim+1"],"picked":"Singing Bowl","floor":47.0}],"player_experience":314748,"relics_obtained":[{"floor":7.0,"key":"Nunchaku"},{"floor":7.0,"key":"Shuriken"},{"floor":9.0,"key":"Lantern"},{"floor":10.0,"key":"Old Coin"},{"floor":10.0,"key":"DataDisk"},{"floor":12.0,"key":"Strawberry"},{"floor":12.0,"key":"Orichalcum"},{"floor":14.0,"key":"InkBottle"},{"floor":14.0,"key":"Blood Vial"},{"floor":23.0,"key":"Pantograph"},{"floor":23.0,"key":"Pen Nib"},{"floor":26.0,"key":"Toxic Egg 2"},{"floor":31.0,"key":"Shovel"},{"floor":31.0,"key":"Ancient Tea Set"},{"floor":32.0,"key":"Bronze Scales"},{"floor":34.0,"key":"Tiny Chest"},{"floor":34.0,"key":"HornCleat"},{"floor":34.0,"key":"Pocketwatch"},{"floor":40.0,"key":"Anchor"},{"floor":40.0,"key":"Regal Pillow"},{"floor":42.0,"key":"Centennial Puzzle"},{"floor":42.0,"key":"Frozen Egg 2"},{"floor":43.0,"key":"Vajra"},{"floor":44.0,"key":"White Beast Statue"},{"floor":44.0,"key":"Happy Flower"},{"floor":47.0,"key":"Emotion Chip"},{"floor":47.0,"key":"Bottled Flame"},{"floor":48.0,"key":"StrikeDummy"}],"event_choices":[{"damage_healed":0.0,"max_hp_gain":0.0,"max_hp_loss":0.0,"gold_gain":75.0,"event_name":"FaceTrader","player_choice":"Touch","floor":3.0,"gold_loss":0.0,"damage_taken":7.0},{"damage_healed":26.0,"max_hp_gain":0.0,"max_hp_loss":0.0,"gold_gain":0.0,"event_name":"Big Fish","player_choice":"Banana","floor":13.0,"gold_loss":0.0,"damage_taken":0.0},{"damage_healed":0.0,"max_hp_gain":0.0,"max_hp_loss":0.0,"gold_gain":0.0,"event_name":"The Woman in Blue","player_choice":"Bought 0 Potions","floor":19.0,"gold_loss":0.0,"damage_taken":0.0},{"cards_removed":["Ball Lightning"],"damage_healed":0.0,"max_hp_gain":0.0,"max_hp_loss":0.0,"gold_gain":0.0,"event_name":"Falling","player_choice":"Removed Attack","floor":36.0,"gold_loss":0.0,"damage_taken":0.0},{"damage_healed":0.0,"max_hp_gain":0.0,"max_hp_loss":5.0,"gold_gain":0.0,"event_name":"Winding Halls","player_choice":"Max HP","floor":38.0,"gold_loss":0.0,"damage_taken":0.0},{"cards_removed":["Defend_B"],"damage_healed":0.0,"max_hp_gain":0.0,"max_hp_loss":0.0,"gold_gain":0.0,"event_name":"Bonfire Elementals","player_choice":"Offered Basic","floor":39.0,"gold_loss":0.0,"damage_taken":0.0}],"is_beta":false,"boss_relics":[{"not_picked":["Ectoplasm","Empty Cage"],"picked":"Sozu"},{"not_picked":["Coffee Dripper","Astrolabe"],"picked":"Calling Bell"}],"items_purged_floors":[11,21],"is_endless":false,"potions_floor_spawned":[10,12,16,22,24,28,30,33,40,45,46,47],"ascension_level":14}}