{"host":"37uvkxgs6qebn1sk","time":1613022113,"event":{"mods":["BaseMod","Better Third Choice","Minty Spire (QoL Compilation)","Replay The Spire","StSLib"],"gold_per_floor":[110,137,62,11,11,24,24,55,108,124,137,137,36,48,48,121,121,141,176,176,23,39,39,69,69,123,143,162,62,62,91,91,91,91],"floor_reached":33,"language":"ZHS","playtime":1439,"items_purged":["Strike_P","Strike_P"],"score":585,"play_id":"febf7287-0ca9-4d25-97d8-15a1a1f4fef5","local_time":"20210211134153","is_ascension_mode":true,"campfire_choices":[{"data":"Vigilance","floor":7.0,"key":"SMITH"},{"data":"Evaluate","floor":12.0,"key":"SMITH"},{"data":"MasterReality","floor":15.0,"key":"SMITH"},{"floor":23.0,"key":"REST"},{"floor":25.0,"key":"REST"},{"floor":32,"key":"REST"}],"circlet_count":0,"master_deck":["AscendersBane","Defend_P","Defend_P","Defend_P","Eruption+1","Vigilance+1","CutThroughFate","Worship+1","Evaluate+1","CutThroughFate+1","Wallop","MasterReality+1","DevaForm","ReplayTheSpireMod:Private Reserves","FearNoEvil","FearNoEvil","Replay:BluntJabs","Fasting2","Protect","SashWhip"],"relics":["PureWater","Blue Doll","Vajra","Juzu Bracelet","ReplayTheSpireMod:TigerMarble","Busted Crown","Red Mask","Ornamental Fan","Replay:Rubber Ducky","Art of War"],"acts_visited":["Exordium","TheCity"],"potions_floor_usage":[33,33],"damage_taken":[{"damage":0.0,"enemies":"Cultist","floor":1.0,"turns":2.0},{"damage":2.0,"enemies":"Jaw Worm","floor":6.0,"turns":3.0},{"damage":10.0,"enemies":"Lagavulin","floor":8.0,"turns":5.0},{"damage":3.0,"enemies":"2 Louse","floor":10.0,"turns":4.0},{"damage":0.0,"enemies":"2 Fungi Beasts","floor":11.0,"turns":2.0},{"damage":2.0,"enemies":"Large Slime","floor":14.0,"turns":4.0},{"damage":7.0,"enemies":"Slime Boss","floor":16.0,"turns":7.0},{"damage":5.0,"enemies":"Spheric Guardian","floor":18.0,"turns":5.0},{"damage":16.0,"enemies":"Masked Bandits","floor":19.0,"turns":5.0},{"damage":16.0,"enemies":"Shell Parasite","floor":22.0,"turns":4.0},{"damage":29.0,"enemies":"Slavers","floor":24.0,"turns":5.0},{"damage":18.0,"enemies":"Snake Plant","floor":27.0,"turns":6.0},{"damage":0.0,"enemies":"Shelled Parasite and Fungi","floor":28.0,"turns":3.0},{"damage":0,"enemies":"Replay:Snechameleon","floor":31,"turns":9},{"damage":37,"enemies":"Collector","floor":33,"turns":5}],"seed_played":"1118497792394897086","potions_obtained":[{"floor":6.0,"key":"AttackPotion"},{"floor":11.0,"key":"StancePotion"},{"floor":14.0,"key":"Ambrosia"},{"floor":16.0,"key":"Fire Potion"},{"floor":22.0,"key":"Adrenaline Potion"},{"floor":27.0,"key":"Reflective Coating"},{"floor":28.0,"key":"Weak Potion"}],"is_trial":false,"path_per_floor":["M","T","?","$","?","M","R","E","T","M","M","R","$","M","R","B",null,"M","?","?","$","M","R","E","R","T","M","M","$","?","E","R","B"],"character_chosen":"WATCHER","items_purchased":["Worship+1","Wallop","ReplayTheSpireMod:Private Reserves","FearNoEvil"],"campfire_rested":3,"item_purchase_floors":[4,13,21,21],"current_hp_per_floor":[61,61,61,61,61,59,59,49,49,46,46,46,46,44,44,37,60,55,39,39,39,23,43,14,34,34,16,16,16,16,16,36,0,0],"gold":91,"neow_bonus":"RANDOM_COMMON_RELIC","is_daily":false,"chose_seed":false,"campfire_upgraded":3,"win_rate":0.0,"timestamp":1613022113,"path_taken":["M","?","?","$","?","M","R","E","T","M","M","R","$","M","R","BOSS","M","?","?","$","M","R","E","R","T","M","M","$","?","E","R","BOSS"],"items_purchased_type":["Card","Card","Card","Card"],"build_version":"2020-12-22","purchased_purges":2,"victory":false,"max_hp_per_floor":[68,68,68,68,68,68,68,68,68,68,68,68,68,68,68,68,68,68,68,68,68,68,68,68,68,68,68,68,68,68,68,68,68,68],"card_choices":[{"not_picked":["MentalFortress","Replay:Vibes"],"picked":"CutThroughFate","floor":1.0},{"not_picked":["Fasting2","EmptyBody"],"picked":"Evaluate","floor":6.0},{"not_picked":["BowlingBash","PathToVictory","Replay:Hum"],"picked":"SKIP","floor":8.0},{"not_picked":["ClearTheMind","Consecrate"],"picked":"CutThroughFate","floor":10.0},{"not_picked":["SashWhip","Swivel","BowlingBash"],"picked":"SKIP","floor":11.0},{"not_picked":["FlurryOfBlows","Replay:ManipulateFuture"],"picked":"MasterReality","floor":14.0},{"not_picked":["Judgement","Vault"],"picked":"DevaForm","floor":16.0},{"not_picked":["Crescendo"],"picked":"SKIP","floor":18.0},{"not_picked":[],"picked":"Replay:BluntJabs","floor":22.0},{"not_picked":[],"picked":"Fasting2","floor":24.0},{"not_picked":["PathToVictory+1"],"picked":"SKIP","floor":27.0},{"not_picked":["Pray"],"picked":"SKIP","floor":28.0},{"not_picked":["PathToVictory+1"],"picked":"SKIP","floor":31}],"player_experience":972690,"relics_obtained":[{"floor":2.0,"key":"Vajra"},{"floor":8.0,"key":"Juzu Bracelet"},{"floor":9.0,"key":"ReplayTheSpireMod:TigerMarble"},{"floor":19.0,"key":"Red Mask"},{"floor":24.0,"key":"Ornamental Fan"},{"floor":26.0,"key":"Replay:Rubber Ducky"},{"floor":31,"key":"Art of War"}],"event_choices":[{"cards_removed":["Strike_P"],"damage_healed":0.0,"max_hp_gain":0.0,"max_hp_loss":0.0,"gold_gain":0.0,"event_name":"The Cleric","player_choice":"Card Removal","floor":3.0,"gold_loss":75.0,"damage_taken":0.0},{"damage_healed":0.0,"max_hp_gain":0.0,"max_hp_loss":0.0,"gold_gain":0.0,"event_name":"Masked Bandits","player_choice":"Fought Bandits","floor":19.0,"gold_loss":0.0,"damage_taken":0.0},{"damage_healed":0,"gold_gain":0,"cards_transformed":["Strike_P","Defend_P"],"player_choice":"Became Test Subject","damage_taken":0,"max_hp_gain":0,"max_hp_loss":0,"event_name":"Drug Dealer","floor":30,"gold_loss":0,"cards_obtained":["Protect","SashWhip"]}],"is_beta":false,"boss_relics":[{"not_picked":["Calling Bell","ChewingGum"],"picked":"Busted Crown"}],"items_purged_floors":[13,29],"is_endless":false,"potions_floor_spawned":[6,11,14,16,22,27,28],"killed_by":"Collector","ascension_level":18}}