{"host":"tq99ucv8ezzqzioe","time":1613070109,"event":{"mods":["BaseMod","Colored Map","Downfall","Highlight Path","Minty Spire (QoL Compilation)","StSLib"],"gold_per_floor":[118,118,131,142,142,170,170,197,197,254,270,270,270],"floor_reached":12,"language":"ENG","playtime":381,"items_purged":[],"score":123,"play_id":"8ef32d70-8acc-4db2-a18d-6158d9451f68","local_time":"20210211140149","is_ascension_mode":true,"campfire_choices":[{"floor":7,"key":"REST"}],"circlet_count":0,"master_deck":["Strike_B","Strike_B","Strike_B","Strike_B","Defend_B","Defend_B+1","Defend_B","Defend_B","Zap","Dualcast+1","Core Surge","Conserve Battery","Chill","BootSequence","Go for the Eyes+1","Self Repair","Fusion"],"relics":["Cracked Core","War Paint","Molten Egg 2","Regal Pillow","Pen Nib"],"acts_visited":["Exordium"],"potions_floor_usage":[6,8],"damage_taken":[{"damage":0,"enemies":"Small Slimes","floor":1,"turns":3},{"damage":0,"enemies":"2 Louse","floor":3,"turns":1},{"damage":0,"enemies":"Jaw Worm","floor":4,"turns":3},{"damage":21,"enemies":"Gremlin Nob","floor":6,"turns":5},{"damage":24,"enemies":"Lagavulin","floor":8,"turns":7},{"damage":12,"enemies":"Exordium Thugs","floor":11,"turns":6},{"damage":30,"enemies":"Gremlin Nob","floor":12,"turns":3}],"seed_played":"-231746156030033704","potions_obtained":[{"floor":4,"key":"GamblersBrew"},{"floor":6,"key":"FocusPotion"},{"floor":8,"key":"CultistPotion"}],"is_trial":false,"path_per_floor":["M","?","M","M","?","E","R","E","T","?","M","E"],"character_chosen":"DEFECT","items_purchased":[],"campfire_rested":1,"item_purchase_floors":[],"current_hp_per_floor":[68,56,56,56,56,35,57,33,33,33,28,0,0],"gold":270,"neow_bonus":"ONE_RANDOM_RARE_CARD","is_daily":false,"chose_seed":false,"campfire_upgraded":0,"win_rate":0.0,"timestamp":1613070109,"path_taken":["M","?","M","M","?","E","R","E","T","?","M","E"],"items_purchased_type":[],"build_version":"2020-12-22","purchased_purges":0,"victory":false,"max_hp_per_floor":[75,75,75,75,75,75,75,75,75,75,75,75,75],"card_choices":[{"not_picked":["Go for the Eyes","Fusion"],"picked":"Conserve Battery","floor":1},{"not_picked":["Blizzard","Chaos"],"picked":"Chill","floor":3},{"not_picked":["Sweeping Beam","Coolheaded"],"picked":"BootSequence","floor":4},{"not_picked":["Stack","Force Field"],"picked":"Go for the Eyes+1","floor":6},{"not_picked":["Conserve Battery","Reboot"],"picked":"Self Repair","floor":8},{"not_picked":["Redo","Steam Power"],"picked":"Fusion","floor":11}],"player_experience":977920,"relics_obtained":[{"floor":6,"key":"Molten Egg 2"},{"floor":8,"key":"Regal Pillow"},{"floor":9,"key":"Pen Nib"}],"event_choices":[{"damage_healed":0,"gold_gain":0,"player_choice":"Success","damage_taken":12,"relics_obtained":["War Paint"],"max_hp_gain":0,"max_hp_loss":0,"event_name":"Scrap Ooze","floor":2,"gold_loss":0},{"damage_healed":0,"gold_gain":0,"player_choice":"Ignored","damage_taken":0,"max_hp_gain":0,"max_hp_loss":0,"event_name":"Golden Idol","floor":5,"gold_loss":0},{"damage_healed":0,"gold_gain":57,"player_choice":"Gained Gold","damage_taken":0,"max_hp_gain":0,"max_hp_loss":0,"event_name":"Golden Wing","floor":10,"gold_loss":0}],"is_beta":false,"boss_relics":[],"items_purged_floors":[],"is_endless":false,"potions_floor_spawned":[4,6,8],"killed_by":"Gremlin Nob","ascension_level":8}}