{"host":"1mv6gj0zv8k9e9tz","time":1613058322,"event":{"mods":["AchievementEnabler","BaseMod","Better Third Choice","Colored Map","DeckTracker","Highlight Path","KOR Keyword Fix","Keyboard Shortcuts","Minty Spire (QoL Compilation)","Permanent Neow","Quick Restart","Rare Cards Sparkle","StSLib","SuperFastMode","everything is the same but u backflip on backflip"],"gold_per_floor":[110,129,145,110,110,110,140,140,140,169,183,183,50,64,64,135,185,203,214,214,214,133,133,133,133,133,143,42,42,55,70,70,149,149,174,186,198,198],"floor_reached":37,"language":"KOR","playtime":904,"items_purged":["Strike_B"],"score":930,"play_id":"ee19d79c-0b0a-4d1c-941a-41be37aae973","local_time":"20210212004522","is_ascension_mode":true,"campfire_choices":[{"data":"Dualcast","floor":6.0,"key":"SMITH"},{"data":"Tempest","floor":8.0,"key":"SMITH"},{"floor":15.0,"key":"REST"},{"data":"Defragment","floor":23.0,"key":"SMITH"},{"data":"Defragment","floor":25.0,"key":"SMITH"},{"data":"Defragment","floor":29.0,"key":"SMITH"},{"data":"Seek","floor":32.0,"key":"SMITH"}],"circlet_count":0,"master_deck":["AscendersBane","Strike_B","Strike_B","Defend_B","Defend_B","Defend_B","Zap+1","Dualcast+1","Ball Lightning+1","Storm","Cold Snap","Ball Lightning+1","Tempest+1","Seek+1","Defragment+1","Defragment+1","Self Repair","Echo Form","Glacier","Skim+1","Defragment+1","Core Surge","Conserve Battery","Coolheaded","Chill","Force Field","Force Field+1","Buffer","CurseOfTheBell","BootSequence"],"relics":["Cracked Core","Girya","Prayer Wheel","Calipers","Tiny House","MutagenicStrength","Calling Bell","MawBank","Sundial","Bird Faced Urn"],"acts_visited":["Exordium","TheCity","TheBeyond"],"potions_floor_usage":[],"damage_taken":[{"damage":5.0,"enemies":"2 Louse","floor":1.0,"turns":3.0},{"damage":5.0,"enemies":"Small Slimes","floor":2.0,"turns":3.0},{"damage":0.0,"enemies":"Jaw Worm","floor":3.0,"turns":3.0},{"damage":23.0,"enemies":"Lagavulin","floor":7.0,"turns":7.0},{"damage":11.0,"enemies":"Gremlin Nob","floor":10.0,"turns":3.0},{"damage":10.0,"enemies":"Exordium Wildlife","floor":11.0,"turns":3.0},{"damage":0.0,"enemies":"Large Slime","floor":14.0,"turns":3.0},{"damage":0.0,"enemies":"Slime Boss","floor":16.0,"turns":6.0},{"damage":47.0,"enemies":"2 Thieves","floor":18.0,"turns":4.0},{"damage":17.0,"enemies":"Shell Parasite","floor":19.0,"turns":6.0},{"damage":23.0,"enemies":"Shelled Parasite and Fungi","floor":27.0,"turns":5.0},{"damage":18.0,"enemies":"Centurion and Healer","floor":30.0,"turns":6.0},{"damage":0.0,"enemies":"Snecko","floor":31.0,"turns":6.0},{"damage":0.0,"enemies":"Champ","floor":33.0,"turns":8.0},{"damage":34.0,"enemies":"3 Darklings","floor":35.0,"turns":6.0},{"damage":53,"enemies":"3 Shapes","floor":37,"turns":3}],"seed_played":"-3082061670487830335","potions_obtained":[{"floor":1.0,"key":"ColorlessPotion"},{"floor":2.0,"key":"FairyPotion"},{"floor":11.0,"key":"EssenceOfSteel"},{"floor":17.0,"key":"FairyPotion"},{"floor":19.0,"key":"Weak Potion"},{"floor":27.0,"key":"FocusPotion"},{"floor":30.0,"key":"Energy Potion"}],"is_trial":false,"path_per_floor":["M","M","M","?","?","R","E","R","T","E","M","?","$","M","R","B",null,"M","M","?","?","$","R","?","R","T","M","$","R","M","M","R","B",null,"M","?","M"],"character_chosen":"DEFECT","items_purchased":["Defragment","SteroidPotion","Defragment","Coolheaded"],"campfire_rested":1,"item_purchase_floors":[13,13,22,28],"current_hp_per_floor":[41,36,36,53,32,32,9,9,9,21,11,11,11,11,32,32,66,26,16,16,16,16,16,16,16,16,23,23,23,12,19,19,26,64,47,47,0,0],"gold":198,"neow_bonus":"TRANSFORM_TWO_CARDS","is_daily":false,"chose_seed":false,"campfire_upgraded":6,"win_rate":0.0,"timestamp":1613058322,"path_taken":["M","M","M","?","?","R","E","R","T","E","M","?","?","M","R","BOSS","M","M","?","?","$","R","?","R","T","M","?","R","?","M","R","BOSS","M","?","M"],"items_purchased_type":["Card","Potion","Card","Card"],"build_version":"2020-12-22","purchased_purges":1,"victory":false,"max_hp_per_floor":[71,71,71,71,71,71,71,71,71,71,71,71,71,71,71,71,76,76,76,76,76,76,76,76,76,76,76,76,76,76,76,76,76,76,76,76,76,76],"card_choices":[{"not_picked":["Fusion","Leap","Streamline"],"picked":"SKIP","floor":1.0},{"not_picked":["Beam Cell","Hello World"],"picked":"Cold Snap","floor":2.0},{"not_picked":["Reprogram","Barrage"],"picked":"Ball Lightning","floor":3.0},{"not_picked":["Sunder","Ball Lightning"],"picked":"Tempest","floor":7.0},{"not_picked":["Redo","Rebound","Stack"],"picked":"SKIP","floor":10.0},{"not_picked":["Static Discharge","Undo"],"picked":"Seek","floor":11.0},{"not_picked":["Turbo","Beam Cell"],"picked":"Defragment","floor":11.0},{"not_picked":["Reinforced Body","Static Discharge"],"picked":"Self Repair","floor":14.0},{"not_picked":["Sweeping Beam","Streamline","Compile Driver"],"picked":"SKIP","floor":14.0},{"not_picked":["Creative AI","Machine Learning"],"picked":"Echo Form","floor":16.0},{"not_picked":["Conserve Battery","Compile Driver"],"picked":"Glacier","floor":18.0},{"not_picked":["Hello World","Sweeping Beam","Undo"],"picked":"SKIP","floor":18.0},{"not_picked":["Streamline+1","Stack"],"picked":"Skim+1","floor":19.0},{"not_picked":["Sunder","Go for the Eyes","Beam Cell"],"picked":"SKIP","floor":19.0},{"not_picked":["Steam","Sweeping Beam"],"picked":"Core Surge","floor":27.0},{"not_picked":["Redo","Tempest"],"picked":"Conserve Battery","floor":27.0},{"not_picked":["Sweeping Beam","Rip and Tear+1"],"picked":"Chill","floor":30.0},{"not_picked":["Aggregate","Conserve Battery"],"picked":"Force Field","floor":30.0},{"not_picked":["Cold Snap","Rip and Tear+1"],"picked":"Force Field+1","floor":31.0},{"not_picked":["Go for the Eyes","Steam Power","Leap+1"],"picked":"SKIP","floor":31.0},{"not_picked":["Meteor Strike","Echo Form"],"picked":"Buffer","floor":33.0},{"not_picked":["Compile Driver+1","Streamline"],"picked":"BootSequence","floor":35.0},{"not_picked":["Redo+1","Aggregate","Recycle"],"picked":"SKIP","floor":35.0}],"player_experience":644932,"relics_obtained":[{"floor":7.0,"key":"Girya"},{"floor":9.0,"key":"Prayer Wheel"},{"floor":10.0,"key":"Calipers"},{"floor":34.0,"key":"MawBank"},{"floor":34.0,"key":"Sundial"},{"floor":34.0,"key":"Bird Faced Urn"}],"event_choices":[{"damage_healed":17.0,"max_hp_gain":0.0,"max_hp_loss":0.0,"gold_gain":0.0,"event_name":"The Cleric","player_choice":"Healed","floor":4.0,"gold_loss":35.0,"damage_taken":0.0},{"damage_healed":53.0,"max_hp_gain":0.0,"max_hp_loss":71.0,"gold_gain":0.0,"event_name":"betterThird:BetterShining","player_choice":"Upgrade","floor":5.0,"gold_loss":0.0,"damage_taken":21.0,"cards_upgraded":["Ball Lightning","Zap"]},{"damage_healed":0.0,"max_hp_gain":0.0,"max_hp_loss":0.0,"gold_gain":0.0,"event_name":"betterThird:BetterSerpent","player_choice":"Ignored","floor":12.0,"gold_loss":0.0,"damage_taken":183.0},{"damage_healed":0.0,"max_hp_gain":0.0,"max_hp_loss":0.0,"gold_gain":0.0,"event_name":"Ghosts","player_choice":"Ignored","floor":20.0,"gold_loss":0.0,"damage_taken":0.0},{"damage_healed":0.0,"max_hp_gain":0.0,"max_hp_loss":0.0,"gold_gain":0.0,"event_name":"Drug Dealer","player_choice":"Inject Mutagens","floor":21.0,"gold_loss":0.0,"damage_taken":0.0,"relics_obtained":["MutagenicStrength"]},{"damage_healed":0.0,"max_hp_gain":0.0,"max_hp_loss":0.0,"gold_gain":0.0,"event_name":"The Mausoleum","player_choice":"Ignored","floor":24.0,"gold_loss":0.0,"damage_taken":0.0},{"damage_healed":0.0,"max_hp_gain":0.0,"max_hp_loss":0.0,"gold_gain":0.0,"event_name":"Tomb of Lord Red Mask","player_choice":"Ignored","floor":36.0,"gold_loss":0.0,"damage_taken":0.0}],"is_beta":false,"boss_relics":[{"not_picked":["Runic Dome","Cursed Key"],"picked":"Tiny House"},{"not_picked":["SlaversCollar","SacredBark"],"picked":"Calling Bell"}],"items_purged_floors":[28],"is_endless":false,"potions_floor_spawned":[1,2,11,19,27,30],"killed_by":"3 Shapes","ascension_level":19}}