{"host":"k188wynix619km1z","time":1613004034,"event":{"mods":["2.2 Compatiblity","BaseMod","Colored Map","Colored Powertips","Conspire","Hubris","Infinite Spire","Minty Spire (QoL Compilation)","Rare Cards Sparkle","Replay The Spire","StSLib","The Hierophant","Waifu the Spire"],"gold_per_floor":[118,118,134,114,137,161,179,56,56,56,80,84,115,115,115,201,201,271,271,250,250,250,250,250,327,353,423,423,419,252,168,168],"floor_reached":31,"language":"ENG","playtime":3338,"items_purged":["Delirium"],"score":239,"play_id":"180b0b02-efa6-47c8-aaba-221e1ffea08a","local_time":"20210210184034","is_ascension_mode":false,"campfire_choices":[{"data":"hierophant:Community","floor":10,"key":"SMITH"},{"floor":15,"key":"REST"},{"floor":23,"key":"REST"},{"floor":28,"key":"REST"}],"circlet_count":0,"master_deck":["hierophant:Strike_Hierophant","hierophant:Strike_Hierophant","hierophant:Strike_Hierophant","hierophant:Strike_Hierophant","hierophant:Punish+1","hierophant:Defend_Hierophant","hierophant:Defend_Hierophant","hierophant:Defend_Hierophant","hierophant:Defend_Hierophant","hierophant:ChurchCoffers","hierophant:HammerAndAnvil","hierophant:Doubloon","hierophant:Refuge","hierophant:Smite","hierophant:Rebuild","hierophant:Community+1","hierophant:Exaltation","hierophant:Smite","hierophant:RepressedViolence","hierophant:Doubloon","hierophant:CursedGold","hierophant:Doubloon","hierophant:Charity","hierophant:BulkyChest","hierophant:OrnateBuckler+1","hierophant:ThreeLashes","hierophant:AuricBeam","hierophant:Determination","hierophant:SolarFlare+1","hierophant:OrnateBuckler"],"relics":["hierophant:PropheticMaskRelic","NeowsBlessing","hubris:DeckOfHolding","infinitespire:Midas Blood","Sozu","MutagenicStrength","Ring of Peace","Blue Doll"],"acts_visited":["Exordium","TheCity"],"potions_floor_usage":[16,18,25,25],"damage_taken":[{"damage":0,"enemies":"conspire:RoseBush","floor":1,"turns":1},{"damage":0,"enemies":"Cultist","floor":3,"turns":1},{"damage":0,"enemies":"Small Slimes","floor":5,"turns":1},{"damage":24,"enemies":"Replay:BlueRogue","floor":6,"turns":6},{"damage":14,"enemies":"Exordium Wildlife","floor":7,"turns":5},{"damage":13,"enemies":"conspire:2 RoseBushes","floor":11,"turns":5},{"damage":1,"enemies":"2 Fungi Beasts","floor":12,"turns":3},{"damage":14,"enemies":"Blue Slaver","floor":13,"turns":3},{"damage":11,"enemies":"Fading Forest","floor":16,"turns":11},{"damage":55,"enemies":"conspire:FuzzyDice","floor":18,"turns":10},{"damage":14,"enemies":"2 Thieves","floor":20,"turns":5},{"damage":34,"enemies":"3 Cultists","floor":25,"turns":7},{"damage":5,"enemies":"Snake Plant","floor":27,"turns":3},{"damage":8,"enemies":"Centurion and Healer","floor":29,"turns":6},{"damage":23,"enemies":"Cultist and Chosen","floor":31,"turns":6}],"seed_played":"3637880550022120626","potions_obtained":[{"floor":3,"key":"Dexterity Potion"},{"floor":4,"key":"conspire:TimeTravelPotion"},{"floor":11,"key":"CultistPotion"},{"floor":12,"key":"Toxic Potion"},{"floor":16,"key":"Energy Potion"},{"floor":18,"key":"Adrenaline Potion"}],"is_trial":false,"path_per_floor":["M","?","M","?","M","E","M","$","T","R","M","M","M","?","R","B",null,"M","AVR","M","?","?","R","?","M","T","M","R","M","$","M"],"character_chosen":"HIEROPHANT","items_purchased":["hierophant:Exaltation","hierophant:Smite","hierophant:SolarFlare+1","hierophant:OrnateBuckler"],"campfire_rested":3,"item_purchase_floors":[8,8,30,30],"current_hp_per_floor":[75,75,75,75,75,51,37,37,37,37,24,23,9,31,53,52,75,36,36,22,22,22,44,44,10,10,5,27,19,19,0,0],"gold":168,"neow_bonus":"THREE_ENEMY_KILL","is_daily":false,"chose_seed":false,"campfire_upgraded":1,"win_rate":0.0,"timestamp":1613004034,"path_taken":["M","?","M","?","M","E","M","$","T","R","?","M","M","?","R","BOSS","M","AVR","M","?","?","R","?","M","T","M","R","M","?","?"],"items_purchased_type":["Card","Card","Card","Card"],"build_version":"2020-12-22","purchased_purges":1,"victory":false,"max_hp_per_floor":[75,75,75,75,75,75,75,75,75,75,75,75,75,75,75,75,75,75,75,75,75,75,75,75,75,75,75,75,75,75,75,75],"card_choices":[{"not_picked":["hierophant:RepressedViolence","hierophant:Zeal"],"picked":"hierophant:HammerAndAnvil","floor":1},{"not_picked":["hierophant:FlamingChariot","hierophant:Encroach"],"picked":"hierophant:Refuge","floor":3},{"not_picked":["hierophant:DisplayOfPower","hierophant:TollTheBells"],"picked":"hierophant:Smite","floor":5},{"not_picked":["hierophant:Zeal","hierophant:RecallFunds"],"picked":"hierophant:Rebuild","floor":6},{"not_picked":["hierophant:Cornucopia","hierophant:Racketeering"],"picked":"hierophant:Community","floor":7},{"not_picked":["hierophant:Rebuild","hierophant:SealAway"],"picked":"hierophant:RepressedViolence","floor":11},{"not_picked":["hierophant:RepressedViolence","hierophant:Encroach"],"picked":"hierophant:CursedGold","floor":12},{"not_picked":["hierophant:PassingBell","hierophant:Zeal"],"picked":"hierophant:Charity","floor":13},{"not_picked":["hierophant:Anathema","hierophant:Kindle"],"picked":"hierophant:BulkyChest","floor":16},{"not_picked":["hierophant:HammerAndAnvil","hierophant:Doubloon"],"picked":"hierophant:OrnateBuckler+1","floor":18},{"not_picked":["hierophant:OrnateJavelin","hierophant:DisplayOfPower+1"],"picked":"hierophant:ThreeLashes","floor":20},{"not_picked":["hierophant:Empathy","hierophant:FlamingChariot","hierophant:TollTheBells"],"picked":"SKIP","floor":25},{"not_picked":["hierophant:Rebuild","hierophant:MorningPrayer+1"],"picked":"hierophant:AuricBeam","floor":27},{"not_picked":["hierophant:PassingBell","hierophant:FieryStrike"],"picked":"hierophant:Determination","floor":29}],"player_experience":492579,"relics_obtained":[{"floor":6,"key":"hubris:DeckOfHolding"},{"floor":9,"key":"infinitespire:Midas Blood"},{"floor":22,"key":"Ring of Peace"},{"floor":26,"key":"Blue Doll"}],"event_choices":[{"damage_healed":0,"gold_gain":0,"player_choice":"Bought 1 Potion","damage_taken":0,"max_hp_gain":0,"max_hp_loss":0,"event_name":"The Woman in Blue","floor":4,"gold_loss":0},{"damage_healed":0,"gold_gain":0,"player_choice":"Inject Mutagens","damage_taken":0,"relics_obtained":["MutagenicStrength"],"max_hp_gain":0,"max_hp_loss":0,"event_name":"Drug Dealer","floor":21,"gold_loss":0}],"is_beta":false,"boss_relics":[{"not_picked":["conspire:RunicOctahedron","Replay:Ancient Bell","Snecko Eye"]}],"items_purged_floors":[30],"is_endless":false,"potions_floor_spawned":[3,11,12,13,16,18,25,27],"killed_by":"Cultist and Chosen","ascension_level":0}}