{"host":"bbld1ic1uj90ldt9","time":1613067014,"event":{"mods":["2.2 Compatiblity","AchievementEnabler","Act Like it!","BaseMod","Better Third Choice","Conspire","Downfall","Emptier Cage","Gensokyo","Hallownest","Hermit","Highlight Path","Hubris","Marisa????????","Minty Spire (QoL Compilation)","Random Character Button","Replay The Spire","StSLib","The Animator","The Bug Knight","The Cursed","The Disciple","The Hierophant","The Jungle","The Runesmith","The Servant 0.9.4"],"gold_per_floor":[116,41,41,20,36,36,36,346,346,361,386,403,437,451,451,555,555,570,583,617,205,219,246,103,103,103,133,143,155,12,12,12,110,110,138,150,179,191,217,229,261,183,243,290,302,324,336,77,77,77],"floor_reached":51,"language":"FRA","playtime":9137,"items_purged":["Runesmith:Strike_RS","Runesmith:Strike_RS","Runesmith:Strike_RS"],"score":870,"play_id":"a41511ba-ce3e-464c-bd3f-aae77a95bc46","local_time":"20210211191014","is_ascension_mode":true,"campfire_choices":[{"floor":6.0,"key":"REST"},{"floor":15.0,"key":"REST"},{"floor":25.0,"key":"REST"},{"floor":32.0,"key":"REST"},{"floor":40,"key":"RECALL"},{"data":"Runesmith:CreatorForm","floor":45,"key":"SMITH"},{"floor":47,"key":"REST"},{"data":"Runesmith:CreatorForm+1","floor":49,"key":"SMITH"}],"circlet_count":0,"master_deck":["Runesmith:Strike_RS","Runesmith:Defend_RS","Runesmith:Defend_RS","Runesmith:Defend_RS","Runesmith:Defend_RS","Runesmith:CraftFirestone","Runesmith:Fortify","Runesmith:CraftSpiculum","Runesmith:HeatedChisel","Gensokyo:CrescentMoonSlash","Runesmith:EarthShield","Runesmith:HammerAndChisel","Runesmith:ReplicatingBarrier","Runesmith:Terraform","Runesmith:ChargedHammer","Runesmith:BackupBattery","Runesmith:CraftMedicinae","Runesmith:Augment+1","Runesmith:HeatExchange","Runesmith:LithiumIon","Runesmith:LithiumIon","Dramatic Entrance","Runesmith:MakeshiftArmor","Runesmith:CreatorForm+2","Runesmith:ArcReactor","Runesmith:CraftIncendium+1","Runesmith:BackupBattery+1","Spreading Infection","Bullet Time+1","CurseOfTheBell","animator:Shuna+1","Replay:Parry","Gensokyo:ReactiveArmor","Runesmith:Duplicate+1","Contraction+1","HollowMod:HuntersJournal+1","TheCursedMod:Dregs","Runesmith:PoweredAnvil","Runesmith:PoweredAnvil","Flash of Steel"],"relics":["Runesmith:BrokenRuby","Gensokyo:CelestialsFlawlessClothing","Runesmith:Nanobots","hubris:Spice","conspire:InfiniteJournal","Snecko Heart","hubris:SlimyHat","Runesmith:MiniCore","Toxic Egg 2","Lizard Tail","PrismaticShard","Ring of Hypnosis","Ring of Misfortune","Calling Bell","MawBank","Counterbalance","hubris:Towel","conspire:GiftBox","Mercury Hourglass","ReplayTheSpireMod:CursedCoin","Simple Rune"],"acts_visited":["Gensokyo:Gensokyo","TheCity","Gensokyo:Gensokyoest"],"potions_floor_usage":[35,39,50],"damage_taken":[{"damage":8.0,"enemies":"Gensokyo:3_Fairies","floor":1.0,"turns":5.0},{"damage":17.0,"enemies":"Gensokyo:2_Kodama","floor":5.0,"turns":6.0},{"damage":17.0,"enemies":"Gensokyo:Gryphon","floor":8.0,"turns":5.0},{"damage":0.0,"enemies":"Gensokyo:Python_and_Kodama","floor":10.0,"turns":5.0},{"damage":14.0,"enemies":"Gensokyo:Cirno","floor":11.0,"turns":9.0},{"damage":0.0,"enemies":"Gensokyo:LivingMonolith","floor":12.0,"turns":3.0},{"damage":0.0,"enemies":"Gensokyo:Mamizou","floor":13.0,"turns":7.0},{"damage":2.0,"enemies":"Gensokyo:3_Kodama","floor":14.0,"turns":4.0},{"damage":15.0,"enemies":"Gensokyo:Yukari","floor":16.0,"turns":8.0},{"damage":0.0,"enemies":"Shell Parasite","floor":18.0,"turns":6.0},{"damage":4.0,"enemies":"Spheric Guardian","floor":19.0,"turns":3.0},{"damage":19.0,"enemies":"conspire:MimicChest","floor":20.0,"turns":7.0},{"damage":21.0,"enemies":"Centurion and Healer","floor":22.0,"turns":6.0},{"damage":11.0,"enemies":"Gremlin Leader","floor":23.0,"turns":7.0},{"damage":10.0,"enemies":"HollowMod:Nosk","floor":27.0,"turns":8.0},{"damage":1.0,"enemies":"Chosen and Byrds","floor":28.0,"turns":5.0},{"damage":15.0,"enemies":"Snake Plant","floor":29.0,"turns":4.0},{"damage":6.0,"enemies":"conspire:MysteriousRune","floor":33.0,"turns":9.0},{"damage":0,"enemies":"Gensokyo:3_Bats","floor":35,"turns":3},{"damage":0,"enemies":"Gensokyo:AncientGuardian","floor":37,"turns":8},{"damage":1,"enemies":"Gensokyo:3_Boulders","floor":39,"turns":4},{"damage":9,"enemies":"Gensokyo:4_Bats","floor":41,"turns":6},{"damage":0,"enemies":"Gensokyo:Doremy","floor":44,"turns":8},{"damage":31,"enemies":"Gensokyo:Sharpion","floor":46,"turns":5},{"damage":9,"enemies":"Gensokyo:Yuyuko","floor":50,"turns":9}],"seed_played":"-3243607115406156346","potions_obtained":[{"floor":1.0,"key":"Languid Potion"},{"floor":8.0,"key":"PowerPotion"},{"floor":12.0,"key":"Explosive Potion"},{"floor":13.0,"key":"FearPotion"},{"floor":14.0,"key":"SteroidPotion"},{"floor":18.0,"key":"LiquidBronze"},{"floor":20.0,"key":"FairyPotion"},{"floor":23.0,"key":"Fire Potion"},{"floor":27.0,"key":"SkillPotion"},{"floor":28.0,"key":"SkillPotion"},{"floor":35,"key":"Fruit Juice"},{"floor":41,"key":"AttackPotion"}],"is_trial":false,"path_per_floor":["M","$","?","COS","M","R","?","M","T","M","E","M","E","M","R","B",null,"M","M","?","$","M","E","$","R","T","E","M","M","$","?","R","B",null,"M","?","M","?","M","R","M","?","T","E","R","M","R","$","R","B",null],"character_chosen":"RUNESMITH_CLASS","items_purchased":["Runesmith:LithiumIon","hubris:SlimyHat","Dramatic Entrance","Runesmith:CreatorForm","PrismaticShard","ReplayTheSpireMod:CursedCoin","Simple Rune","Runesmith:PoweredAnvil","Flash of Steel"],"campfire_rested":5,"item_purchase_floors":[21,21,21,24,30,48,48,48,48],"current_hp_per_floor":[69,69,50,50,33,56,45,28,28,28,22,22,22,20,45,30,85,85,81,70,70,49,38,38,65,65,61,60,45,45,45,72,66,85,90,90,90,90,90,90,84,84,84,84,84,59,86,86,86,90],"gold":77,"neow_bonus":"TEN_PERCENT_HP_BONUS","is_daily":false,"chose_seed":false,"campfire_upgraded":2,"win_rate":0.0,"timestamp":1613067014,"path_taken":["M","$","?","COS","?","R","?","M","T","M","E","M","E","M","R","BOSS","M","M","?","$","M","E","$","R","T","E","M","M","?","?","R","BOSS","M","?","?","?","M","R","M","?","T","E","R","M","R","?","R","BOSS"],"items_purchased_type":["Card","Relic","Card","Card","Relic","Relic","Relic","Card","Card"],"build_version":"2020-12-22","purchased_purges":3,"victory":true,"max_hp_per_floor":[77,77,77,77,77,77,77,77,77,77,85,85,85,85,85,85,85,85,85,93,93,93,93,93,93,93,93,93,93,93,93,93,93,85,90,90,90,90,90,90,90,90,90,90,90,90,90,90,90,90],"card_choices":[{"not_picked":["Runesmith:Refine","Runesmith:HeatedChisel"],"picked":"Runesmith:CraftSpiculum","floor":1.0},{"not_picked":["Runesmith:UnstableHammer","Runesmith:RuneHurl"],"picked":"Runesmith:HeatedChisel","floor":5.0},{"not_picked":["Runesmith:CraftMagma","Runesmith:RunicBlueprint"],"picked":"Runesmith:EarthShield","floor":8.0},{"not_picked":["Runesmith:Terraform","Runesmith:CraftReservo"],"picked":"Runesmith:HammerAndChisel","floor":10.0},{"not_picked":["Runesmith:HeatExchange","Runesmith:EarthShield"],"picked":"Runesmith:ReplicatingBarrier","floor":11.0},{"not_picked":["Runesmith:RuneHurl","Runesmith:ShiftingStrike"],"picked":"Runesmith:Terraform","floor":12.0},{"not_picked":["Runesmith:Electrocute","Runesmith:Accelerate"],"picked":"Runesmith:ChargedHammer","floor":13.0},{"not_picked":["Runesmith:Terraform","Runesmith:HeatedChisel"],"picked":"Runesmith:BackupBattery","floor":14.0},{"not_picked":["Runesmith:LastStand","Runesmith:DuctTape"],"picked":"Runesmith:CraftMedicinae","floor":16.0},{"not_picked":["Runesmith:RuneHurl","Runesmith:EnergizedChisel+1"],"picked":"Runesmith:Augment+1","floor":18.0},{"not_picked":["Runesmith:HeatedChisel","Runesmith:CraftProtectio+1"],"picked":"Runesmith:HeatExchange","floor":19.0},{"not_picked":["Runesmith:CraftProtectio","Runesmith:Discharge"],"picked":"Runesmith:LithiumIon","floor":20.0},{"not_picked":["hubris:SpiceAddiction","Runesmith:ChiselStab"],"picked":"Runesmith:MakeshiftArmor","floor":22.0},{"not_picked":["Runesmith:ChiselStab","hubris:SpiceAddiction","Runesmith:PerfectChisel"],"picked":"SKIP","floor":23.0},{"not_picked":["hubris:SpiceAddiction","Runesmith:CraftProtectio+1"],"picked":"Runesmith:ArcReactor","floor":27.0},{"not_picked":["Runesmith:EnergizedChisel","Runesmith:Repurpose+1"],"picked":"Runesmith:CraftIncendium+1","floor":28.0},{"not_picked":["Runesmith:EarthShield+1","Runesmith:CraftReservo+1"],"picked":"Runesmith:BackupBattery+1","floor":29.0},{"not_picked":["Die Die Die","Atom Bomb"],"picked":"Bullet Time+1","floor":33.0},{"not_picked":["hierophant:Shelter+1","Stagnate+1"],"picked":"animator:Shuna+1","floor":35},{"not_picked":["hubris:SpiceAddiction","bronze:WhirlingStrike+1"],"picked":"Replay:Parry","floor":37},{"not_picked":["Guardian:Gem_Green","Guardian:Gem_Red","hubris:SpiceAddiction"],"picked":"SKIP","floor":39},{"not_picked":["Replace+1","TheCursedMod:Stigma","animator:Spearman"],"picked":"SKIP","floor":41},{"not_picked":["Runesmith:ReplicatingBarrier","Runesmith:ArcReactor"],"picked":"Runesmith:Duplicate+1","floor":43},{"not_picked":["animator:HigakiRinne+1","Jack Of All Trades+1"],"picked":"Contraction+1","floor":44},{"not_picked":["champ:AdrenalArmor+1","hubris:SpiceAddiction"],"picked":"HollowMod:HuntersJournal+1","floor":46}],"player_experience":2280168,"relics_obtained":[{"floor":9.0,"key":"Runesmith:Nanobots"},{"floor":11.0,"key":"hubris:Spice"},{"floor":13.0,"key":"conspire:InfiniteJournal"},{"floor":20.0,"key":"hubris:Spice"},{"floor":23.0,"key":"Runesmith:MiniCore"},{"floor":26.0,"key":"Toxic Egg 2"},{"floor":27.0,"key":"Lizard Tail"},{"floor":31.0,"key":"Ring of Hypnosis"},{"floor":31.0,"key":"Ring of Misfortune"},{"floor":34,"key":"MawBank"},{"floor":34,"key":"hubris:Spice"},{"floor":34,"key":"Counterbalance"},{"floor":43,"key":"conspire:GiftBox"},{"floor":44,"key":"Mercury Hourglass"}],"event_choices":[],"is_beta":false,"boss_relics":[{"not_picked":["Replay:Fungal Core","Cursed Key"],"picked":"Snecko Heart"},{"not_picked":["hubris:Spice","Replay:Bronze Core"],"picked":"Calling Bell"}],"items_purged_floors":[2,21,48],"is_endless":false,"potions_floor_spawned":[1,8,12,13,14,18,20,23,27,28,35,41],"ascension_level":2}}