{"host":"a5lz0e76zb3fcwkm","time":1613007635,"event":{"mods":["AchievementEnabler","BaseMod","Colored Map","Colored Powertips","Minty Spire (QoL Compilation)","StSLib","SuperFastMode"],"gold_per_floor":[113,38,38,57,57,101,101,123,146,167,188,43,43,71,71,71,71],"floor_reached":16,"language":"KOR","playtime":360,"items_purged":["Strike_G","Defend_G"],"score":254,"play_id":"d7afa696-52bb-4d55-90a9-a7cbd0ca887f","local_time":"20210211104035","is_ascension_mode":true,"campfire_choices":[{"data":"Accuracy","floor":7,"key":"SMITH"},{"data":"Cloak And Dagger","floor":15,"key":"SMITH"}],"circlet_count":0,"master_deck":["AscendersBane","Strike_G","Strike_G","Strike_G","Defend_G","Defend_G","Defend_G","Defend_G","Survivor","Neutralize","PiercingWail","Blur","Accuracy+1","Backstab","Acrobatics","Crippling Poison","Cloak And Dagger+1","Wraith Form v2"],"relics":["Ring of the Snake","NeowsBlessing","Dream Catcher","CeramicFish","Blood Vial"],"acts_visited":["Exordium"],"potions_floor_usage":[16,16],"damage_taken":[{"damage":0,"enemies":"Small Slimes","floor":1,"turns":1},{"damage":0,"enemies":"Cultist","floor":4,"turns":1},{"damage":0,"enemies":"Lagavulin","floor":6,"turns":1},{"damage":2,"enemies":"Jaw Worm","floor":8,"turns":11},{"damage":0,"enemies":"Red Slaver","floor":10,"turns":8},{"damage":2,"enemies":"Exordium Wildlife","floor":11,"turns":7},{"damage":4,"enemies":"Large Slime","floor":14,"turns":9},{"damage":59,"enemies":"Hexaghost","floor":16,"turns":14}],"seed_played":"3410392215902644909","potions_obtained":[{"floor":4,"key":"Energy Potion"},{"floor":8,"key":"Fire Potion"},{"floor":10,"key":"LiquidBronze"}],"is_trial":false,"path_per_floor":["M","$","?","M","?","E","R","M","T","M","M","$","?","M","R","B"],"character_chosen":"THE_SILENT","items_purchased":["Cloak And Dagger"],"campfire_rested":0,"item_purchase_floors":[12],"current_hp_per_floor":[59,59,59,59,59,59,59,57,57,59,59,59,59,57,57,0,0],"gold":71,"neow_bonus":"THREE_ENEMY_KILL","is_daily":false,"chose_seed":false,"campfire_upgraded":2,"win_rate":0.0,"timestamp":1613007635,"path_taken":["M","$","?","?","?","E","R","?","T","M","M","$","?","M","R","BOSS"],"items_purchased_type":["Card"],"build_version":"2020-12-22","purchased_purges":2,"victory":false,"max_hp_per_floor":[66,66,66,66,66,66,66,66,66,66,66,66,66,66,66,66,66],"card_choices":[{"not_picked":["Slice","Sucker Punch"],"picked":"All Out Attack","floor":1},{"not_picked":["Outmaneuver","Reflex"],"picked":"PiercingWail","floor":4},{"not_picked":["Cloak And Dagger","Backflip"],"picked":"Accuracy","floor":6},{"not_picked":["PiercingWail","Prepared"],"picked":"Backstab","floor":8},{"not_picked":["Backflip","Leg Sweep"],"picked":"Acrobatics","floor":10},{"not_picked":["Tactician","Backstab"],"picked":"Crippling Poison","floor":11},{"not_picked":["Dash","Prepared"],"picked":"Wraith Form v2","floor":14}],"player_experience":1856508,"relics_obtained":[{"floor":6,"key":"CeramicFish"},{"floor":9,"key":"Blood Vial"}],"event_choices":[{"cards_removed":["All Out Attack"],"damage_healed":0,"gold_gain":0,"player_choice":"Gave Card","damage_taken":0,"relics_obtained":["Dream Catcher"],"max_hp_gain":0,"max_hp_loss":0,"event_name":"WeMeetAgain","floor":3,"gold_loss":0},{"damage_healed":0,"gold_gain":0,"cards_transformed":["Strike_G"],"player_choice":"Transformed","damage_taken":0,"max_hp_gain":0,"max_hp_loss":0,"event_name":"Transmorgrifier","floor":5,"gold_loss":0,"cards_obtained":["Blur"]},{"damage_healed":0,"gold_gain":0,"player_choice":"Ignored","damage_taken":0,"max_hp_gain":0,"max_hp_loss":0,"event_name":"Liars Game","floor":13,"gold_loss":0}],"is_beta":false,"boss_relics":[],"items_purged_floors":[2,12],"is_endless":false,"potions_floor_spawned":[4,8,10],"killed_by":"Hexaghost","ascension_level":20}}