{"host":"sc0o2qwpf9j16a4i","time":1613063301,"event":{"mods":["AchievementEnabler","BaseMod","BetterRewards","Block Reminder","Colored Map","Colored Powertips","Custom Start","Highlight Path","Minty Spire (QoL Compilation)","Relic Stats"],"gold_per_floor":[115,115,135,146,161,161,161,195,195,212,226,243,268,278,278,381,381,397,397,397,407,418,447,463,42,69,85,85,119,119,119,119,119,119],"floor_reached":33,"language":"ENG","playtime":912,"items_purged":[],"score":678,"play_id":"94f957fb-3dd9-44ac-807a-c0f7eae8096e","local_time":"20210211190821","daily_mods":["SealedDeck","Hoarder","Lethality"],"is_ascension_mode":false,"campfire_choices":[{"data":"Loop","floor":6,"key":"SMITH"},{"data":"Defragment","floor":15,"key":"SMITH"},{"floor":32,"key":"REST"}],"circlet_count":0,"master_deck":["Beam Cell","Beam Cell","Loop","Loop","Loop+1","Sweeping Beam","Sweeping Beam","Sweeping Beam","Stack","Stack","Stack","Conserve Battery","Conserve Battery","Conserve Battery","Ball Lightning","Ball Lightning","Ball Lightning","Sweeping Beam","Sweeping Beam","Sweeping Beam","Recycle","Recycle","Recycle","Ball Lightning","Ball Lightning","Ball Lightning","Defragment","Defragment","Defragment+1","Beam Cell","Beam Cell","Turbo","Turbo","Turbo","Steam Power","Steam Power","Steam Power","Conserve Battery","Conserve Battery","Conserve Battery","Chill","Chill","Chill","Hologram","Hologram","Hologram","Echo Form","Echo Form","Echo Form","Sweeping Beam","Sweeping Beam","Sweeping Beam","Echo Form","Echo Form","Loop","Loop","Loop","Ball Lightning","Ball Lightning","Ball Lightning","Seek","Seek","Seek","Hologram","Hologram","Hologram","Fission","Fission","Fission","Coolheaded","Coolheaded","Coolheaded","Conserve Battery+1","Conserve Battery+1","Conserve Battery+1","Coolheaded","Coolheaded","Coolheaded","Turbo","Turbo","Turbo","Cold Snap","Cold Snap","Cold Snap","Loop","Loop","Loop","Reinforced Body","Reinforced Body","Reinforced Body","Storm","Storm","Storm","Stack","Stack","Stack","Coolheaded","Coolheaded","Coolheaded","Capacitor+1","Capacitor+1","Capacitor+1","Aggregate","Aggregate","Aggregate"],"relics":["Cracked Core","Potion Belt","Ornamental Fan","Bag of Preparation","Prayer Wheel","Fusion Hammer","Ancient Tea Set","Anchor","ClockworkSouvenir","Pen Nib","MutagenicStrength","Kunai"],"acts_visited":["Exordium","TheCity"],"potions_floor_usage":[8,13,13,13,16,23,27,31],"damage_taken":[{"damage":11,"enemies":"Small Slimes","floor":1,"turns":2},{"damage":5,"enemies":"2 Louse","floor":3,"turns":2},{"damage":0,"enemies":"Jaw Worm","floor":4,"turns":1},{"damage":0,"enemies":"Large Slime","floor":5,"turns":2},{"damage":12,"enemies":"3 Sentries","floor":8,"turns":3},{"damage":0,"enemies":"Looter","floor":10,"turns":2},{"damage":0,"enemies":"Exordium Thugs","floor":11,"turns":3},{"damage":0,"enemies":"Red Slaver","floor":12,"turns":1},{"damage":0,"enemies":"Gremlin Nob","floor":13,"turns":2},{"damage":0,"enemies":"Large Slime","floor":14,"turns":3},{"damage":0,"enemies":"Slime Boss","floor":16,"turns":6},{"damage":0,"enemies":"Spheric Guardian","floor":18,"turns":1},{"damage":6,"enemies":"2 Thieves","floor":21,"turns":2},{"damage":0,"enemies":"3 Cultists","floor":22,"turns":4},{"damage":1,"enemies":"Book of Stabbing","floor":23,"turns":5},{"damage":15,"enemies":"Snake Plant","floor":24,"turns":6},{"damage":5,"enemies":"Shelled Parasite and Fungi","floor":27,"turns":3},{"damage":19,"enemies":"Slavers","floor":29,"turns":3},{"damage":0,"enemies":"3 Cultists","floor":31,"turns":2},{"damage":0,"enemies":"Automaton","floor":33,"turns":1}],"seed_played":"-6603592813397863665","potions_obtained":[{"floor":3,"key":"Ancient Potion"},{"floor":4,"key":"BlessingOfTheForge"},{"floor":10,"key":"GamblersBrew"},{"floor":11,"key":"Explosive Potion"},{"floor":12,"key":"Explosive Potion"},{"floor":14,"key":"Weak Potion"},{"floor":18,"key":"LiquidMemories"},{"floor":21,"key":"SmokeBomb"},{"floor":23,"key":"BlessingOfTheForge"}],"is_trial":true,"path_per_floor":["M","?","M","M","M","R","?","E","T","M","M","M","E","M","R","B",null,"M","?","?","M","M","E","M","$","T","M","?","E","?","M","R","B"],"character_chosen":"DEFECT","items_purchased":["Anchor","ClockworkSouvenir","Storm","Stack"],"campfire_rested":1,"item_purchase_floors":[25,25,25,25],"current_hp_per_floor":[64,64,59,59,59,59,64,52,52,52,52,52,52,52,52,52,75,75,61,61,55,55,54,39,39,39,34,34,15,15,15,39,39,39],"gold":119,"neow_bonus":"","is_daily":false,"chose_seed":false,"campfire_upgraded":2,"win_rate":0.0,"timestamp":1613063301,"path_taken":["M","?","?","M","M","R","?","E","T","M","M","M","E","M","R","BOSS","M","?","?","?","M","E","M","$","T","M","?","E","?","M","R","BOSS"],"items_purchased_type":["Relic","Relic","Card","Card"],"build_version":"2020-12-22","purchased_purges":0,"victory":false,"max_hp_per_floor":[75,75,75,75,75,75,75,75,75,75,75,75,75,75,75,75,75,75,80,80,80,80,80,80,80,80,80,80,80,80,80,80,80,80],"relic_stats":{"counters":[20,52],"Ornamental Fan":[84],"Prayer Wheel":6,"Pen Nib":[1],"Bag of Preparation":[30],"Kunai":[1],"obtain_stats":[{"Potion Belt":2,"Anchor":25,"Ornamental Fan":8,"MutagenicStrength":28,"Prayer Wheel":13,"Fusion Hammer":17,"Pen Nib":26,"Bag of Preparation":9,"Kunai":29,"Cracked Core":0,"Ancient Tea Set":23,"ClockworkSouvenir":25},{"Potion Belt":1,"Anchor":16,"Ornamental Fan":5,"MutagenicStrength":17,"Prayer Wheel":9,"Fusion Hammer":11,"Pen Nib":16,"Bag of Preparation":5,"Kunai":18,"Cracked Core":0,"Ancient Tea Set":15,"ClockworkSouvenir":16},{"Potion Belt":2,"Anchor":43,"Ornamental Fan":9,"MutagenicStrength":46,"Prayer Wheel":17,"Fusion Hammer":26,"Pen Nib":43,"Bag of Preparation":9,"Kunai":49,"Cracked Core":0,"Ancient Tea Set":38,"ClockworkSouvenir":43}]},"card_choices":[{"not_picked":["Compile Driver","Hologram"],"picked":"Beam Cell","floor":1},{"not_picked":["Compile Driver","BootSequence"],"picked":"Turbo","floor":3},{"not_picked":["Go for the Eyes","Fusion"],"picked":"Steam Power","floor":4},{"not_picked":["Hologram","Fusion"],"picked":"Conserve Battery","floor":5},{"not_picked":["Leap","Compile Driver"],"picked":"Chill","floor":8},{"not_picked":["Steam","Compile Driver"],"picked":"Hologram","floor":10},{"not_picked":["Rebound","Beam Cell"],"picked":"Echo Form","floor":11},{"not_picked":["Leap","Hologram"],"picked":"Sweeping Beam","floor":12},{"not_picked":["Tempest","Rebound"],"picked":"Echo Form","floor":13},{"not_picked":["Darkness","Coolheaded"],"picked":"Loop","floor":14},{"not_picked":["Redo","Coolheaded"],"picked":"Ball Lightning","floor":14},{"not_picked":["Multi-Cast","All For One"],"picked":"Seek","floor":16},{"not_picked":["Beam Cell+1","Sweeping Beam"],"picked":"Hologram","floor":18},{"not_picked":["Gash+1","Rebound","Beam Cell"],"picked":"SKIP","floor":18},{"not_picked":["Leap","Sweeping Beam"],"picked":"Coolheaded","floor":21},{"not_picked":["Barrage","Gash"],"picked":"Conserve Battery+1","floor":21},{"not_picked":["Thunder Strike","Turbo"],"picked":"Coolheaded","floor":22},{"not_picked":["Genetic Algorithm+1","Heatsinks"],"picked":"Turbo","floor":22},{"not_picked":["Rebound","Stack"],"picked":"Cold Snap","floor":23},{"not_picked":["Leap","Conserve Battery"],"picked":"Loop","floor":24},{"not_picked":["Turbo","Thunder Strike"],"picked":"Reinforced Body","floor":24},{"not_picked":["Hologram","FTL"],"picked":"Coolheaded","floor":27},{"not_picked":["Compile Driver+1","Chaos"],"picked":"Capacitor+1","floor":27},{"not_picked":["Leap","Lockon+1"],"picked":"Aggregate","floor":29}],"player_experience":1345003,"relics_obtained":[{"floor":8,"key":"Ornamental Fan"},{"floor":9,"key":"Bag of Preparation"},{"floor":13,"key":"Prayer Wheel"},{"floor":23,"key":"Ancient Tea Set"},{"floor":26,"key":"Pen Nib"},{"floor":29,"key":"Kunai"}],"event_choices":[{"cards_removed":["Beam Cell"],"damage_healed":0,"gold_gain":0,"player_choice":"Gave Card","damage_taken":0,"relics_obtained":["Potion Belt"],"max_hp_gain":0,"max_hp_loss":0,"event_name":"WeMeetAgain","floor":2,"gold_loss":0},{"cards_removed":["Beam Cell"],"damage_healed":5,"gold_gain":0,"player_choice":"Offered Common","damage_taken":0,"max_hp_gain":0,"max_hp_loss":0,"event_name":"Bonfire Elementals","floor":7,"gold_loss":0},{"cards_removed":["Beam Cell"],"damage_healed":5,"gold_gain":0,"player_choice":"Offered Special","damage_taken":0,"max_hp_gain":0,"max_hp_loss":0,"event_name":"Bonfire Elementals","floor":7,"gold_loss":0},{"damage_healed":0,"gold_gain":0,"player_choice":"Shed Blood","damage_taken":19,"max_hp_gain":5,"max_hp_loss":0,"event_name":"Forgotten Altar","floor":19,"gold_loss":0},{"damage_healed":0,"gold_gain":0,"player_choice":"1 cards matched","damage_taken":0,"max_hp_gain":0,"max_hp_loss":0,"event_name":"Match and Keep!","floor":20,"gold_loss":0,"cards_obtained":["Fission"]},{"damage_healed":0,"gold_gain":0,"player_choice":"Inject Mutagens","damage_taken":0,"relics_obtained":["MutagenicStrength"],"max_hp_gain":0,"max_hp_loss":0,"event_name":"Drug Dealer","floor":28,"gold_loss":0},{"cards_removed":["Echo Form"],"damage_healed":0,"gold_gain":0,"player_choice":"Elegance","damage_taken":0,"max_hp_gain":0,"max_hp_loss":0,"event_name":"Back to Basics","floor":30,"gold_loss":0}],"is_beta":false,"boss_relics":[{"not_picked":["SacredBark","Runic Dome"],"picked":"Fusion Hammer"}],"items_purged_floors":[],"is_endless":false,"potions_floor_spawned":[3,4,10,11,12,14,18,21,23,31],"killed_by":"Automaton","ascension_level":0}}