{"host":"yecadp3kwkksam5a","time":1613028477,"event":{"mods":["100% Spire Juice","BaseMod","Minty Spire (QoL Compilation)","StSLib","SuperFastMode","WarShipGirlsR/??á´Ò³R mod"],"gold_per_floor":[110,110,35,50,50,50,50,50,50,81,93,151,151,182,182,259,259,271,271,271,171,46,71,99,134,161,161,196,224,274,287,287,366,366,383,141,141,152,172,203,228,253,253,297,316,316,316,341,341,341,341,341,341,2,37,37],"floor_reached":57,"language":"KOR","playtime":2665,"items_purged":["Finisher","Masterful Stab","Distraction","Dodge and Roll","Backflip+1"],"score":3936,"play_id":"16b16124-dc05-4971-a406-459fa298e050","local_time":"20210211162757","daily_mods":["Draft","Flight"],"is_ascension_mode":true,"campfire_choices":[{"data":"Reflex","floor":6.0,"key":"SMITH"},{"data":"Concentrate","floor":7.0,"key":"SMITH"},{"data":"Prepared","floor":8.0,"key":"SMITH"},{"data":"Acrobatics","floor":15.0,"key":"SMITH"},{"data":"Backflip","floor":27.0,"key":"SMITH"},{"floor":32.0,"key":"RECALL"},{"data":"Purity","floor":46.0,"key":"SMITH"},{"data":"Blade Dance","floor":49.0,"key":"SMITH"},{"data":"Accuracy","floor":53.0,"key":"SMITH"}],"circlet_count":0,"master_deck":["AscendersBane","Accuracy","Concentrate+1","Prepared","Blur+1","Accuracy+1","Reflex+1","Terror","Catalyst+1","Blade Dance+1","Prepared+1","Acrobatics+1","Well Laid Plans+1","Accuracy+1","Purity+1","Escape Plan+1","After Image+1"],"relics":["Ring of the Snake","CultistMask","Frozen Egg 2","Bag of Preparation","StrikeDummy","Bronze Scales","Sozu","InkBottle","Whetstone","War Paint","Regal Pillow","Blood Vial","Black Star","Omamori","Lantern","CeramicFish","Thread and Needle","Juzu Bracelet","Oddly Smooth Stone","Prayer Wheel","Pen Nib","Medical Kit","Boot","Lizard Tail"],"acts_visited":["Exordium","TheCity","TheBeyond","TheEnding"],"potions_floor_usage":[56],"damage_taken":[{"damage":7.0,"enemies":"2 Louse","floor":1.0,"turns":2.0},{"damage":8.0,"enemies":"Jaw Worm","floor":4.0,"turns":2.0},{"damage":11.0,"enemies":"3 Sentries","floor":10.0,"turns":5.0},{"damage":0.0,"enemies":"Cultist","floor":11.0,"turns":1.0},{"damage":15.0,"enemies":"Lagavulin Event","floor":12.0,"turns":3.0},{"damage":0.0,"enemies":"Lagavulin","floor":14.0,"turns":2.0},{"damage":0.0,"enemies":"The Guardian","floor":16.0,"turns":1.0},{"damage":0.0,"enemies":"Spheric Guardian","floor":18.0,"turns":1.0},{"damage":0.0,"enemies":"Slavers","floor":23.0,"turns":1.0},{"damage":0.0,"enemies":"Gremlin Leader","floor":24.0,"turns":1.0},{"damage":0.0,"enemies":"Slavers","floor":25.0,"turns":1.0},{"damage":0.0,"enemies":"Gremlin Leader","floor":28.0,"turns":1.0},{"damage":0.0,"enemies":"Slavers","floor":29.0,"turns":1.0},{"damage":0.0,"enemies":"3 Byrds","floor":31.0,"turns":1.0},{"damage":0.0,"enemies":"Collector","floor":33.0,"turns":1.0},{"damage":0.0,"enemies":"3 Darklings","floor":35.0,"turns":1.0},{"damage":0.0,"enemies":"Orb Walker","floor":38.0,"turns":1.0},{"damage":0.0,"enemies":"4 Shapes","floor":39.0,"turns":1.0},{"damage":0.0,"enemies":"Reptomancer","floor":40.0,"turns":1.0},{"damage":0.0,"enemies":"Nemesis","floor":41.0,"turns":1.0},{"damage":0.0,"enemies":"Giant Head","floor":42.0,"turns":1.0},{"damage":0.0,"enemies":"Reptomancer","floor":44.0,"turns":1.0},{"damage":0.0,"enemies":"Jaw Worm Horde","floor":45.0,"turns":1.0},{"damage":0.0,"enemies":"Mind Bloom Boss Battle","floor":48.0,"turns":2.0},{"damage":0.0,"enemies":"Donu and Deca","floor":50.0,"turns":1.0},{"damage":38.0,"enemies":"Time Eater","floor":51.0,"turns":4.0},{"damage":0,"enemies":"Shield and Spear","floor":55,"turns":1},{"damage":14,"enemies":"The Heart","floor":56,"turns":4}],"seed_played":"4335078907551830881","potions_obtained":[{"floor":4.0,"key":"Weak Potion"},{"floor":10.0,"key":"FearPotion"},{"floor":14.0,"key":"AttackPotion"}],"is_trial":true,"path_per_floor":["M","?","$","M","?","R","R","R","T","E","M","?","?","E","R","B",null,"M","?","?","$","$","E","E","E","T","R","E","E","?","M","R","B",null,"M","$","?","M","M","E","E","E","T","E","M","R","?","?","R","B","B",null,"R","$","E","B",null],"character_chosen":"THE_SILENT","items_purchased":["Purity","Medical Kit"],"campfire_rested":0,"item_purchase_floors":[36,54],"current_hp_per_floor":[52,52,52,44,44,44,44,44,44,33,33,18,40,40,40,40,60,60,60,60,60,60,60,60,60,60,60,60,60,60,62,62,64,66,66,66,66,66,66,66,66,66,66,66,66,66,66,66,66,66,28,57,57,57,59,47],"gold":37,"neow_bonus":"","is_daily":false,"chose_seed":false,"campfire_upgraded":8,"win_rate":0.0,"timestamp":1613028477,"path_taken":["M","?","$","?","?","R","R","R","T","E","?","?","?","E","R","BOSS","M","?","?","$","$","E","E","E","T","R","E","E","?","?","R","BOSS","M","$","?","M","?","E","E","E","T","E","M","R","?","?","R","BOSS","BOSS","R","$","E","BOSS"],"items_purchased_type":["Card","Relic"],"build_version":"2020-12-22","purchased_purges":5,"victory":true,"max_hp_per_floor":[66,66,66,66,66,66,66,66,66,66,66,66,66,66,66,66,66,66,66,66,66,66,66,66,66,66,66,66,66,66,66,66,66,66,66,66,66,66,66,66,66,66,66,66,66,66,66,66,66,66,66,66,66,66,66,66],"card_choices":[{"not_picked":["Underhanded Strike","Heel Hook"],"picked":"Accuracy","floor":0.0},{"not_picked":["Slice","Skewer"],"picked":"Concentrate","floor":0.0},{"not_picked":["Quick Slash","PiercingWail"],"picked":"Prepared","floor":0.0},{"not_picked":["Bouncing Flask","Slice"],"picked":"Blur","floor":0.0},{"not_picked":["Catalyst","Bouncing Flask"],"picked":"Accuracy","floor":0.0},{"not_picked":["Acrobatics","Endless Agony"],"picked":"Reflex","floor":0.0},{"not_picked":["Flechettes","Dagger Spray"],"picked":"Terror","floor":0.0},{"not_picked":["Dodge and Roll","Bane"],"picked":"Masterful Stab","floor":0.0},{"not_picked":["Dagger Spray","Choke"],"picked":"Catalyst","floor":0.0},{"not_picked":["Flying Knee","Setup"],"picked":"Blade Dance","floor":0.0},{"not_picked":["Quick Slash","Riddle With Holes"],"picked":"Distraction","floor":0.0},{"not_picked":["Poisoned Stab","Slice"],"picked":"Dodge and Roll","floor":0.0},{"not_picked":["Dagger Spray","Choke"],"picked":"Prepared","floor":0.0},{"not_picked":["Sucker Punch","Skewer"],"picked":"Finisher","floor":0.0},{"not_picked":["Sucker Punch","Blade Dance"],"picked":"Acrobatics","floor":0.0},{"not_picked":["Bane","Deadly Poison","PiercingWail"],"picked":"SKIP","floor":1.0},{"not_picked":["Poisoned Stab","Dagger Spray"],"picked":"Backflip","floor":4.0},{"not_picked":["Sucker Punch","Glass Knife","Slice"],"picked":"SKIP","floor":10.0},{"not_picked":["Setup","Dagger Spray","Backflip"],"picked":"SKIP","floor":11.0},{"not_picked":["Dash","Choke","Concentrate"],"picked":"SKIP","floor":14.0},{"not_picked":["Sucker Punch","Terror","All Out Attack"],"picked":"SKIP","floor":18.0},{"not_picked":["Deflect","Sucker Punch"],"picked":"Well Laid Plans+1","floor":23.0},{"not_picked":["Caltrops+1","PiercingWail","Crippling Poison"],"picked":"SKIP","floor":24.0},{"not_picked":["Envenom+1","Dagger Spray+1","Caltrops+1"],"picked":"SKIP","floor":25.0},{"not_picked":["Sucker Punch","Flying Knee","Slice"],"picked":"SKIP","floor":28.0},{"not_picked":["Slice","Riddle With Holes","Dodge and Roll"],"picked":"SKIP","floor":29.0},{"not_picked":["Skewer+1","Cloak And Dagger"],"picked":"Accuracy+1","floor":31.0},{"not_picked":["Flying Knee","Eviscerate","Dodge and Roll"],"picked":"SKIP","floor":35.0},{"not_picked":["Choke","Predator"],"picked":"Escape Plan+1","floor":38.0},{"not_picked":["Dagger Spray","Eviscerate","Deflect"],"picked":"SKIP","floor":39.0},{"not_picked":["Well Laid Plans+1","Die Die Die","Quick Slash+1"],"picked":"SKIP","floor":40.0},{"not_picked":["Blade Dance","Dodge and Roll","Expertise"],"picked":"SKIP","floor":41.0},{"not_picked":["Noxious Fumes+1","Finisher","Setup"],"picked":"SKIP","floor":42.0},{"not_picked":["Quick Slash","Underhanded Strike"],"picked":"After Image+1","floor":44.0},{"not_picked":["Footwork+1","Accuracy+1","Deflect"],"picked":"SKIP","floor":45.0},{"not_picked":["Dodge and Roll","Deadly Poison","Backflip"],"picked":"SKIP","floor":45.0},{"not_picked":["Night Terror","Caltrops+1","Deadly Poison"],"picked":"SKIP","floor":55}],"player_experience":585140,"relics_obtained":[{"floor":9.0,"key":"Frozen Egg 2"},{"floor":10.0,"key":"Bag of Preparation"},{"floor":12.0,"key":"StrikeDummy"},{"floor":14.0,"key":"Bronze Scales"},{"floor":23.0,"key":"InkBottle"},{"floor":24.0,"key":"Whetstone"},{"floor":25.0,"key":"War Paint"},{"floor":28.0,"key":"Regal Pillow"},{"floor":29.0,"key":"Blood Vial"},{"floor":40.0,"key":"Omamori"},{"floor":40.0,"key":"Lantern"},{"floor":41.0,"key":"CeramicFish"},{"floor":41.0,"key":"Thread and Needle"},{"floor":42.0,"key":"Juzu Bracelet"},{"floor":42.0,"key":"Oddly Smooth Stone"},{"floor":43.0,"key":"Prayer Wheel"},{"floor":44.0,"key":"Pen Nib"},{"floor":55,"key":"Boot"},{"floor":55,"key":"Lizard Tail"}],"event_choices":[{"damage_healed":0.0,"max_hp_gain":0.0,"max_hp_loss":0.0,"gold_gain":0.0,"event_name":"FaceTrader","player_choice":"Trade","floor":5.0,"gold_loss":0.0,"damage_taken":0.0,"relics_obtained":["CultistMask"]},{"damage_healed":0.0,"max_hp_gain":0.0,"max_hp_loss":0.0,"gold_gain":0.0,"event_name":"Dead Adventurer","player_choice":"Searched \u00271\u0027 times","floor":12.0,"gold_loss":0.0,"damage_taken":0.0},{"damage_healed":22.0,"max_hp_gain":0.0,"max_hp_loss":0.0,"gold_gain":0.0,"event_name":"Big Fish","player_choice":"Banana","floor":13.0,"gold_loss":0.0,"damage_taken":0.0},{"damage_healed":0.0,"max_hp_gain":0.0,"max_hp_loss":0.0,"gold_gain":0.0,"event_name":"Vampires","player_choice":"Ignored","floor":20.0,"gold_loss":0.0,"damage_taken":0.0},{"damage_healed":0.0,"max_hp_gain":0.0,"max_hp_loss":0.0,"gold_gain":50.0,"event_name":"Nest","player_choice":"Stole From Cult","floor":30.0,"gold_loss":0.0,"damage_taken":0.0},{"damage_healed":0.0,"max_hp_gain":0.0,"max_hp_loss":0.0,"gold_gain":0.0,"event_name":"Lab","player_choice":"Got Potions","floor":37.0,"gold_loss":0.0,"damage_taken":0.0},{"damage_healed":0.0,"max_hp_gain":0.0,"max_hp_loss":0.0,"gold_gain":0.0,"event_name":"Tomb of Lord Red Mask","player_choice":"Ignored","floor":47.0,"gold_loss":0.0,"damage_taken":0.0},{"damage_healed":0.0,"max_hp_gain":0.0,"max_hp_loss":0.0,"gold_gain":0.0,"event_name":"MindBloom","player_choice":"Fight","floor":48.0,"gold_loss":0.0,"damage_taken":0.0}],"is_beta":false,"boss_relics":[{"not_picked":["Runic Dome","Fusion Hammer"],"picked":"Sozu"},{"not_picked":["SlaversCollar","Velvet Choker"],"picked":"Black Star"}],"items_purged_floors":[3,21,22,36,54],"is_endless":false,"potions_floor_spawned":[4,10,14,18,24,28,29,38,40,42,44,48,55],"ascension_level":20}}