{"host":"nwd160me4iqdtr8u","time":1613035816,"event":{"mods":["AchievementEnabler","Act Like it!","BaseMod","Colored Map","DeckTracker","Keyboard Shortcuts","Minty Spire (QoL Compilation)","Quick Restart","Rare Cards Sparkle","Smile Girya","StSLib","SuperFastMode","everything is the same but u backflip on backflip"],"gold_per_floor":[113,123,137,137,151,176,251,251,324,28,47,47,59,92,92,92,92],"floor_reached":16,"language":"KOR","playtime":512,"items_purged":[],"score":140,"play_id":"2323d73b-15a0-4eef-ab60-fc360c713076","local_time":"20210211183016","is_ascension_mode":true,"campfire_choices":[{"data":"Armaments","floor":8.0,"key":"SMITH"},{"data":"Feed","floor":12.0,"key":"SMITH"},{"data":"Dark Embrace","floor":15.0,"key":"SMITH"}],"circlet_count":0,"master_deck":["Strike_R","Strike_R","Strike_R+1","Strike_R","Strike_R+1","Defend_R","Defend_R","Defend_R","Defend_R","Bash","Headbutt","Armaments+1","Bloodletting","Feed+1","Corruption","Immolate","Carnage","Dark Embrace+1"],"relics":["Burning Blood","PreservedInsect","Bird Faced Urn","Matryoshka","Bag of Preparation","Bag of Marbles"],"acts_visited":["Exordium"],"potions_floor_usage":[16],"damage_taken":[{"damage":3.0,"enemies":"2 Louse","floor":1.0,"turns":4.0},{"damage":7.0,"enemies":"Jaw Worm","floor":2.0,"turns":3.0},{"damage":0.0,"enemies":"Small Slimes","floor":3.0,"turns":3.0},{"damage":9.0,"enemies":"Red Slaver","floor":5.0,"turns":4.0},{"damage":20.0,"enemies":"3 Sentries","floor":6.0,"turns":8.0},{"damage":10.0,"enemies":"Large Slime","floor":11.0,"turns":3.0},{"damage":0.0,"enemies":"Exordium Wildlife","floor":13.0,"turns":2.0},{"damage":15.0,"enemies":"Lagavulin","floor":14.0,"turns":3.0},{"damage":36,"enemies":"Hexaghost","floor":16,"turns":9}],"seed_played":"3064612865441636398","potions_obtained":[{"floor":6.0,"key":"Ancient Potion"},{"floor":13.0,"key":"SkillPotion"}],"is_trial":false,"path_per_floor":["M","M","M","?","M","E","?","R","T","$","M","R","M","E","R","B"],"character_chosen":"IRONCLAD","items_purchased":["Immolate","Bag of Preparation"],"campfire_rested":0,"item_purchase_floors":[10,10],"current_hp_per_floor":[80,79,80,64,61,50,39,39,39,39,38,38,48,39,39,5,5],"gold":92,"neow_bonus":"RANDOM_COMMON_RELIC","is_daily":false,"chose_seed":false,"campfire_upgraded":3,"win_rate":0.0,"timestamp":1613035816,"path_taken":["M","M","M","?","M","E","?","R","T","$","M","R","M","E","R","BOSS"],"items_purchased_type":["Card","Relic"],"build_version":"2020-12-22","purchased_purges":0,"victory":false,"max_hp_per_floor":[80,80,80,80,80,83,83,83,83,83,86,86,90,90,90,90,90],"card_choices":[{"not_picked":["Twin Strike","Sever Soul"],"picked":"Headbutt","floor":1.0},{"not_picked":["Cleave","Body Slam"],"picked":"Armaments","floor":2.0},{"not_picked":["Clash","Rupture"],"picked":"Bloodletting","floor":3.0},{"not_picked":["Iron Wave","Evolve"],"picked":"Feed","floor":5.0},{"not_picked":["Clothesline","Headbutt"],"picked":"Corruption","floor":6.0},{"not_picked":["True Grit","Armaments"],"picked":"Carnage","floor":11.0},{"not_picked":["True Grit","Ghostly Armor"],"picked":"Dark Embrace","floor":13.0},{"not_picked":["Rage","Anger","Rampage"],"picked":"SKIP","floor":14.0}],"player_experience":411355,"relics_obtained":[{"floor":6.0,"key":"Bird Faced Urn"},{"floor":9.0,"key":"Matryoshka"},{"floor":14.0,"key":"Bag of Marbles"}],"event_choices":[{"damage_healed":0.0,"max_hp_gain":0.0,"max_hp_loss":0.0,"gold_gain":0.0,"event_name":"Shining Light","player_choice":"Entered Light","floor":4.0,"gold_loss":0.0,"damage_taken":16.0,"cards_upgraded":["Strike_R","Strike_R"]},{"damage_healed":0.0,"max_hp_gain":0.0,"max_hp_loss":0.0,"gold_gain":75.0,"event_name":"World of Goop","player_choice":"Gather Gold","floor":7.0,"gold_loss":0.0,"damage_taken":11.0}],"is_beta":false,"boss_relics":[],"items_purged_floors":[],"is_endless":false,"potions_floor_spawned":[6,13],"killed_by":"Hexaghost","ascension_level":5}}