{"host":"A Jargain","time":1613021902,"event":{"mods":["Act Like it!","Aspiration","BaseMod","Downfall","Halation","Hubris","Infinite Spire","Marisa????????","Minty Spire (QoL Compilation)","Replay The Spire","StSLib","The Servant 0.9.4","Waifu the Spire"],"gold_per_floor":[112,112,112,129,146,180,180,192,268,298,62,87,101,31,31,129,229,246,246,261,261,261,261,286,286,286,304,304,317,335,350,350,448,448,461,472,526,526,546,573,573,608,635,264,284,284,298,226,226,226,226,226,81,109,109],"floor_reached":56,"language":"ENG","playtime":2996,"items_purged":["Parasite"],"score":1152,"play_id":"9b3c7d71-952f-4d00-af94-c509703c9165","local_time":"20210211163822","is_ascension_mode":true,"campfire_choices":[{"floor":7.0,"key":"RECALL"},{"data":"Defragment","floor":15.0,"key":"SMITH"},{"data":"ReplayRNGCard","floor":23.0,"key":"SMITH"},{"data":"hubris:PowerSurge","floor":28,"key":"SMITH"},{"data":"hubris:PowerSurge","floor":32,"key":"SMITH"},{"floor":41,"key":"REST"},{"floor":49,"key":"REST"},{"floor":52,"key":"REST"}],"circlet_count":0,"master_deck":["Strike_B","Strike_B","Strike_B","Strike_B","Defend_B","Defend_B","Defend_B","Defend_B","Zap+1","Dualcast","Ball Lightning","Conserve Battery","hubris:PowerSurge+1","hubris:PowerSurge+1","Reboot","Ball Lightning","aspiration:Polymerization","Defragment+1","Conserve Battery","Panic Button","hubris:SpecializedCircuitry","ReplayRNGCard+1","Ball Lightning+1","Defragment+1","downfall:Bewildered","BasicCrystalCard+1","BasicCrystalCard+1","Electrodynamics+1","Panic Button+1","Storm","Loop","Aggregate+1","Force Field","Coolheaded"],"relics":["Cracked Core","aspiration:Nostalgia","Sizzling Blood","halation:BottledLove","Solar Panel","hubris:PeanutButter","Lee\u0027s Waffle","infinitespire:Satchel","Replay:Wanted Poster","hubris:Towel","Bag of Preparation","sneckomod:BabySnecko","Fusion Hammer","halation:TwoAmDonut","infinitespire:EmpoweringShard","aspiration:FaultyCoupler","Regal Pillow","Runic Capacitor","halation:AfternoonTea","Meat on the Bone","ReplayFunnel","ReplayTheSpireMod:Shallot"],"acts_visited":["Exordium","TheCity","TheBeyond","TheEnding"],"potions_floor_usage":[27,31,33,55,55,55],"damage_taken":[{"damage":9.0,"enemies":"Jaw Worm","floor":1.0,"turns":3.0},{"damage":1.0,"enemies":"2 Louse","floor":4.0,"turns":3.0},{"damage":0.0,"enemies":"Cultist","floor":5.0,"turns":3.0},{"damage":2.0,"enemies":"3 Sentries","floor":6.0,"turns":3.0},{"damage":43.0,"enemies":"Gremlin Gang","floor":8.0,"turns":4.0},{"damage":10.0,"enemies":"Gremlin Nob","floor":10.0,"turns":3.0},{"damage":23.0,"enemies":"Lagavulin","floor":12.0,"turns":5.0},{"damage":0.0,"enemies":"Exordium Wildlife","floor":13.0,"turns":4.0},{"damage":0.0,"enemies":"Slime Boss","floor":16.0,"turns":5.0},{"damage":8.0,"enemies":"Shell Parasite","floor":18.0,"turns":4.0},{"damage":16.0,"enemies":"3 Byrds","floor":20.0,"turns":3.0},{"damage":14.0,"enemies":"Gremlin Leader","floor":24.0,"turns":3.0},{"damage":6,"enemies":"Shelled Parasite and Fungi","floor":27,"turns":5},{"damage":0,"enemies":"3 Cultists","floor":29,"turns":3},{"damage":23,"enemies":"Snake Plant","floor":30,"turns":3},{"damage":1,"enemies":"Centurion and Healer","floor":31,"turns":2},{"damage":16,"enemies":"Champ","floor":33,"turns":6},{"damage":0,"enemies":"3 Shapes","floor":35,"turns":2},{"damage":25,"enemies":"3 Darklings","floor":36,"turns":3},{"damage":4,"enemies":"Writhing Mass","floor":39,"turns":3},{"damage":16,"enemies":"Nemesis","floor":40,"turns":3},{"damage":17,"enemies":"R_Hoarder","floor":42,"turns":3},{"damage":0,"enemies":"4 Shapes","floor":45,"turns":2},{"damage":22,"enemies":"Maw","floor":47,"turns":3},{"damage":46,"enemies":"Replay:Hell Engine","floor":50,"turns":5},{"damage":29,"enemies":"Shield and Spear","floor":54,"turns":3},{"damage":4,"enemies":"The Heart","floor":55,"turns":7}],"seed_played":"-9177876900680766652","potions_obtained":[{"floor":4.0,"key":"Explosive Potion"},{"floor":6.0,"key":"champ:CounterPotion"},{"floor":10.0,"key":"Toxic Potion"},{"floor":13.0,"key":"infinitespire:BlackPotion"},{"floor":20.0,"key":"Reflective Coating"},{"floor":24,"key":"Reflective Coating"},{"floor":30,"key":"Strength Potion"},{"floor":33,"key":"Death Potion"},{"floor":35,"key":"EssenceOfDarkness"},{"floor":45,"key":"Flashbang"},{"floor":54,"key":"PotionOfCapacity"}],"is_trial":false,"path_per_floor":["M","?","?","M","M","E","R","M","T","E","$","E","M","$","R","B",null,"M","?","M","?","?","R","E","?","T","M","R","M","M","M","R","B",null,"M","M","?","?","M","E","R","E","T","$","M","T","M","$","R","B",null,"R","$","E","B",null],"character_chosen":"DEFECT","items_purchased":["Defragment","Lee\u0027s Waffle","hubris:SpecializedCircuitry","Runic Capacitor","halation:AfternoonTea","DuplicationPotion","ReplayFunnel"],"campfire_rested":3,"item_purchase_floors":[11,11,14,44,44,48,53],"current_hp_per_floor":[74,74,74,77,79,79,79,40,40,40,86,73,81,81,81,85,86,86,86,78,78,78,78,70,70,70,74,74,82,65,74,74,72,86,86,69,35,35,39,27,52,39,39,39,55,55,57,57,83,64,83,83,83,68,76],"gold":109,"neow_bonus":"NOSTALGIA","is_daily":false,"chose_seed":false,"campfire_upgraded":4,"win_rate":0.0,"timestamp":1613021902,"path_taken":["M","?","?","M","M","E","R","M","T","E","$","E","M","$","R","BOSS","M","?","?","?","?","R","E","?","T","M","R","M","M","M","R","BOSS","M","M","?","?","?","E","R","E","T","$","M","?","M","$","R","BOSS","R","$","E","BOSS"],"items_purchased_type":["Card","Relic","Card","Relic","Relic","Potion","Relic"],"build_version":"2020-12-18","purchased_purges":1,"victory":true,"max_hp_per_floor":[79,79,79,79,79,79,79,79,79,79,86,86,86,86,86,86,86,86,86,86,86,86,86,86,86,86,86,86,86,86,86,86,86,86,86,86,86,86,86,86,86,86,86,83,83,83,83,83,83,83,83,83,83,83,83],"card_choices":[{"not_picked":["Aggregate","Hologram"],"picked":"Ball Lightning","floor":1.0},{"not_picked":["Barrage","Go for the Eyes"],"picked":"hubris:PowerSurge","floor":4.0},{"not_picked":["Panic Button","Fusion"],"picked":"hubris:PowerSurge","floor":5.0},{"not_picked":["Gash","Genetic Algorithm"],"picked":"Reboot","floor":6.0},{"not_picked":["Redo","Stack"],"picked":"Ball Lightning","floor":8.0},{"not_picked":["Biased Cognition","Cold Snap"],"picked":"aspiration:Polymerization","floor":10.0},{"not_picked":["Compile Driver","Self Repair"],"picked":"Conserve Battery","floor":12.0},{"not_picked":["Consume","Turbo"],"picked":"Panic Button","floor":13.0},{"not_picked":["Meteor Strike","hubris:DoWhile"],"picked":"ReplayRNGCard","floor":16.0},{"not_picked":["Leap+1","Skim"],"picked":"Ball Lightning+1","floor":18.0},{"not_picked":["Barrage","Darkness","BootSequence"],"picked":"SKIP","floor":20.0},{"not_picked":["Reinforced Body","Leap","hubris:Prefetch"],"picked":"SKIP","floor":24},{"not_picked":["Steam+1","Sweeping Beam"],"picked":"BasicCrystalCard+1","floor":27},{"not_picked":["Recycle","Stack+1","Ball Lightning"],"picked":"SKIP","floor":29},{"not_picked":["Hologram+1","Sunder","Self Repair"],"picked":"SKIP","floor":30},{"not_picked":["Hyperbeam","Self Repair"],"picked":"BasicCrystalCard+1","floor":31},{"not_picked":["Hyperbeam","Echo Form"],"picked":"Electrodynamics","floor":33},{"not_picked":["Time Bomb","Rebound","Gash+1"],"picked":"SKIP","floor":35},{"not_picked":["Beam Cell","Reprogram","Hologram+1"],"picked":"SKIP","floor":36},{"not_picked":["Cold Snap+1","Fission"],"picked":"Panic Button+1","floor":37},{"not_picked":["Barrage","Reinforced Body+1","Steam+1"],"picked":"SKIP","floor":39},{"not_picked":["Streamline+1","Panic Button"],"picked":"Storm","floor":40},{"not_picked":["Coolheaded","Ball Lightning+1"],"picked":"Loop","floor":42},{"not_picked":["ReplayTheSpireMod:Reroute Power+1","Rip and Tear"],"picked":"Aggregate+1","floor":45},{"not_picked":["Conserve Battery","Sweeping Beam"],"picked":"Force Field","floor":47},{"not_picked":["Steam+1","Ball Lightning+1"],"picked":"Coolheaded","floor":54}],"player_experience":284794,"relics_obtained":[{"floor":6.0,"key":"halation:BottledLove"},{"floor":9.0,"key":"Solar Panel"},{"floor":10.0,"key":"hubris:PeanutButter"},{"floor":12.0,"key":"infinitespire:Satchel"},{"floor":24,"key":"Bag of Preparation"},{"floor":37,"key":"halation:TwoAmDonut"},{"floor":40,"key":"infinitespire:EmpoweringShard"},{"floor":42,"key":"aspiration:FaultyCoupler"},{"floor":43,"key":"Regal Pillow"},{"floor":46,"key":"Meat on the Bone"},{"floor":54,"key":"ReplayTheSpireMod:Shallot"}],"event_choices":[{"damage_healed":0.0,"max_hp_gain":0.0,"max_hp_loss":0.0,"gold_gain":0.0,"event_name":"Upgrade Shrine","player_choice":"Upgraded","floor":3.0,"gold_loss":0.0,"damage_taken":0.0,"cards_upgraded":["Zap"]},{"damage_healed":0.0,"max_hp_gain":0.0,"max_hp_loss":0.0,"gold_gain":0.0,"event_name":"Duplicator","player_choice":"Copied","floor":19.0,"gold_loss":0.0,"damage_taken":0.0,"cards_obtained":["Defragment"]},{"damage_healed":0.0,"max_hp_gain":0.0,"max_hp_loss":0.0,"gold_gain":0.0,"event_name":"Ghosts","player_choice":"Ignored","floor":22.0,"gold_loss":0.0,"damage_taken":0.0},{"damage_healed":0,"gold_gain":0,"player_choice":"Upgraded","damage_taken":0,"max_hp_gain":0,"max_hp_loss":0,"event_name":"Upgrade Shrine","floor":38,"gold_loss":0,"cards_upgraded":["Electrodynamics"]}],"is_beta":true,"boss_relics":[{"not_picked":["Kintsugi","halation:PinkAlligatorPlush"],"picked":"Replay:Wanted Poster"},{"not_picked":["Black Star","hubris:RunicObelisk"],"picked":"Fusion Hammer"}],"items_purged_floors":[44],"is_endless":false,"potions_floor_spawned":[4,6,10,13,20,24,30,33,35,45,54],"ascension_level":2}}