{"host":"1xo5g347e5o4auts","time":1613064850,"event":{"mods":["BaseMod","Minty Spire (QoL Compilation)","Permanent Neow","StSLib"],"gold_per_floor":[363,363,382,394,411,411,446,446,446,49,49,49],"floor_reached":11,"language":"ENG","playtime":255,"items_purged":["Strike_R"],"score":146,"play_id":"b79bf5bb-f9c2-48e3-b7e2-7cb20ebb6f56","local_time":"20210211193410","is_ascension_mode":true,"campfire_choices":[{"data":"Bash","floor":6,"key":"SMITH"}],"circlet_count":0,"master_deck":["AscendersBane","Strike_R","Strike_R","Strike_R","Strike_R+1","Defend_R","Defend_R","Defend_R","Defend_R","Bash+1","Perfected Strike+1","Battle Trance","Thunderclap+1","Reaper"],"relics":["Burning Blood","Sundial","Champion Belt","Gambling Chip"],"acts_visited":["Exordium"],"potions_floor_usage":[7,11],"damage_taken":[{"damage":9,"enemies":"2 Louse","floor":1,"turns":4},{"damage":1,"enemies":"Cultist","floor":3,"turns":3},{"damage":6,"enemies":"Small Slimes","floor":4,"turns":4},{"damage":2,"enemies":"2 Fungi Beasts","floor":5,"turns":3},{"damage":10,"enemies":"Lagavulin","floor":7,"turns":5},{"damage":20,"enemies":"3 Sentries","floor":11,"turns":5}],"seed_played":"-3028247524479887815","potions_obtained":[{"floor":4,"key":"DistilledChaos"},{"floor":7,"key":"SneckoOil"}],"is_trial":false,"path_per_floor":["M","?","M","M","M","R","E","?","T","$","E"],"character_chosen":"IRONCLAD","items_purchased":["Gambling Chip"],"campfire_rested":0,"item_purchase_floors":[10],"current_hp_per_floor":[65,65,68,68,68,68,64,44,44,44,38,38],"gold":49,"neow_bonus":"TWO_FIFTY_GOLD","is_daily":false,"chose_seed":false,"campfire_upgraded":1,"win_rate":0.0,"timestamp":1613064850,"path_taken":["M","?","?","M","M","R","E","?","T","$","E"],"items_purchased_type":["Relic"],"build_version":"2020-12-22","purchased_purges":1,"victory":false,"max_hp_per_floor":[68,68,68,68,68,68,68,68,68,68,68,68],"card_choices":[{"not_picked":["Iron Wave","True Grit"],"picked":"Perfected Strike","floor":1},{"not_picked":["Dark Embrace","Heavy Blade"],"picked":"Battle Trance","floor":3},{"not_picked":["Clash","Heavy Blade","Thunderclap"],"picked":"SKIP","floor":4},{"not_picked":["Clash","Heavy Blade"],"picked":"Thunderclap","floor":4},{"not_picked":["Ghostly Armor","Flex"],"picked":"Reaper","floor":5},{"not_picked":["Flex","Ghostly Armor","Pummel"],"picked":"SKIP","floor":7}],"player_experience":1478941,"relics_obtained":[{"floor":7,"key":"Sundial"},{"floor":9,"key":"Champion Belt"}],"event_choices":[{"damage_healed":0,"gold_gain":0,"player_choice":"Upgraded","damage_taken":0,"max_hp_gain":0,"max_hp_loss":0,"event_name":"Upgrade Shrine","floor":2,"gold_loss":0,"cards_upgraded":["Perfected Strike"]},{"damage_healed":0,"gold_gain":0,"player_choice":"Entered Light","damage_taken":20,"max_hp_gain":0,"max_hp_loss":0,"event_name":"Shining Light","floor":8,"gold_loss":0,"cards_upgraded":["Strike_R","Thunderclap"]}],"is_beta":false,"boss_relics":[],"items_purged_floors":[10],"is_endless":false,"potions_floor_spawned":[4,7],"killed_by":"3 Sentries","ascension_level":20}}