{"host":"Lucas","time":1613083377,"event":{"mods":["BaseMod","Downfall","Minty Spire (QoL Compilation)","READ ME - Guardian Mod","StSLib","The Cursed","The Disciple","The Necromancer","The Servant 0.9.4"],"gold_per_floor":[99,118,103,123,137,122,168,168,200,200,200,212,212,104,121,218,218,218,235,235,220,236,236,236,236],"floor_reached":23,"language":"ENG","playtime":1522,"items_purged":[],"score":208,"play_id":"f285a5f4-6c5c-4638-aeec-b1f09e1f2f4e","local_time":"20210211224257","is_ascension_mode":true,"campfire_choices":[{"data":"bronze:Replicate","floor":1.0,"key":"SMITH"},{"data":"bronze:SpaghettiCode","floor":13.0,"key":"SMITH"},{"data":"expansioncontent:PrepareCrush","floor":18.0,"key":"SMITH"}],"circlet_count":0,"master_deck":["bronze:Strike","bronze:Strike","bronze:Strike","bronze:Strike","bronze:Defend","bronze:Defend","bronze:Defend","bronze:Defend","bronze:Replicate+1","bronze:Goto","bronze:Constructor","bronze:CloningBeam","bronze:Separator","bronze:Repair","bronze:SpaghettiCode+1","Parasite","bronze:FineTuning","bronze:Philosophize","bronze:HardenedForm+1","expansioncontent:PrepareCrush+1","bronze:Boost","bronze:CleanCode+1","bronze:BronzeOrb","bronze:Branch","bronze:Separator"],"relics":["bronze:BronzeCore","Regal Pillow","Ancient Tea Set","Letter Opener","Frozen Egg 2","bronze:MakeshiftBattery"],"acts_visited":["Exordium","TheCity"],"potions_floor_usage":[23,23],"damage_taken":[{"damage":0.0,"enemies":"Small Slimes","floor":2.0,"turns":3.0},{"damage":0.0,"enemies":"downfall:FleeingMerchant","floor":3.0,"turns":4.0},{"damage":18.0,"enemies":"Jaw Worm","floor":4.0,"turns":4.0},{"damage":0.0,"enemies":"Cultist","floor":5.0,"turns":3.0},{"damage":10.0,"enemies":"downfall:FleeingMerchant","floor":6.0,"turns":4.0},{"damage":3.0,"enemies":"3 Sentries","floor":9.0,"turns":6.0},{"damage":15.0,"enemies":"Lots of Slimes","floor":12.0,"turns":2.0},{"damage":4.0,"enemies":"downfall:FleeingMerchant","floor":14.0,"turns":4.0},{"damage":7.0,"enemies":"Gremlin Gang","floor":15.0,"turns":2.0},{"damage":38.0,"enemies":"WA_ARCHETYPE_RETAIN","floor":16.0,"turns":7.0},{"damage":12.0,"enemies":"Shell Parasite","floor":19.0,"turns":7.0},{"damage":1.0,"enemies":"downfall:FleeingMerchant","floor":21.0,"turns":4.0},{"damage":12.0,"enemies":"3 Cultists","floor":22.0,"turns":4.0},{"damage":79,"enemies":"Gremlin Leader","floor":23,"turns":8}],"seed_played":"2971900383949482926","potions_obtained":[{"floor":4.0,"key":"Fire Potion"},{"floor":12.0,"key":"AttackPotion"},{"floor":15.0,"key":"SpeedPotion"},{"floor":22.0,"key":"BlessingOfTheForge"}],"is_trial":false,"path_per_floor":["R","M","$","M","M","$","T","?","E","?","T","M","R","$","M","B",null,"R","M","?","$","M","E"],"character_chosen":"THE_AUTOMATON","items_purchased":["expansioncontent:PrepareCrush"],"campfire_rested":0,"item_purchase_floors":[14],"current_hp_per_floor":[70,70,70,52,52,56,56,70,70,70,70,55,55,58,51,20,70,70,66,66,70,58,0,0,0],"gold":236,"neow_bonus":"RANDOM_COMMON_RELIC","is_daily":false,"chose_seed":false,"campfire_upgraded":3,"win_rate":0.0,"timestamp":1613083377,"path_taken":["R","M","$","M","M","$","T","?","E","?","?","M","R","$","M","BOSS","R","M","?","$","M","E"],"items_purchased_type":["Card"],"build_version":"2020-12-18","purchased_purges":0,"victory":false,"max_hp_per_floor":[70,70,70,70,70,70,70,70,70,70,70,70,70,70,70,70,70,70,70,70,70,70,70,70,70],"card_choices":[{"not_picked":["bronze:BugBarrage","bronze:BronzeArmor"],"picked":"bronze:Constructor","floor":2.0},{"not_picked":["bronze:BitShift","bronze:WhirlingStrike"],"picked":"bronze:CloningBeam","floor":3.0},{"not_picked":["bronze:Deprecate","bronze:Backtrace"],"picked":"bronze:Separator","floor":4.0},{"not_picked":["bronze:InfiniteBeams","bronze:Backtrace"],"picked":"bronze:Repair","floor":5.0},{"not_picked":["bronze:OilSpill","bronze:Philosophize"],"picked":"bronze:SpaghettiCode","floor":6.0},{"not_picked":["bronze:SpaghettiCode","bronze:ForLoop"],"picked":"bronze:FineTuning","floor":9.0},{"not_picked":["bronze:FollowUp","bronze:Invalidate"],"picked":"bronze:Philosophize","floor":12.0},{"not_picked":["bronze:WildBeam","bronze:Overheat"],"picked":"bronze:HardenedForm+1","floor":14.0},{"not_picked":["bronze:Overload","bronze:CutThrough"],"picked":"bronze:Boost","floor":15.0},{"not_picked":["bronze:Format","bronze:HyperBeam"],"picked":"bronze:CleanCode+1","floor":16.0},{"not_picked":["bronze:Turbo","bronze:Iterate"],"picked":"bronze:BronzeOrb","floor":19.0},{"not_picked":["bronze:DelayedGuard","bronze:Turbo"],"picked":"bronze:Branch","floor":21.0},{"not_picked":["bronze:Allocate+1","bronze:Branch"],"picked":"bronze:Separator","floor":22.0}],"player_experience":1316655,"relics_obtained":[{"floor":7.0,"key":"Ancient Tea Set"},{"floor":9.0,"key":"Letter Opener"},{"floor":11.0,"key":"Frozen Egg 2"}],"event_choices":[{"damage_healed":17.0,"max_hp_gain":0.0,"max_hp_loss":0.0,"gold_gain":0.0,"event_name":"Mushrooms","player_choice":"Healed and dodged fight","floor":8.0,"gold_loss":0.0,"damage_taken":0.0,"cards_obtained":["Parasite"]},{"damage_healed":0.0,"max_hp_gain":0.0,"max_hp_loss":0.0,"gold_gain":0.0,"event_name":"Vampires","player_choice":"Ignored","floor":20.0,"gold_loss":0.0,"damage_taken":0.0}],"is_beta":true,"boss_relics":[{"not_picked":["SlaversCollar","Philosopher\u0027s Stone"],"picked":"bronze:MakeshiftBattery"}],"items_purged_floors":[],"is_endless":false,"potions_floor_spawned":[4,12,15,22],"killed_by":"Gremlin Leader","ascension_level":2}}