{"host":"4eao2pkwlmv012cz","time":1613032123,"event":{"mods":["BaseMod","Colored Powertips","Minty Spire (QoL Compilation)","Permanent Neow","Quick Restart","Random Character Button","StSLib"],"gold_per_floor":[209,43,61,77,88,88,113,113,139,171,171,198,214,214,214,290,290,268,268,268,287,83,83,94,94,94,127,145,145,145,157,157,157,157],"floor_reached":33,"language":"ENG","playtime":920,"items_purged":["Strike_B"],"score":570,"play_id":"891d5027-1c38-46df-bd74-130ed7f48f27","local_time":"20210211032843","is_ascension_mode":true,"campfire_choices":[{"floor":6.0,"key":"REST"},{"floor":8.0,"key":"REST"},{"floor":11.0,"key":"REST"},{"data":"Capacitor","floor":15.0,"key":"SMITH"},{"data":"Rainbow","floor":23.0,"key":"SMITH"},{"data":"Biased Cognition","floor":25.0,"key":"SMITH"},{"floor":30,"key":"REST"},{"data":"Chaos","floor":32,"key":"SMITH"}],"circlet_count":0,"master_deck":["AscendersBane","Strike_B","Strike_B","Strike_B","Defend_B","Defend_B","Defend_B","Defend_B","Zap","Dualcast","Compile Driver","Capacitor+1","Ball Lightning","Static Discharge","Conserve Battery","Coolheaded","Defragment","Sweeping Beam+1","Biased Cognition+1","Barrage","BootSequence","Rainbow+1","Chaos+1","Chill","Capacitor+1","Cold Snap","Lockon+1","Lockon+1","Static Discharge+1","Redo+1","Steam+1","Barrage","Coolheaded+1","Loop+1"],"relics":["Cracked Core","Akabeko","Anchor","Juzu Bracelet","Prayer Wheel","Sozu","ClockworkSouvenir","Mercury Hourglass","Whetstone","Tiny Chest"],"acts_visited":["Exordium","TheCity"],"potions_floor_usage":[],"damage_taken":[{"damage":1.0,"enemies":"Cultist","floor":1.0,"turns":3.0},{"damage":10.0,"enemies":"2 Louse","floor":3.0,"turns":2.0},{"damage":12.0,"enemies":"Small Slimes","floor":4.0,"turns":2.0},{"damage":20.0,"enemies":"3 Louse","floor":5.0,"turns":3.0},{"damage":17.0,"enemies":"Lagavulin","floor":7.0,"turns":6.0},{"damage":16.0,"enemies":"Gremlin Nob","floor":10.0,"turns":4.0},{"damage":18.0,"enemies":"Lagavulin","floor":12.0,"turns":7.0},{"damage":0.0,"enemies":"Large Slime","floor":13.0,"turns":3.0},{"damage":18.0,"enemies":"Hexaghost","floor":16.0,"turns":9.0},{"damage":0.0,"enemies":"2 Thieves","floor":18.0,"turns":4.0},{"damage":4.0,"enemies":"3 Byrds","floor":21.0,"turns":3.0},{"damage":6.0,"enemies":"3 Cultists","floor":24.0,"turns":5.0},{"damage":17,"enemies":"Gremlin Leader","floor":27,"turns":4},{"damage":6,"enemies":"Cultist and Chosen","floor":28,"turns":4},{"damage":12,"enemies":"Chosen and Byrds","floor":31,"turns":4},{"damage":40,"enemies":"Collector","floor":33,"turns":5}],"seed_played":"2231834222443049127","potions_obtained":[{"floor":4.0,"key":"PotionOfCapacity"},{"floor":7.0,"key":"Block Potion"},{"floor":10.0,"key":"DuplicationPotion"},{"floor":13.0,"key":"Block Potion"},{"floor":14.0,"key":"PotionOfCapacity"}],"is_trial":false,"path_per_floor":["M","$","M","M","M","R","E","R","T","E","R","E","M","?","R","B",null,"M","$","?","M","$","R","M","R","T","E","M","?","R","M","R","B"],"character_chosen":"DEFECT","items_purchased":["Capacitor","Ball Lightning","ClockworkSouvenir","Lockon"],"campfire_rested":4,"item_purchase_floors":[2,2,22,22],"current_hp_per_floor":[63,63,53,41,21,42,25,46,46,30,51,33,33,33,33,15,57,57,57,57,53,53,53,47,47,47,30,24,24,45,33,33,0,0],"gold":157,"neow_bonus":"HUNDRED_GOLD","is_daily":false,"chose_seed":false,"campfire_upgraded":4,"win_rate":0.0,"timestamp":1613032123,"path_taken":["M","$","M","M","?","R","E","R","T","E","R","E","M","?","R","BOSS","M","$","?","M","$","R","M","R","T","E","M","?","R","M","R","BOSS"],"items_purchased_type":["Card","Card","Relic","Card"],"build_version":"2020-12-22","purchased_purges":1,"victory":false,"max_hp_per_floor":[71,71,71,71,71,71,71,71,71,71,71,71,71,71,71,71,71,71,71,71,71,71,71,71,71,71,71,71,71,71,71,71,71,71],"card_choices":[{"not_picked":["Rebound","Redo"],"picked":"Compile Driver","floor":1.0},{"not_picked":["Aggregate","Hello World"],"picked":"Static Discharge","floor":3.0},{"not_picked":["Darkness","Turbo"],"picked":"Conserve Battery","floor":4.0},{"not_picked":["Hologram","Sweeping Beam"],"picked":"Coolheaded","floor":5.0},{"not_picked":["Sunder","Rebound"],"picked":"Defragment","floor":7.0},{"not_picked":["Tempest","Recycle"],"picked":"Sweeping Beam","floor":10.0},{"not_picked":["Hologram","Defragment"],"picked":"Biased Cognition","floor":12.0},{"not_picked":["Turbo","Reprogram"],"picked":"Barrage","floor":13.0},{"not_picked":["Compile Driver","Sweeping Beam"],"picked":"BootSequence","floor":13.0},{"not_picked":["All For One","Hyperbeam"],"picked":"Rainbow","floor":16.0},{"not_picked":["Steam","Leap"],"picked":"Chaos","floor":18.0},{"not_picked":["Leap","Loop"],"picked":"Chill","floor":18.0},{"not_picked":["Turbo","Compile Driver"],"picked":"Capacitor+1","floor":21.0},{"not_picked":["Tempest","Coolheaded"],"picked":"Cold Snap","floor":21.0},{"not_picked":["Redo","Chaos"],"picked":"Lockon+1","floor":24.0},{"not_picked":["Leap","Rebound"],"picked":"Static Discharge+1","floor":24.0},{"not_picked":["Reprogram","BootSequence"],"picked":"Redo+1","floor":27},{"not_picked":["Aggregate","Sweeping Beam"],"picked":"Steam+1","floor":28},{"not_picked":["Beam Cell","Redo"],"picked":"Barrage","floor":28},{"not_picked":["Tempest","Beam Cell"],"picked":"Coolheaded+1","floor":31},{"not_picked":["Steam Power","Amplify"],"picked":"Loop+1","floor":31}],"player_experience":2924593,"relics_obtained":[{"floor":7.0,"key":"Akabeko"},{"floor":9.0,"key":"Anchor"},{"floor":10.0,"key":"Juzu Bracelet"},{"floor":12.0,"key":"Prayer Wheel"},{"floor":26.0,"key":"Mercury Hourglass"},{"floor":27,"key":"Whetstone"},{"floor":29,"key":"Tiny Chest"}],"event_choices":[{"damage_healed":0.0,"max_hp_gain":0.0,"max_hp_loss":0.0,"gold_gain":0.0,"event_name":"Lab","player_choice":"Got Potions","floor":14.0,"gold_loss":0.0,"damage_taken":0.0},{"damage_healed":0.0,"max_hp_gain":0.0,"max_hp_loss":0.0,"gold_gain":0.0,"event_name":"Vampires","player_choice":"Ignored","floor":20.0,"gold_loss":0.0,"damage_taken":0.0},{"damage_healed":0,"gold_gain":0,"player_choice":"Relic","damage_taken":0,"max_hp_gain":0,"max_hp_loss":0,"event_name":"Wheel of Change","floor":29,"gold_loss":0}],"is_beta":false,"boss_relics":[{"not_picked":["Pandora\u0027s Box","Black Star"],"picked":"Sozu"}],"items_purged_floors":[2],"is_endless":false,"potions_floor_spawned":[4,7,10,13,18,24],"killed_by":"Collector","ascension_level":20}}