{"host":"nlbr7nnijupf3yfg","time":1613078672,"event":{"mods":["AchievementEnabler","BaseMod","Colored Powertips","Hubris","Minty Spire (QoL Compilation)","Replay The Spire","StSLib","SuperFastMode"],"gold_per_floor":[116,191,209,209,220,220,246,246,270,270,310,337,337,370,370,482,482,527,626,626,149,149,197,197,358,435,435,475,148,148,190,190,420,420,447,447],"floor_reached":35,"language":"ENG","playtime":630,"items_purged":["hubris:Disease"],"score":628,"play_id":"c4682b02-47ef-49ad-a514-f261ab132542","local_time":"20210211162432","is_ascension_mode":true,"campfire_choices":[{"floor":6,"key":"REST"},{"floor":10,"key":"REST"},{"floor":13,"key":"REST"},{"floor":15,"key":"REST"},{"floor":24,"key":"REST"},{"floor":27,"key":"REST"},{"floor":32,"key":"REST"}],"circlet_count":0,"master_deck":["Strike_R+1","Strike_R+1","Strike_R+1","Strike_R+1","Strike_R+1","Defend_R+1","Defend_R+1","Defend_R+1","Defend_R+1","Bash","Dropkick+1","Clothesline","Cleave","Searing Blow","Shrug It Off","Offering","Cleave+1","Pommel Strike","Anger+1","Havoc+1","Havoc+1","Metallicize","Feed+1"],"relics":["Fusion Hammer","ReplayTheSpireMod:CursedCoin","hubris:Icosahedron","Replay:Bandana","Happy Flower","hubris:ChampionShield","hubris:GrandSneckoEye","Gremlin Horn","hubris:EmptyBottle","Blue Doll","Dream Catcher","Golden Egg","Chameleon Ring","Nilry\u0027s Codex","ChewingGum"],"acts_visited":["Exordium","TheCity","TheBeyond"],"potions_floor_usage":[16,18,23,25,31,33,33,33],"damage_taken":[{"damage":1,"enemies":"Cultist","floor":1,"turns":3},{"damage":0,"enemies":"Small Slimes","floor":3,"turns":2},{"damage":0,"enemies":"2 Louse","floor":5,"turns":2},{"damage":31,"enemies":"Lagavulin","floor":7,"turns":6},{"damage":3,"enemies":"Lots of Slimes","floor":11,"turns":3},{"damage":1,"enemies":"Exordium Wildlife","floor":14,"turns":3},{"damage":30,"enemies":"The Guardian","floor":16,"turns":11},{"damage":21,"enemies":"3 Byrds","floor":18,"turns":4},{"damage":24,"enemies":"Book of Stabbing","floor":23,"turns":4},{"damage":22,"enemies":"Slavers","floor":25,"turns":3},{"damage":7,"enemies":"Chosen","floor":28,"turns":3},{"damage":6,"enemies":"Snecko","floor":31,"turns":3},{"damage":56,"enemies":"Collector","floor":33,"turns":9},{"damage":75,"enemies":"3 Shapes","floor":35,"turns":3}],"seed_played":"7566931298028567800","potions_obtained":[{"floor":1,"key":"BloodPotion"},{"floor":11,"key":"Doom Potion"},{"floor":14,"key":"Flashbang"},{"floor":16,"key":"Swift Potion"},{"floor":33,"key":"SteroidPotion"}],"is_trial":false,"path_per_floor":["M","$","M","?","M","R","E","?","T","R","M","T","R","M","R","B",null,"M","?","?","$","?","E","R","E","T","R","M","$","?","M","R","B",null,"M"],"character_chosen":"IRONCLAD","items_purchased":["ReplayTheSpireMod:CursedCoin","Gremlin Horn","hubris:EmptyBottle","DuplicationPotion","Chameleon Ring","Havoc","Fire Potion"],"campfire_rested":7,"item_purchase_floors":[2,21,21,21,29,29,29],"current_hp_per_floor":[71,71,71,71,71,80,49,49,49,73,70,70,80,79,80,50,73,52,52,52,52,52,28,52,30,30,54,47,47,31,49,73,41,70,0,0],"gold":447,"neow_bonus":"BOSS_RELIC","is_daily":false,"chose_seed":false,"campfire_upgraded":0,"win_rate":0.0,"timestamp":1613078672,"path_taken":["M","?","?","?","M","R","E","?","T","R","?","?","R","M","R","BOSS","M","?","?","$","?","E","R","E","T","R","M","$","?","M","R","BOSS","M"],"items_purchased_type":["Relic","Relic","Relic","Potion","Relic","Card","Potion"],"build_version":"2020-12-22","purchased_purges":1,"victory":false,"max_hp_per_floor":[80,80,80,80,80,80,80,80,80,80,80,80,80,80,80,80,80,80,80,80,80,80,80,80,80,80,80,80,80,80,80,80,80,80,80,80],"card_choices":[{"not_picked":["Intimidate","ReplayTheSpireMod:LeadingStrike"],"picked":"Dropkick","floor":1},{"not_picked":["Blood for Blood","Perfected Strike"],"picked":"Clothesline","floor":3},{"not_picked":["Disarm","Evolve"],"picked":"Cleave","floor":5},{"not_picked":["ReplayReversal","Life Link","Rupture"],"picked":"SKIP","floor":7},{"not_picked":["Headbutt","Feel No Pain"],"picked":"Searing Blow","floor":11},{"not_picked":["Flex","ReplayTheSpireMod:Muscle Training"],"picked":"Shrug It Off","floor":14},{"not_picked":["Corruption","Hemogenesis"],"picked":"Offering","floor":16},{"not_picked":["ReplayTheSpireMod:LeadingStrike+1","Second Wind"],"picked":"Cleave+1","floor":18},{"not_picked":["Hemokinesis","hubris:SharpeningStone"],"picked":"Pommel Strike","floor":23},{"not_picked":["Evolve","Iron Wave"],"picked":"Anger+1","floor":25},{"not_picked":["hubris:CleavingFinish","Intimidate","Power Through"],"picked":"SKIP","floor":28},{"not_picked":["Havoc","Clash"],"picked":"Metallicize","floor":31},{"not_picked":["Replay:Many Hands","hubris:StunningStrike"],"picked":"Feed","floor":33}],"player_experience":51660,"relics_obtained":[{"floor":7,"key":"Replay:Bandana"},{"floor":9,"key":"Happy Flower"},{"floor":12,"key":"hubris:ChampionShield"},{"floor":23,"key":"Blue Doll"},{"floor":25,"key":"Dream Catcher"},{"floor":26,"key":"Golden Egg"},{"floor":30,"key":"Nilry\u0027s Codex"}],"event_choices":[{"damage_healed":0,"gold_gain":0,"player_choice":"Upgraded","damage_taken":0,"max_hp_gain":0,"max_hp_loss":0,"event_name":"Upgrade Shrine","floor":8,"gold_loss":0,"cards_upgraded":["Dropkick"]},{"damage_healed":0,"gold_gain":99,"player_choice":"Stole From Cult","damage_taken":0,"max_hp_gain":0,"max_hp_loss":0,"event_name":"Nest","floor":19,"gold_loss":0},{"damage_healed":0,"gold_gain":0,"player_choice":"Ignored","damage_taken":0,"max_hp_gain":0,"max_hp_loss":0,"event_name":"Vampires","floor":20,"gold_loss":0},{"damage_healed":0,"gold_gain":0,"player_choice":"Simplicity","damage_taken":0,"max_hp_gain":0,"max_hp_loss":0,"event_name":"Back to Basics","floor":22,"gold_loss":0,"cards_upgraded":["Strike_R","Strike_R","Strike_R","Strike_R","Strike_R","Defend_R","Defend_R","Defend_R","Defend_R"]},{"damage_healed":0,"gold_gain":0,"player_choice":"Obtained Book","damage_taken":16,"max_hp_gain":0,"max_hp_loss":0,"event_name":"Cursed Tome","floor":30,"gold_loss":0}],"is_beta":false,"boss_relics":[{"not_picked":["hubris:CrackedHourglass","Replay:Ancient Bell"],"picked":"hubris:GrandSneckoEye"},{"not_picked":["Black Star","Philosopher\u0027s Stone"],"picked":"ChewingGum"}],"items_purged_floors":[2],"is_endless":false,"potions_floor_spawned":[1,11,14,16,23,31,33],"killed_by":"3 Shapes","ascension_level":9}}