{"host":"za1qviwhp34x909e","time":1613046176,"event":{"mods":["BaseMod","Colored Map","Colored Powertips","Highlight Path","Minty Spire (QoL Compilation)","Quick Restart"],"gold_per_floor":[165,165,185,201,161,196,196,215,215,69,87,127,127,471,471,471,471],"floor_reached":16,"language":"ENG","playtime":487,"items_purged":[],"score":174,"play_id":"9957e288-0766-478c-af7d-41623e963be9","local_time":"20210211062256","is_ascension_mode":true,"campfire_choices":[{"data":"Perfected Strike","floor":7,"key":"SMITH"},{"data":"Perfected Strike","floor":13,"key":"SMITH"},{"floor":15,"key":"REST"}],"circlet_count":0,"master_deck":["Strike_R","Strike_R+1","Strike_R","Strike_R","Strike_R","Defend_R","Defend_R","Defend_R","Defend_R","Bash","Perfected Strike+1","Perfected Strike+1","Wild Strike","Thunderclap","Reaper","Metallicize","Warcry","Flame Barrier","Infernal Blade"],"relics":["Tiny House","Golden Idol","Gremlin Horn","Du-Vu Doll","Oddly Smooth Stone","Charon\u0027s Ashes","Old Coin"],"acts_visited":["Exordium"],"potions_floor_usage":[6,6,11,12,14],"damage_taken":[{"damage":2,"enemies":"Jaw Worm","floor":1,"turns":3},{"damage":0,"enemies":"Small Slimes","floor":3,"turns":3},{"damage":0,"enemies":"Cultist","floor":4,"turns":2},{"damage":35,"enemies":"Lagavulin","floor":6,"turns":4},{"damage":3,"enemies":"Blue Slaver","floor":8,"turns":2},{"damage":38,"enemies":"Large Slime","floor":11,"turns":4},{"damage":5,"enemies":"Gremlin Nob","floor":12,"turns":3},{"damage":22,"enemies":"Lagavulin","floor":14,"turns":5},{"damage":28,"enemies":"Hexaghost","floor":16,"turns":9}],"seed_played":"-6112750360956877151","potions_obtained":[{"floor":0,"key":"PowerPotion"},{"floor":1,"key":"Regen Potion"},{"floor":5,"key":"LiquidMemories"},{"floor":8,"key":"Regen Potion"},{"floor":11,"key":"Dexterity Potion"},{"floor":12,"key":"PowerPotion"},{"floor":14,"key":"Block Potion"}],"is_trial":false,"path_per_floor":["M","?","M","M","?","E","R","M","T","$","M","E","R","E","R","B"],"character_chosen":"IRONCLAD","items_purchased":["Oddly Smooth Stone"],"campfire_rested":1,"item_purchase_floors":[10],"current_hp_per_floor":[75,75,75,75,75,48,48,45,45,45,27,22,22,6,29,5,5],"gold":471,"neow_bonus":"BOSS_RELIC","is_daily":false,"chose_seed":false,"campfire_upgraded":2,"win_rate":0.0,"timestamp":1613046176,"path_taken":["M","?","M","M","?","E","R","M","T","$","M","E","R","E","R","BOSS"],"items_purchased_type":["Relic"],"build_version":"2020-12-22","purchased_purges":0,"victory":false,"max_hp_per_floor":[85,79,79,79,79,79,79,79,79,79,79,79,79,79,79,79,79],"card_choices":[{"not_picked":["Headbutt","Burning Pact"],"picked":"Perfected Strike","floor":0},{"not_picked":["Pommel Strike","Headbutt"],"picked":"Perfected Strike","floor":1},{"not_picked":["Heavy Blade","Headbutt"],"picked":"Wild Strike","floor":3},{"not_picked":["Shockwave","Intimidate"],"picked":"Thunderclap","floor":4},{"not_picked":["Combust","True Grit"],"picked":"Reaper","floor":6},{"not_picked":["Anger","Sever Soul"],"picked":"Metallicize","floor":8},{"not_picked":["Entrench","Flex"],"picked":"Warcry","floor":11},{"not_picked":["Armaments","Flex"],"picked":"Flame Barrier","floor":12},{"not_picked":["Corruption","True Grit"],"picked":"Infernal Blade","floor":14}],"player_experience":674600,"relics_obtained":[{"floor":6,"key":"Gremlin Horn"},{"floor":9,"key":"Du-Vu Doll"},{"floor":12,"key":"Charon\u0027s Ashes"},{"floor":14,"key":"Old Coin"}],"event_choices":[{"damage_healed":0,"gold_gain":0,"player_choice":"Lose Max HP","damage_taken":0,"relics_obtained":["Golden Idol"],"max_hp_gain":0,"max_hp_loss":6,"event_name":"Golden Idol","floor":2,"gold_loss":0},{"damage_healed":0,"gold_gain":0,"player_choice":"Bought 3 Potions","damage_taken":0,"max_hp_gain":0,"max_hp_loss":0,"event_name":"The Woman in Blue","floor":5,"gold_loss":0}],"is_beta":false,"boss_relics":[],"items_purged_floors":[],"is_endless":false,"potions_floor_spawned":[1,8,11,12,14],"killed_by":"Hexaghost","ascension_level":9}}