{"host":"684z1xpuwaoqmmh1","time":1613053281,"event":{"mods":["A Magickal Journey","BaseMod","Downfall","Hermit","Jorbs\u0027s Wanderer Trilogy","Marisa????????","Minty Spire (QoL Compilation)","Robot Space Explorer","Shade Mod","StSLib","The Bug Knight","The Dragon Tamer","The Elementalist","The Hayseed","The Hierophant","The Marked","The Mystic","The Runesmith","The Saiyan","The Senshi","The Spell Scribe","The Vixen","TheBandit","TheFirefly"],"gold_per_floor":[113,129,139,150,75,103,103,133,133,133,158,176,207,225,225,303,303,321,334,334,344,361,396,311,311,311,330,355,355,373,401,401,401,401],"floor_reached":33,"language":"ENG","playtime":3532,"items_purged":[],"score":655,"play_id":"a5640d03-ae45-44b7-a3dd-5a10d2598f78","local_time":"20210211162121","is_ascension_mode":true,"campfire_choices":[{"data":"theSenshi:TuxedoMaskAssists","floor":7.0,"key":"SMITH"},{"data":"theSenshi:SailorCosmosAssists","floor":10.0,"key":"SMITH"},{"data":"theSenshi:SailorNeptuneAssists","floor":15.0,"key":"SMITH"},{"data":"theSenshi:LunaSensingAllies","floor":25,"key":"SMITH"},{"data":"theSenshi:VenusGlamour","floor":29,"key":"SMITH"},{"data":"1","floor":32,"key":"LIFT"}],"circlet_count":0,"master_deck":["AscendersBane","theSenshi:SailorKick","theSenshi:SailorKick","theSenshi:SailorKick","theSenshi:SailorBlock","theSenshi:SailorBlock","theSenshi:SailorBlock","theSenshi:SailorBlock","theSenshi:RoseThrow","theSenshi:MoonPrismPowerMakeUp","theSenshi:SailorVenusAssists","theSenshi:SailorChibiMoonAssists","theSenshi:SailorMercuryAssists","theSenshi:TuxedoMaskAssists+1","theSenshi:SailorNeptuneAssists+1","theSenshi:SailorCosmosAssists+1","theSenshi:SailorJupiterAssists","theSenshi:SailorMarsAssists","theSenshi:LunaSensingAllies+1","theSenshi:SailorPlanetAttack","theSenshi:VenusGlamour+1","theSenshi:MarsPride+1"],"relics":["theSenshi:TransformationBroochRelic","Kunai","Pen Nib","Bottled Tornado","The Courier","StrikeDummy","Philosopher\u0027s Stone","bronze:BronzeIdol","sneckomod:BlankCard","Girya","Slimebound:PreparedRelic","theSenshi:HolyMoonChaliceRelic"],"acts_visited":["Exordium","TheCity"],"potions_floor_usage":[22,22,22,23,31],"damage_taken":[{"damage":1.0,"enemies":"Cultist","floor":1.0,"turns":4.0},{"damage":0.0,"enemies":"2 Louse","floor":2.0,"turns":4.0},{"damage":0.0,"enemies":"Jaw Worm","floor":3.0,"turns":4.0},{"damage":1.0,"enemies":"Blue Slaver","floor":4.0,"turns":3.0},{"damage":13.0,"enemies":"Lagavulin","floor":6.0,"turns":8.0},{"damage":27.0,"enemies":"Gremlin Nob","floor":8.0,"turns":5.0},{"damage":24.0,"enemies":"3 Sentries","floor":11.0,"turns":13.0},{"damage":0.0,"enemies":"Exordium Wildlife","floor":12.0,"turns":5.0},{"damage":0.0,"enemies":"HollowMod:MossKnight","floor":13.0,"turns":14.0},{"damage":13.0,"enemies":"Gremlin Gang","floor":14.0,"turns":3.0},{"damage":1.0,"enemies":"The Guardian","floor":16.0,"turns":11.0},{"damage":0.0,"enemies":"Spheric Guardian","floor":18.0,"turns":4.0},{"damage":16,"enemies":"3 Byrds","floor":19,"turns":11},{"damage":9,"enemies":"Cultist and Chosen","floor":21,"turns":6},{"damage":13,"enemies":"Snake Plant","floor":22,"turns":4},{"damage":6,"enemies":"Slavers","floor":23,"turns":5},{"damage":1,"enemies":"Snecko","floor":27,"turns":5},{"damage":6,"enemies":"Book of Stabbing","floor":28,"turns":6},{"damage":0,"enemies":"Cultist and Chosen","floor":30,"turns":5},{"damage":55,"enemies":"Slavers","floor":31,"turns":8},{"damage":52,"enemies":"Automaton","floor":33,"turns":6}],"seed_played":"-939391348659426997","potions_obtained":[{"floor":0.0,"key":"EntropicBrew"},{"floor":0.0,"key":"ColorlessPotion"},{"floor":4.0,"key":"Regen Potion"},{"floor":6.0,"key":"FairyPotion"},{"floor":21,"key":"Fire Potion"},{"floor":23,"key":"sneckomod:MuddlingPotion"},{"floor":28,"key":"PowerPotion"},{"floor":30,"key":"Weak Potion"}],"is_trial":false,"path_per_floor":["M","M","M","M","?","E","R","E","T","R","E","M","E","M","R","B",null,"M","M","?","M","M","E","?","R","T","M","E","R","M","E","R","B"],"character_chosen":"THE_SENSHI","items_purchased":[],"campfire_rested":0,"item_purchase_floors":[],"current_hp_per_floor":[67,67,67,66,66,63,63,36,36,36,12,12,12,22,22,31,64,64,68,68,69,65,64,64,64,64,68,72,72,72,17,17,0,0],"gold":401,"neow_bonus":"THREE_SMALL_POTIONS","is_daily":false,"chose_seed":false,"campfire_upgraded":5,"win_rate":0.0,"timestamp":1613053281,"path_taken":["M","M","?","M","?","E","R","E","T","R","E","M","E","M","R","BOSS","M","M","?","M","M","E","?","R","T","M","E","R","M","E","R","BOSS"],"items_purchased_type":[],"build_version":"2020-12-22","purchased_purges":0,"victory":false,"max_hp_per_floor":[75,75,75,75,75,75,75,75,75,75,75,75,75,75,75,75,75,75,75,75,75,75,75,75,75,75,75,75,75,75,75,75,75,75],"card_choices":[{"not_picked":["theSenshi:MoonSpiralHeartAttack","theSenshi:Sidestep"],"picked":"theSenshi:SailorVenusAssists","floor":1.0},{"not_picked":["theSenshi:LateForSchool","theSenshi:MoonPower"],"picked":"theSenshi:SailorChibiMoonAssists","floor":2.0},{"not_picked":["theSenshi:RainbowMoonHeartAche","theSenshi:MoonPrincessHalation"],"picked":"theSenshi:SailorMercuryAssists","floor":3.0},{"not_picked":["theSenshi:TuxedoSmokingBomber","theSenshi:SupersonicWaves"],"picked":"theSenshi:TuxedoMaskAssists","floor":4.0},{"not_picked":["theSenshi:CrisisMakeUp","theSenshi:SailorVenusAssists"],"picked":"theSenshi:SailorNeptuneAssists","floor":6.0},{"not_picked":["theSenshi:MoonPunch","theSenshi:EncouragingSpeech"],"picked":"theSenshi:SailorCosmosAssists","floor":8.0},{"not_picked":["theSenshi:EncouragingSpeech","theSenshi:RainbowMoonHeartAche"],"picked":"theSenshi:SailorJupiterAssists","floor":11.0},{"not_picked":["theSenshi:HesSoDreamy","theSenshi:SailorChibiMoonAssists","theSenshi:SailorMercuryAssists"],"picked":"SKIP","floor":12.0},{"not_picked":["theSenshi:StarlightHoneymoonTherapyKiss","theSenshi:SchoolBag"],"picked":"theSenshi:SailorMarsAssists","floor":13.0},{"not_picked":["theSenshi:SailorChibiMoonAssists","theSenshi:SailorNeptuneAssists","theSenshi:MoonKick"],"picked":"SKIP","floor":14.0},{"not_picked":["theSenshi:FatedKiss","theSenshi:MoonEternalMakeUp"],"picked":"theSenshi:LunaSensingAllies","floor":16.0},{"not_picked":["theSenshi:MoonPrincessHalation","theSenshi:SailorChibiMoonAssists+1","theSenshi:HesSoDreamy"],"picked":"SKIP","floor":18.0},{"not_picked":["theSenshi:SailorChibiMoonAssists","theSenshi:LunaWiseMentor","theSenshi:TallSilhouette"],"picked":"SKIP","floor":19},{"not_picked":["theSenshi:MoonPower","theSenshi:Sidestep"],"picked":"theSenshi:VenusGlamour","floor":21},{"not_picked":["theSenshi:MoonKick","theSenshi:SailorPlanetAttack"],"picked":"theSenshi:MarsPride+1","floor":22},{"not_picked":["theSenshi:TuxedoSmokingBomber","theSenshi:MoonTiaraMagic","theSenshi:SailorVenusAssists"],"picked":"SKIP","floor":23},{"not_picked":["theSenshi:EncouragingSpeech","theSenshi:SailorMercuryAssists","theSenshi:Sidestep"],"picked":"SKIP","floor":27},{"not_picked":["theSenshi:SilverMoonCrystalPowerKiss","theSenshi:RainbowMoonHeartAche+1","theSenshi:CrisisMakeUp"],"picked":"SKIP","floor":28},{"not_picked":["theSenshi:LateForSchool","theSenshi:SailorStarMakerAssists","theSenshi:EncouragingSpeech"],"picked":"SKIP","floor":30},{"not_picked":["theSenshi:SteeledNerves","theSenshi:MoonPrincessHalation","theSenshi:SailorMercuryAssists"],"picked":"SKIP","floor":31}],"player_experience":3245025,"relics_obtained":[{"floor":6.0,"key":"Kunai"},{"floor":8.0,"key":"Pen Nib"},{"floor":9.0,"key":"Bottled Tornado"},{"floor":11.0,"key":"The Courier"},{"floor":13.0,"key":"StrikeDummy"},{"floor":23,"key":"bronze:BronzeIdol"},{"floor":26,"key":"Girya"},{"floor":28,"key":"Slimebound:PreparedRelic"},{"floor":31,"key":"theSenshi:HolyMoonChaliceRelic"}],"event_choices":[{"cards_removed":["theSenshi:SailorKick"],"damage_healed":0.0,"max_hp_gain":0.0,"max_hp_loss":0.0,"gold_gain":0.0,"event_name":"The Cleric","player_choice":"Card Removal","floor":5.0,"gold_loss":75.0,"damage_taken":0.0},{"damage_healed":0,"gold_gain":0,"player_choice":"Read","damage_taken":0,"max_hp_gain":0,"max_hp_loss":0,"event_name":"The Library","floor":20,"gold_loss":0,"cards_obtained":["theSenshi:SailorPlanetAttack"]},{"damage_healed":0,"gold_gain":0,"player_choice":"Obtained Relic","damage_taken":0,"relics_obtained":["sneckomod:BlankCard"],"max_hp_gain":0,"max_hp_loss":0,"event_name":"Addict","floor":24,"gold_loss":85}],"is_beta":false,"boss_relics":[{"not_picked":["Empty Cage","Snecko Eye"],"picked":"Philosopher\u0027s Stone"}],"items_purged_floors":[],"is_endless":false,"potions_floor_spawned":[4,6,8,13,21,23,28,30],"killed_by":"Automaton","ascension_level":16}}