{"host":"mo324zvkdr1xwprd","time":1613004216,"event":{"mods":["BaseMod","Better Note","BetterRewards","Hermit","Highlight Path","Hubris","Minty Spire (QoL Compilation)","Quick Restart","Rare Cards Sparkle","Shop Mod","StSLib","The Cursed","The Hierophant"],"gold_per_floor":[363,13,24,38,49,83,83,145,145,173,173,203,220,23,23,125,125,141,141,154,154,69,101,101,115,140,140,53,69,79,109,109,209,209,229,241,98,98,148,148,148],"floor_reached":40,"language":"ENG","playtime":2967,"items_purged":[],"score":630,"play_id":"6b45eee2-6999-481f-a9d0-c8c4addb27f8","local_time":"20210211004336","is_ascension_mode":true,"campfire_choices":[{"floor":7.0,"key":"REST"},{"floor":15.0,"key":"RECALL"},{"data":"Caltrops","floor":24.0,"key":"SMITH"},{"data":"Caltrops","floor":27.0,"key":"SMITH"},{"floor":32.0,"key":"REST"}],"circlet_count":0,"master_deck":["Strike_G","Strike_G","Strike_G","Strike_G","Strike_G","Defend_G","Defend_G","Defend_G","Defend_G","Defend_G","Survivor","Neutralize","Regret","Cloak And Dagger","Deflect","Caltrops+1","Noxious Fumes","Caltrops+1","Terror","Prepared","Footwork","Backstab","Flying Knee","Backflip","Adrenaline","Slice","Storm of Steel","PiercingWail","Flying Knee+1","Ghostly","Ghostly","Ghostly","Ghostly","Ghostly","Noxious Fumes","After Image","Noxious Fumes","Flying Knee","Choke+1","Flying Knee+1","Slice+1","Backflip","Bullet Time","Blade Dance","Bouncing Flask","Burst","Catalyst","Quick Slash+1"],"relics":["Ring of the Snake","Dream Catcher","Toolbox","hubris:AncientText","Lizard Tail","PreservedInsect","Toy Ornithopter","hubris:VirtuousBlindfold","hubris:Reverence","Mercury Hourglass","Bag of Marbles","Orichalcum","Black Star","hubris:FunFungus"],"acts_visited":["Exordium","TheCity","TheBeyond"],"potions_floor_usage":[33,40],"damage_taken":[{"damage":1.0,"enemies":"Small Slimes","floor":1.0,"turns":5.0},{"damage":3.0,"enemies":"Jaw Worm","floor":3.0,"turns":3.0},{"damage":1.0,"enemies":"Cultist","floor":4.0,"turns":3.0},{"damage":1.0,"enemies":"Red Slaver","floor":5.0,"turns":4.0},{"damage":23.0,"enemies":"3 Sentries","floor":6.0,"turns":7.0},{"damage":21.0,"enemies":"3 Sentries","floor":8.0,"turns":7.0},{"damage":15.0,"enemies":"Lagavulin","floor":10.0,"turns":9.0},{"damage":68.0,"enemies":"Gremlin Nob","floor":12.0,"turns":6.0},{"damage":0.0,"enemies":"Exordium Wildlife","floor":13.0,"turns":1.0},{"damage":10.0,"enemies":"Hexaghost","floor":16.0,"turns":9.0},{"damage":22.0,"enemies":"Shell Parasite","floor":18.0,"turns":5.0},{"damage":22.0,"enemies":"Chosen","floor":20.0,"turns":5.0},{"damage":6.0,"enemies":"Slavers","floor":23.0,"turns":6.0},{"damage":7.0,"enemies":"Snecko","floor":25.0,"turns":5.0},{"damage":0.0,"enemies":"Sentry and Sphere","floor":29.0,"turns":2.0},{"damage":0.0,"enemies":"Centurion and Healer","floor":30.0,"turns":4.0},{"damage":3.0,"enemies":"Gremlin Leader","floor":31.0,"turns":4.0},{"damage":8,"enemies":"Champ","floor":33,"turns":10},{"damage":10,"enemies":"3 Darklings","floor":35,"turns":6},{"damage":1,"enemies":"3 Shapes","floor":36,"turns":2},{"damage":1,"enemies":"Mind Bloom Boss Battle","floor":39,"turns":6},{"damage":39,"enemies":"Giant Head","floor":40,"turns":5}],"seed_played":"3931741076942479334","potions_obtained":[{"floor":5.0,"key":"BlessingOfTheForge"},{"floor":8.0,"key":"Block Potion"},{"floor":12.0,"key":"SteroidPotion"},{"floor":13.0,"key":"Poison Potion"},{"floor":16.0,"key":"DuplicationPotion"},{"floor":18.0,"key":"SpeedPotion"},{"floor":23.0,"key":"Poison Potion"},{"floor":30.0,"key":"BlessingOfTheForge"},{"floor":31.0,"key":"ColorlessPotion"}],"is_trial":false,"path_per_floor":["M","$","M","M","M","E","R","?","T","E","?","E","M","$","R","B",null,"M","?","M","?","?","E","R","M","T","R","$","M","M","E","R","B",null,"M","M","$","?","?","E"],"character_chosen":"THE_SILENT","items_purchased":["Deflect","Dream Catcher","Toolbox","Adrenaline","Slice","Noxious Fumes","Flying Knee","Burst","Catalyst"],"campfire_rested":2,"item_purchase_floors":[2,2,2,14,14,28,28,37,37],"current_hp_per_floor":[69,69,66,65,64,41,62,41,41,26,49,35,35,35,35,25,59,42,65,43,35,35,29,29,22,22,22,22,27,32,29,35,27,33,23,22,22,25,24,0,0],"gold":148,"neow_bonus":"TWO_FIFTY_GOLD","is_daily":false,"chose_seed":false,"campfire_upgraded":2,"win_rate":0.0,"timestamp":1613004216,"path_taken":["M","$","M","M","M","E","R","?","T","E","?","E","?","?","R","BOSS","M","?","M","?","?","E","R","M","T","R","$","M","?","E","R","BOSS","M","M","$","?","?","E"],"items_purchased_type":["Card","Relic","Relic","Card","Card","Card","Card","Card","Card"],"build_version":"2020-12-22","purchased_purges":0,"victory":false,"max_hp_per_floor":[70,70,70,70,70,70,70,70,70,70,70,70,70,70,70,70,70,70,70,70,35,35,35,35,35,35,35,35,35,35,35,35,35,35,35,35,35,38,38,38,38],"card_choices":[{"not_picked":["Dagger Throw","Deflect"],"picked":"Cloak And Dagger","floor":1.0},{"not_picked":["Slice","Escape Plan"],"picked":"Caltrops","floor":3.0},{"not_picked":["All Out Attack","Dagger Throw"],"picked":"Noxious Fumes","floor":4.0},{"not_picked":["Underhanded Strike","Eviscerate"],"picked":"Caltrops","floor":5.0},{"not_picked":["Reflex","Prepared"],"picked":"Terror","floor":6.0},{"not_picked":["hubris:SlightOfHand","Underhanded Strike"],"picked":"Prepared","floor":7.0},{"not_picked":["Dodge and Roll","Unload"],"picked":"Footwork","floor":8.0},{"not_picked":["Acrobatics","Catalyst"],"picked":"Backstab","floor":10.0},{"not_picked":["hubris:Sniper","Heel Hook"],"picked":"Flying Knee","floor":12.0},{"not_picked":["Quick Slash","Bane"],"picked":"Backflip","floor":13.0},{"not_picked":["Doppelganger","Phantasmal Killer"],"picked":"Storm of Steel","floor":16.0},{"not_picked":["All Out Attack","Dagger Throw+1"],"picked":"PiercingWail","floor":18.0},{"not_picked":["Backflip","Bane"],"picked":"Flying Knee+1","floor":20.0},{"not_picked":["Cloak And Dagger","Backflip"],"picked":"Noxious Fumes","floor":23.0},{"not_picked":["Deadly Poison+1","Backflip+1"],"picked":"After Image","floor":25.0},{"not_picked":["Riddle With Holes","Dagger Throw"],"picked":"Choke+1","floor":29.0},{"not_picked":["Accuracy","Acrobatics"],"picked":"Flying Knee+1","floor":30.0},{"not_picked":["Quick Slash+1","Crippling Poison"],"picked":"Slice+1","floor":31.0},{"not_picked":["Cloak And Dagger","Acrobatics"],"picked":"Backflip","floor":32.0},{"not_picked":["After Image","Unload"],"picked":"Bullet Time","floor":33},{"not_picked":["Acrobatics+1","Tactician+1"],"picked":"Blade Dance","floor":35},{"not_picked":["Dagger Spray+1","Reflex+1"],"picked":"Bouncing Flask","floor":36},{"not_picked":["Prepared+1","Deflect+1"],"picked":"Quick Slash+1","floor":39}],"player_experience":560143,"relics_obtained":[{"floor":6.0,"key":"hubris:AncientText"},{"floor":8.0,"key":"Lizard Tail"},{"floor":10.0,"key":"PreservedInsect"},{"floor":12.0,"key":"Toy Ornithopter"},{"floor":23.0,"key":"Mercury Hourglass"},{"floor":26.0,"key":"Bag of Marbles"},{"floor":31.0,"key":"Orichalcum"},{"floor":39,"key":"hubris:FunFungus"}],"event_choices":[{"damage_healed":0.0,"max_hp_gain":0.0,"max_hp_loss":0.0,"gold_gain":30.0,"event_name":"Dead Adventurer","player_choice":"Searched \u00272\u0027 times","floor":8.0,"gold_loss":0.0,"damage_taken":0.0},{"damage_healed":23.0,"max_hp_gain":0.0,"max_hp_loss":0.0,"gold_gain":0.0,"event_name":"Big Fish","player_choice":"Banana","floor":11.0,"gold_loss":0.0,"damage_taken":0.0},{"damage_healed":23.0,"max_hp_gain":0.0,"max_hp_loss":0.0,"gold_gain":0.0,"event_name":"The Library","player_choice":"Heal","floor":19.0,"gold_loss":0.0,"damage_taken":0.0},{"damage_healed":0.0,"max_hp_gain":0.0,"max_hp_loss":35.0,"gold_gain":0.0,"event_name":"Ghosts","player_choice":"Became a Ghost","floor":21.0,"gold_loss":0.0,"damage_taken":0.0,"cards_obtained":["Ghostly","Ghostly","Ghostly","Ghostly","Ghostly"]},{"damage_healed":0.0,"max_hp_gain":0.0,"max_hp_loss":0.0,"gold_gain":0.0,"event_name":"Addict","player_choice":"Obtained Relic","floor":22.0,"gold_loss":85.0,"damage_taken":0.0,"relics_obtained":["hubris:Reverence"]},{"damage_healed":0,"gold_gain":0,"player_choice":"Fight","damage_taken":0,"max_hp_gain":0,"max_hp_loss":0,"event_name":"MindBloom","floor":39,"gold_loss":0}],"is_beta":false,"boss_relics":[{"not_picked":["Sozu","Coffee Dripper"],"picked":"hubris:VirtuousBlindfold"},{"not_picked":["hubris:HollowSoul","Astrolabe"],"picked":"Black Star"}],"items_purged_floors":[],"is_endless":false,"potions_floor_spawned":[5,8,12,13,16,18,23,30,31],"killed_by":"Giant Head","ascension_level":5}}