{"host":"89iuq2p5kwriuwfq","time":1613081011,"event":{"mods":["BaseMod","Curses Come First","Minty Spire (QoL Compilation)","Permanent Neow","StSLib"],"gold_per_floor":[20,20,30,30,47,75,93,120,196,223,223,298,358,408,408,503,503,518,533,533,166,91,155,155,155,237,263,326,10,62,73,73,202,202,245,294,294,16,63,126,188,188,241,0,0,0,33,47,47,47],"floor_reached":51,"language":"ENG","playtime":2020,"items_purged":["Defend_P","Defend_P"],"score":1466,"play_id":"4b8cc7ed-2ef4-463d-bb74-7e504d1405ec","local_time":"20210211220331","is_ascension_mode":true,"campfire_choices":[{"data":"Wish","floor":11.0,"key":"SMITH"},{"data":"ConjureBlade","floor":15.0,"key":"SMITH"},{"data":"Ragnarok","floor":25,"key":"SMITH"},{"data":"Omniscience","floor":32,"key":"SMITH"},{"data":"Scrawl","floor":42,"key":"SMITH"},{"data":"SignatureMove","floor":49,"key":"SMITH"}],"circlet_count":0,"master_deck":["AscendersBane","Strike_P","Defend_P+1","Eruption","Vigilance","Blasphemy+1","FlyingSleeves","CarveReality","SignatureMove+1","Wish+1","ConjureBlade+1","Scrawl+1","FollowUp","Omniscience+1","BowlingBash","Ragnarok+1","FollowUp","EmptyMind","Ghostly","Ghostly","Ghostly","Ghostly","Ghostly","FollowUp","Wallop+1"],"relics":["PureWater","Singing Bowl","StoneCalendar","Blue Candle","Centennial Puzzle","Tiny Chest","Busted Crown","Membership Card","PreservedInsect","WingedGreaves","Ornamental Fan","MawBank","CeramicFish","Eternal Feather","ClockworkSouvenir","Nunchaku","Coffee Dripper","Ginger","Bag of Preparation","Bird Faced Urn","Bronze Scales","Darkstone Periapt","Strawberry","Red Mask","TeardropLocket","Toy Ornithopter"],"acts_visited":["Exordium","TheCity","TheBeyond"],"potions_floor_usage":[23,30,50,50],"damage_taken":[{"damage":0.0,"enemies":"Cultist","floor":1.0,"turns":2.0},{"damage":0.0,"enemies":"2 Louse","floor":3.0,"turns":1.0},{"damage":1.0,"enemies":"Small Slimes","floor":5.0,"turns":3.0},{"damage":0.0,"enemies":"Lagavulin","floor":6.0,"turns":4.0},{"damage":0.0,"enemies":"Blue Slaver","floor":7.0,"turns":2.0},{"damage":0.0,"enemies":"Gremlin Nob","floor":8.0,"turns":2.0},{"damage":5.0,"enemies":"3 Sentries","floor":10.0,"turns":2.0},{"damage":10.0,"enemies":"Gremlin Nob","floor":13.0,"turns":3.0},{"damage":6.0,"enemies":"Looter","floor":14.0,"turns":2.0},{"damage":0.0,"enemies":"Slime Boss","floor":16.0,"turns":3.0},{"damage":19.0,"enemies":"2 Thieves","floor":18.0,"turns":3.0},{"damage":1.0,"enemies":"Shell Parasite","floor":19.0,"turns":2.0},{"damage":29,"enemies":"Slavers","floor":23,"turns":2},{"damage":10,"enemies":"Gremlin Leader","floor":27,"turns":2},{"damage":0,"enemies":"Snake Plant","floor":30,"turns":3},{"damage":0,"enemies":"Chosen and Byrds","floor":31,"turns":3},{"damage":4,"enemies":"Champ","floor":33,"turns":8},{"damage":1,"enemies":"Orb Walker","floor":35,"turns":3},{"damage":33,"enemies":"3 Shapes","floor":36,"turns":4},{"damage":0,"enemies":"2 Orb Walkers","floor":39,"turns":3},{"damage":1,"enemies":"Reptomancer","floor":40,"turns":3},{"damage":1,"enemies":"Giant Head","floor":41,"turns":4},{"damage":1,"enemies":"Reptomancer","floor":47,"turns":3},{"damage":0,"enemies":"Writhing Mass","floor":48,"turns":1},{"damage":3,"enemies":"Time Eater","floor":50,"turns":4}],"seed_played":"-5062331454376779677","potions_obtained":[{"floor":5.0,"key":"SneckoOil"},{"floor":7.0,"key":"ColorlessPotion"},{"floor":16.0,"key":"Swift Potion"},{"floor":18.0,"key":"FearPotion"},{"floor":23,"key":"Ancient Potion"},{"floor":27,"key":"Weak Potion"},{"floor":33,"key":"CultistPotion"}],"is_trial":false,"path_per_floor":["M","?","M","?","M","E","M","E","T","E","R","?","E","M","R","B",null,"M","M","?","$","?","E","?","R","T","E","T","$","M","M","R","B",null,"M","M","?","$","?","E","E","R","T","?","T","?","E","M","R","B",null],"character_chosen":"WATCHER","items_purchased":["Membership Card","PreservedInsect","Ragnarok","FollowUp","EmptyMind","Eternal Feather","ClockworkSouvenir","Nunchaku","Fruit Juice","Ginger","Bag of Preparation"],"campfire_rested":0,"item_purchase_floors":[21,21,21,21,21,29,29,29,29,38,38],"current_hp_per_floor":[65,65,65,51,50,50,50,52,52,49,49,38,28,24,24,24,65,46,47,47,47,47,20,20,20,20,10,10,10,15,17,32,30,45,46,15,15,15,17,18,19,34,41,41,41,43,44,46,61,67],"gold":47,"neow_bonus":"THREE_RARE_CARDS","is_daily":false,"chose_seed":false,"campfire_upgraded":6,"win_rate":0.0,"timestamp":1613081011,"path_taken":["M","?","?","?","M","E","M","E","T","E","R","?","E","M","R","BOSS","M","M","?","$","?","E","?","R","T","E","?","$","M","M","R","BOSS","M","M","?","$","?","E","E","R","T","?","?","?","E","M","R","BOSS"],"items_purchased_type":["Relic","Relic","Card","Card","Card","Relic","Relic","Relic","Potion","Relic","Relic"],"build_version":"2020-12-22","purchased_purges":2,"victory":true,"max_hp_per_floor":[72,72,72,72,72,72,72,74,74,76,76,76,76,78,78,78,78,78,80,80,80,80,82,41,41,41,41,41,41,46,48,48,50,50,52,54,51,51,53,55,57,57,64,64,64,66,68,70,70,70],"card_choices":[{"not_picked":["Wish","Ragnarok"],"picked":"Blasphemy","floor":0.0},{"not_picked":["Halt","Crescendo","Evaluate"],"picked":"SKIP","floor":1.0},{"not_picked":["Fasting2","Crescendo"],"picked":"FlyingSleeves","floor":3.0},{"not_picked":["Halt","Meditate"],"picked":"CarveReality","floor":5.0},{"not_picked":["FearNoEvil","EmptyFist"],"picked":"SignatureMove","floor":6.0},{"not_picked":["Halt","PathToVictory"],"picked":"Wish","floor":7.0},{"not_picked":["CutThroughFate","DeceiveReality","BowlingBash"],"picked":"Singing Bowl","floor":8.0},{"not_picked":["EmptyBody","Nirvana","EmptyMind"],"picked":"Singing Bowl","floor":10.0},{"not_picked":["CutThroughFate","Consecrate"],"picked":"ConjureBlade","floor":13.0},{"not_picked":["FlyingSleeves","BowlingBash","Worship"],"picked":"Singing Bowl","floor":14.0},{"not_picked":["Brilliance","Alpha"],"picked":"Scrawl","floor":16.0},{"not_picked":[],"picked":"FollowUp","floor":18.0},{"not_picked":["Wireheading"],"picked":"Singing Bowl","floor":19.0},{"not_picked":["ClearTheMind"],"picked":"Singing Bowl","floor":23},{"not_picked":[],"picked":"FollowUp","floor":27},{"not_picked":[],"picked":"Wallop+1","floor":30},{"not_picked":["Nirvana"],"picked":"Singing Bowl","floor":31},{"not_picked":["Judgement"],"picked":"Singing Bowl","floor":33},{"not_picked":["Protect"],"picked":"Singing Bowl","floor":35},{"not_picked":["FollowUp+1"],"picked":"Singing Bowl","floor":36},{"not_picked":["Adaptation"],"picked":"Singing Bowl","floor":39},{"not_picked":["Protect"],"picked":"Singing Bowl","floor":40},{"not_picked":["Indignation"],"picked":"Singing Bowl","floor":41},{"not_picked":["Transmutation"],"picked":"Singing Bowl","floor":46},{"not_picked":["Consecrate"],"picked":"Singing Bowl","floor":47},{"not_picked":["Halt"],"picked":"Singing Bowl","floor":48}],"player_experience":661937,"relics_obtained":[{"floor":6.0,"key":"Singing Bowl"},{"floor":8.0,"key":"StoneCalendar"},{"floor":9.0,"key":"Blue Candle"},{"floor":10.0,"key":"Centennial Puzzle"},{"floor":13.0,"key":"Tiny Chest"},{"floor":23,"key":"WingedGreaves"},{"floor":26,"key":"Ornamental Fan"},{"floor":27,"key":"MawBank"},{"floor":28,"key":"CeramicFish"},{"floor":39,"key":"Bird Faced Urn"},{"floor":40,"key":"Bronze Scales"},{"floor":41,"key":"Darkstone Periapt"},{"floor":43,"key":"Strawberry"},{"floor":45,"key":"TeardropLocket"},{"floor":47,"key":"Toy Ornithopter"}],"event_choices":[{"cards_removed":["Strike_P"],"damage_healed":0.0,"max_hp_gain":0.0,"max_hp_loss":0.0,"gold_gain":0.0,"event_name":"Bonfire Elementals","player_choice":"Offered Basic","floor":2.0,"gold_loss":0.0,"damage_taken":0.0},{"damage_healed":0.0,"max_hp_gain":0.0,"max_hp_loss":0.0,"gold_gain":0.0,"event_name":"Shining Light","player_choice":"Entered Light","floor":4.0,"gold_loss":0.0,"damage_taken":14.0,"cards_upgraded":["Blasphemy","Defend_P"]},{"damage_healed":0.0,"max_hp_gain":0.0,"max_hp_loss":0.0,"gold_gain":75.0,"event_name":"World of Goop","player_choice":"Gather Gold","floor":12.0,"gold_loss":0.0,"damage_taken":11.0},{"damage_healed":0.0,"max_hp_gain":0.0,"max_hp_loss":0.0,"gold_gain":0.0,"cards_transformed":["Strike_P","Defend_P"],"event_name":"Drug Dealer","player_choice":"Became Test Subject","floor":20.0,"gold_loss":0.0,"damage_taken":0.0,"cards_obtained":["Omniscience","BowlingBash"]},{"cards_removed":["Strike_P"],"damage_healed":0.0,"max_hp_gain":0.0,"max_hp_loss":0.0,"gold_gain":0.0,"event_name":"Beggar","player_choice":"Gave Gold","floor":22.0,"gold_loss":75.0,"damage_taken":0.0},{"damage_healed":0,"gold_gain":0,"player_choice":"Became a Ghost","damage_taken":0,"max_hp_gain":0,"max_hp_loss":41,"event_name":"Ghosts","floor":24,"gold_loss":0,"cards_obtained":["Ghostly","Ghostly","Ghostly","Ghostly","Ghostly"]},{"damage_healed":0,"gold_gain":0,"player_choice":"Max HP","damage_taken":0,"max_hp_gain":0,"max_hp_loss":3,"event_name":"Winding Halls","floor":37,"gold_loss":0},{"damage_healed":0,"gold_gain":0,"player_choice":"Fight","damage_taken":0,"max_hp_gain":0,"max_hp_loss":0,"event_name":"Mysterious Sphere","floor":39,"gold_loss":0},{"damage_healed":0,"gold_gain":0,"player_choice":"Paid","damage_taken":0,"relics_obtained":["Red Mask"],"max_hp_gain":0,"max_hp_loss":0,"event_name":"Tomb of Lord Red Mask","floor":44,"gold_loss":241},{"damage_healed":0,"gold_gain":0,"player_choice":"Memory 1","damage_taken":0,"max_hp_gain":0,"max_hp_loss":0,"event_name":"SensoryStone","floor":46,"gold_loss":0}],"is_beta":false,"boss_relics":[{"not_picked":["Ectoplasm","Empty Cage"],"picked":"Busted Crown"},{"not_picked":["HolyWater","SlaversCollar"],"picked":"Coffee Dripper"}],"items_purged_floors":[21,38],"is_endless":false,"potions_floor_spawned":[5,7,16,18,23,27,33,35,36,47],"ascension_level":11}}