{"host":"a3wpq7kyokchzawk","time":1613007208,"event":{"mods":["BaseMod","Colored Map","Highlight Path","Minty Spire (QoL Compilation)","Permanent Neow","Potion Indicator Mod","Relic Stats","Weighted Paths"],"gold_per_floor":[117,16,16,30,45,45,79,91,154,166,178,200,237,262,274,286,286],"floor_reached":16,"language":"ENG","playtime":1186,"items_purged":[],"score":270,"play_id":"d2f8f84a-2108-42d9-b5e6-e2bd7d8325f5","local_time":"20210210233328","is_ascension_mode":true,"campfire_choices":[{"data":"Neutralize","floor":6.0,"key":"SMITH"},{"floor":8.0,"key":"REST"},{"data":"Finisher","floor":10.0,"key":"SMITH"},{"data":"Eviscerate","floor":15.0,"key":"SMITH"}],"circlet_count":0,"master_deck":["AscendersBane","Strike_G","Strike_G","Strike_G","Strike_G","Strike_G","Defend_G","Defend_G","Defend_G","Defend_G","Survivor","Neutralize+1","Sucker Punch","PanicButton","Finisher+1","Underhanded Strike","Adrenaline","Eviscerate+1","Predator"],"relics":["Ring of the Snake","NeowsBlessing","MawBank","PreservedInsect","Calipers","Question Card"],"acts_visited":["Exordium"],"potions_floor_usage":[16],"damage_taken":[{"damage":0.0,"enemies":"Jaw Worm","floor":1.0,"turns":1.0},{"damage":0.0,"enemies":"Cultist","floor":4.0,"turns":1.0},{"damage":0.0,"enemies":"Small Slimes","floor":5.0,"turns":1.0},{"damage":32.0,"enemies":"Lagavulin","floor":7.0,"turns":8.0},{"damage":3.0,"enemies":"Looter","floor":12.0,"turns":3.0},{"damage":0.0,"enemies":"Gremlin Nob","floor":13.0,"turns":2.0},{"damage":5.0,"enemies":"Exordium Wildlife","floor":14.0,"turns":4.0},{"damage":56,"enemies":"Slime Boss","floor":16,"turns":10}],"seed_played":"6804832202714373179","potions_obtained":[{"floor":1.0,"key":"SteroidPotion"},{"floor":7.0,"key":"PowerPotion"},{"floor":13.0,"key":"PowerPotion"},{"floor":14.0,"key":"Regen Potion"}],"is_trial":false,"path_per_floor":["M","$","?","M","M","R","E","R","T","R","?","M","E","M","R","B"],"character_chosen":"THE_SILENT","items_purchased":["PanicButton"],"campfire_rested":1,"item_purchase_floors":[2],"current_hp_per_floor":[59,59,59,59,59,59,27,46,46,46,46,43,43,38,38,0,0],"gold":286,"neow_bonus":"THREE_ENEMY_KILL","is_daily":false,"chose_seed":false,"campfire_upgraded":3,"win_rate":0.0,"timestamp":1613007208,"path_taken":["M","$","?","?","M","R","E","R","T","R","?","M","E","M","R","BOSS"],"items_purchased_type":["Card"],"build_version":"2020-12-22","purchased_purges":0,"victory":false,"max_hp_per_floor":[66,66,66,66,66,66,66,66,66,66,66,66,66,66,66,66,66],"relic_stats":{"counters":[8,30],"PreservedInsect":22,"MawBank":108,"Question Card":1,"obtain_stats":[{"Calipers":11,"NeowsBlessing":0,"PreservedInsect":9,"MawBank":7,"Question Card":13,"Ring of the Snake":0},{"Calipers":4,"NeowsBlessing":0,"PreservedInsect":4,"MawBank":4,"Question Card":6,"Ring of the Snake":0},{"Calipers":11,"NeowsBlessing":0,"PreservedInsect":11,"MawBank":11,"Question Card":16,"Ring of the Snake":0}],"Ring of the Snake":[16]},"card_choices":[{"not_picked":["Well Laid Plans","Backflip"],"picked":"Sucker Punch","floor":1.0},{"not_picked":["Distraction","Backflip"],"picked":"Finisher","floor":4.0},{"not_picked":["Catalyst","PiercingWail"],"picked":"Underhanded Strike","floor":5.0},{"not_picked":["Noxious Fumes","Underhanded Strike"],"picked":"Adrenaline","floor":7.0},{"not_picked":["Skewer","Sucker Punch","Flying Knee"],"picked":"SKIP","floor":12.0},{"not_picked":["Accuracy","Bane"],"picked":"Eviscerate","floor":13.0},{"not_picked":["Riddle With Holes","Dagger Spray","Bane"],"picked":"Predator","floor":14.0}],"player_experience":2682033,"relics_obtained":[{"floor":7.0,"key":"MawBank"},{"floor":9.0,"key":"PreservedInsect"},{"floor":13.0,"key":"Question Card"}],"event_choices":[{"cards_removed":["Defend_G"],"damage_healed":0.0,"max_hp_gain":0.0,"max_hp_loss":0.0,"gold_gain":0.0,"event_name":"Wheel of Change","player_choice":"Card Removal","floor":3.0,"gold_loss":0.0,"damage_taken":0.0},{"damage_healed":0.0,"max_hp_gain":0.0,"max_hp_loss":0.0,"gold_gain":0.0,"event_name":"Dead Adventurer","player_choice":"Searched \u00271\u0027 times","floor":11.0,"gold_loss":0.0,"damage_taken":0.0,"relics_obtained":["Calipers"]}],"is_beta":false,"boss_relics":[],"items_purged_floors":[],"is_endless":false,"potions_floor_spawned":[1,7,13,14],"killed_by":"Slime Boss","ascension_level":20}}