{"host":"ajxvnmsjfcleb5r5","time":1613032632,"event":{"mods":["2.2 Compatiblity","AchievementEnabler","BaseMod","Beaked The Cultist","Card Forge","Colored Powertips","DNKmod","Downfall","Friendly Minions","Minty Spire (QoL Compilation)","Quick Restart","StSLib","SuperFastMode"],"gold_per_floor":[99,24,39,39,139,154,154,165,115,172,188,202,152,62,82,82,82,82],"floor_reached":16,"language":"ENG","playtime":631,"items_purged":["Slimebound:Strike_Slimebound"],"score":92,"play_id":"65232e8e-8cc7-494a-83ef-e8cb96e5b6bd","local_time":"20210211173712","is_ascension_mode":false,"campfire_choices":[{"data":"1","floor":1,"key":"LIFT"},{"data":"2","floor":9,"key":"LIFT"},{"floor":13,"key":"REST"}],"circlet_count":0,"master_deck":["Slimebound:Strike_Slimebound","Slimebound:Strike_Slimebound","Slimebound:Tackle","Slimebound:Defend_Slimebound","Slimebound:Defend_Slimebound","Slimebound:Defend_Slimebound","Slimebound:Defend_Slimebound","Slimebound:Split","Slimebound:CorrosiveSpit","Slimebound:ComboTackle","Slimebound:RollThrough","Slimebound:GoopTackle","Slimebound:RollThrough","Slimebound:SplitMire"],"relics":["Slimebound:AbsorbEndCombat","Hammer of Thor","Seething Fire","Anvil of the Gods","Girya","Slimebound:GreedOozeRelic","Shuriken","Singing Bowl","Mummified Hand"],"acts_visited":["Exordium"],"potions_floor_usage":[],"damage_taken":[{"damage":3,"enemies":"2 Louse","floor":3,"turns":2},{"damage":12,"enemies":"Jaw Worm","floor":6,"turns":2},{"damage":8,"enemies":"Small Slimes","floor":8,"turns":3},{"damage":14,"enemies":"Gremlin Nob","floor":10,"turns":3},{"damage":16,"enemies":"Exordium Thugs","floor":11,"turns":4},{"damage":14,"enemies":"Exordium Wildlife","floor":12,"turns":3},{"damage":5,"enemies":"downfall:FleeingMerchant","floor":14,"turns":4},{"damage":0,"enemies":"Large Slime","floor":15,"turns":3},{"damage":55,"enemies":"IC_STATUS_ARCHETYPE","floor":16,"turns":4}],"seed_played":"-387768998475330359","potions_obtained":[{"floor":6,"key":"AttackPotion"},{"floor":10,"key":"sneckomod:MuddlingPotion"}],"is_trial":false,"path_per_floor":["R","?","M","?","?","M","T","M","R","?","M","M","R","$","M","B"],"character_chosen":"SLIMEBOUND","items_purchased":[],"campfire_rested":1,"item_purchase_floors":[],"current_hp_per_floor":[71,71,68,65,65,55,55,49,49,37,21,11,32,35,41,0,0,0],"gold":82,"neow_bonus":"TEN_PERCENT_HP_BONUS","is_daily":false,"chose_seed":false,"campfire_upgraded":0,"win_rate":0.0,"timestamp":1613032632,"path_taken":["R","?","M","?","?","M","T","?","R","?","M","M","R","$","M","BOSS"],"items_purchased_type":[],"build_version":"2020-12-22","purchased_purges":1,"victory":false,"max_hp_per_floor":[71,71,71,71,71,71,71,71,71,71,71,73,73,73,75,75,75,75],"card_choices":[{"not_picked":["Slimebound:PressTheAttack","Slimebound:Prepare"],"picked":"Slimebound:ComboTackle","floor":3},{"not_picked":["Slimebound:SplitBruiser","Slimebound:SplitLeeching","Slimebound:Dissolve"],"picked":"SKIP","floor":6},{"not_picked":["Slimebound:FinishingTackle","Slimebound:DivideAndConquer"],"picked":"Slimebound:RollThrough","floor":8},{"not_picked":["Slimebound:DivideAndConquer","Slimebound:Schlurp"],"picked":"Slimebound:GoopTackle","floor":10},{"not_picked":["Slimebound:ComboTackle","Slimebound:RainOfGoop"],"picked":"Slimebound:RollThrough","floor":11},{"not_picked":["Slimebound:SamplingLick","Slimebound:LeechEnergy","Slimebound:FormOfPuddle"],"picked":"Singing Bowl","floor":12},{"not_picked":["Slimebound:DisruptingSlam","Slimebound:DouseInSlime"],"picked":"Slimebound:SplitMire","floor":14},{"not_picked":["Slimebound:ForwardTackle","Slimebound:Schlurp","Slimebound:SplitLeeching"],"picked":"Singing Bowl","floor":15}],"player_experience":196609,"relics_obtained":[{"floor":7,"key":"Singing Bowl"},{"floor":10,"key":"Mummified Hand"}],"event_choices":[{"damage_healed":0,"gold_gain":0,"player_choice":"Success","damage_taken":3,"relics_obtained":["Shuriken"],"max_hp_gain":0,"max_hp_loss":0,"event_name":"Scrap Ooze","floor":4,"gold_loss":0}],"is_beta":false,"boss_relics":[],"items_purged_floors":[14],"is_endless":false,"potions_floor_spawned":[6,10],"killed_by":"IC_STATUS_ARCHETYPE","ascension_level":0}}