{"host":"n2havra2dgtcizuw","time":1613054970,"event":{"mods":["100% Spire Juice","ATMod(°¢èªMod)","Bard","BaseMod","Downfall","Marisa£¨ìFÓê¡¡Ä§ÀíÉ³£©","Minty Spire (QoL Compilation)","Permanent Neow","Reliquary","Remilia£¨ÀÙÃ×ÀòÑÇ£©","Replay The Spire","RumiaBox-Â¶Ã×æ«µÄÉñÃØºÐ×Ó","StSLib","TestMod","The Alterego","The Animator","The Servant 0.9.4","[IsaacMod]ÒÔÈö¼âËþ"],"gold_per_floor":[109,323,348,411,464,464,506,128,128,42,83,83,129,189,189,339,339,362,315,346,19,19,51,61,77,104,111,111],"floor_reached":27,"language":"ZHS","playtime":1211,"items_purged":[],"score":270,"play_id":"26c1631f-53ac-4020-9bb5-31ee18a9357b","local_time":"20210211224930","is_ascension_mode":true,"campfire_choices":[{"data":"AT_OneInchPunch","floor":6,"key":"SMITH"},{"data":"Devotion","floor":12,"key":"SMITH"},{"data":"testmod-LimitFlipper","floor":15,"key":"SMITH"}],"circlet_count":0,"master_deck":["Strike_P+1","Strike_P+1","Strike_P+1","Strike_P+1","Defend_P+1","Defend_P+1","Defend_P+1","Defend_P+1","Eruption","Vigilance","BloodyBrimstone","AT_OneInchPunch+1","AT_RealColorLess","Conclude","Tantrum","ReplayTheSpireMod:Splinters","Meditate","ForeignInfluence","CutThroughFate","AT_DivineConfetti","Devotion+1","testmod-LimitFlipper+1","testmod-LimitFlipper+1","BowlingBash","Replay:BluntJabs","Replay:BluntJabs","DeusExMachina","Indignation","FlyingSleeves","Replay:BluntJabs","AT_OneInchPunch","Consecrate","Weave","Replay:AllIn","SignatureMove","FlurryOfBlows","CrushJoints+1"],"relics":["PureWater","testmod-TestBox","HushsDoor","AT_ATBox","Pocketwatch","testmod-Nine","SalivaCoin","Baka","Ornamental Fan","GnawedLeaf","reliquary:JackalopeAntler","Damaru","Eternal Feather","Onion Ring","Chaos","Nunchaku","reliquary:PurpleTingedLeaf","Replay:Rubber Ducky"],"acts_visited":["Exordium","TheCity"],"potions_floor_usage":[11,23],"damage_taken":[{"damage":0,"enemies":"Cultist","floor":1,"turns":2},{"damage":0,"enemies":"2 Louse","floor":2,"turns":3},{"damage":20,"enemies":"Small Slimes","floor":3,"turns":2},{"damage":1,"enemies":"3 Sentries","floor":7,"turns":2},{"damage":16,"enemies":"Gremlin Nob","floor":11,"turns":3},{"damage":23,"enemies":"Lagavulin","floor":13,"turns":5},{"damage":22,"enemies":"Exordium Wildlife","floor":14,"turns":2},{"damage":19,"enemies":"Slime Boss","floor":16,"turns":2},{"damage":5,"enemies":"2 Thieves","floor":18,"turns":2},{"damage":11,"enemies":"Shell Parasite","floor":20,"turns":3},{"damage":37,"enemies":"Shelled Parasite and Fungi","floor":23,"turns":3},{"damage":0,"enemies":"Sentry and Sphere","floor":24,"turns":2},{"damage":0,"enemies":"Centurion and Healer","floor":25,"turns":2},{"damage":1,"enemies":"Snecko","floor":27,"turns":2}],"seed_played":"610722350994709861","potions_obtained":[{"floor":3,"key":"Toxic Potion"},{"floor":13,"key":"Fire Potion"},{"floor":14,"key":"Weak Potion"},{"floor":16,"key":"Dexterity Potion"},{"floor":23,"key":"Swift Potion"}],"is_trial":false,"path_per_floor":["M","M","M","?","?","R","E","$","T","$","E","R","E","M","R","B",null,"M","$","M","$","?","M","M","M","T","M"],"character_chosen":"WATCHER","items_purchased":["Damaru","AT_DivineConfetti","Devotion","testmod-LimitFlipper","FlyingSleeves","reliquary:PurpleTingedLeaf","AT_OneInchPunch"],"campfire_rested":0,"item_purchase_floors":[8,8,8,10,19,21,21],"current_hp_per_floor":[65,65,45,45,45,45,44,44,44,44,28,40,17,5,20,17,50,45,45,37,37,37,1,1,1,1,0,0],"gold":111,"neow_bonus":"ONE_RARE_RELIC","is_daily":false,"chose_seed":false,"campfire_upgraded":3,"win_rate":0.0,"timestamp":1613054970,"path_taken":["M","?","M","?","?","R","E","?","T","$","E","R","E","M","R","BOSS","M","$","M","$","?","M","?","M","T","M"],"items_purchased_type":["Relic","Card","Card","Card","Card","Relic","Card"],"build_version":"2020-12-22","purchased_purges":0,"victory":false,"max_hp_per_floor":[65,65,62,62,62,62,62,62,62,62,59,59,59,50,50,50,50,50,50,53,53,53,53,53,44,44,35,35],"card_choices":[{"not_picked":[],"picked":"BloodyBrimstone","floor":0},{"not_picked":["Replay:ManipulateFuture","JustLucky"],"picked":"AT_RealColorLess","floor":1},{"not_picked":["SashWhip","Protect"],"picked":"Conclude","floor":2},{"not_picked":["Perseverance","Weave"],"picked":"Tantrum","floor":3},{"not_picked":["JustLucky","TalkToTheHand"],"picked":"Meditate","floor":4},{"not_picked":["ThirdEye","JustLucky"],"picked":"ForeignInfluence","floor":4},{"not_picked":["Vengeance","Replay:AtTheReady"],"picked":"CutThroughFate","floor":7},{"not_picked":["Crescendo","CrushJoints"],"picked":"BowlingBash","floor":11},{"not_picked":["ForeignInfluence","ClearTheMind"],"picked":"Replay:BluntJabs","floor":13},{"not_picked":["Replay:DivineShield","Vault"],"picked":"Replay:BluntJabs","floor":14},{"not_picked":["SpiritShield","Wish"],"picked":"DeusExMachina","floor":16},{"not_picked":["WreathOfFlame","Halt"],"picked":"Indignation","floor":18},{"not_picked":["SashWhip","Replay:Cycle"],"picked":"Replay:BluntJabs","floor":20},{"not_picked":["PathToVictory","EmptyMind"],"picked":"Consecrate","floor":23},{"not_picked":["DeceiveReality","InnerPeace"],"picked":"Weave","floor":23},{"not_picked":["Worship","AT_ChampionStep+1"],"picked":"Replay:AllIn","floor":23},{"not_picked":["WreathOfFlame","Vengeance"],"picked":"SignatureMove","floor":23},{"not_picked":["Replay:AtTheReady","Halt"],"picked":"FlurryOfBlows","floor":24},{"not_picked":["WreathOfFlame","AT_DivineConfetti+1"],"picked":"CrushJoints+1","floor":25}],"player_experience":739545,"relics_obtained":[{"floor":1,"key":"Baka"},{"floor":3,"key":"Ornamental Fan"},{"floor":4,"key":"GnawedLeaf"},{"floor":7,"key":"reliquary:JackalopeAntler"},{"floor":9,"key":"Eternal Feather"},{"floor":11,"key":"Onion Ring"},{"floor":13,"key":"Chaos"},{"floor":26,"key":"Replay:Rubber Ducky"}],"event_choices":[{"damage_healed":0,"gold_gain":53,"player_choice":"Gained Gold","damage_taken":0,"max_hp_gain":0,"max_hp_loss":0,"event_name":"Golden Wing","floor":5,"gold_loss":0},{"damage_healed":0,"gold_gain":0,"player_choice":"Simplicity","damage_taken":0,"max_hp_gain":0,"max_hp_loss":0,"event_name":"Back to Basics","floor":22,"gold_loss":0,"cards_upgraded":["Strike_P","Strike_P","Strike_P","Strike_P","Defend_P","Defend_P","Defend_P","Defend_P"]}],"is_beta":false,"boss_relics":[{"not_picked":["InkBottle","Sundial"],"picked":"Nunchaku"},{"not_picked":[]}],"items_purged_floors":[],"is_endless":false,"potions_floor_spawned":[3,13,14,16,23],"killed_by":"Snecko","ascension_level":1}}