{"host":"r91i8wii3z9p67t1","time":1613004379,"event":{"mods":["BaseMod","Minty Spire (QoL Compilation)","Relic Stats","Reliquary","StSLib"],"gold_per_floor":[109,59,59,59,70,96,96,96,96],"floor_reached":8,"language":"ENG","playtime":526,"items_purged":[],"score":84,"play_id":"8048b0bc-7519-4a89-adee-a97c856f2c5f","local_time":"20210211084619","is_ascension_mode":true,"campfire_choices":[{"floor":7,"key":"REST"}],"circlet_count":0,"master_deck":["AscendersBane","Strike_P","Strike_P","Defend_P","Defend_P+1","Defend_P+1","Defend_P","Eruption","Vigilance","CutThroughFate","ClearTheMind","EmptyBody"],"relics":["Runic Dome","reliquary:Dhvaja"],"acts_visited":[],"potions_floor_usage":[6],"damage_taken":[{"damage":0,"enemies":"Cultist","floor":1,"turns":4},{"damage":2,"enemies":"Small Slimes","floor":5,"turns":4},{"damage":41,"enemies":"3 Sentries","floor":6,"turns":16},{"damage":22,"enemies":"Gremlin Nob","floor":8,"turns":4}],"seed_played":"-3095054330877363057","potions_obtained":[{"floor":1,"key":"Swift Potion"}],"is_trial":false,"path_per_floor":["M","?","?","?","M","E","R","E"],"character_chosen":"WATCHER","items_purchased":[],"campfire_rested":1,"item_purchase_floors":[],"current_hp_per_floor":[65,65,51,44,42,1,22,0,0],"gold":96,"neow_bonus":"BOSS_RELIC","is_daily":false,"chose_seed":false,"campfire_upgraded":0,"win_rate":0.0,"timestamp":1613004379,"path_taken":["M","?","?","?","M","E","R","E"],"items_purchased_type":[],"build_version":"2020-12-22","purchased_purges":0,"victory":false,"max_hp_per_floor":[72,72,72,72,72,72,72,72,72],"relic_stats":{"counters":[4,28],"obtain_stats":[{"Runic Dome":0,"PureWater":0,"reliquary:Dhvaja":6},{"Runic Dome":0,"PureWater":0,"reliquary:Dhvaja":3},{"Runic Dome":0,"PureWater":0,"reliquary:Dhvaja":24}]},"card_choices":[{"not_picked":["Nirvana","FlyingSleeves"],"picked":"CutThroughFate","floor":1},{"not_picked":["Crescendo","Wish"],"picked":"ClearTheMind","floor":5},{"not_picked":["Prostrate","Crescendo"],"picked":"EmptyBody","floor":6}],"player_experience":1045888,"relics_obtained":[{"floor":6,"key":"reliquary:Dhvaja"}],"event_choices":[{"cards_removed":["Strike_P"],"damage_healed":0,"gold_gain":0,"player_choice":"Card Removal","damage_taken":0,"max_hp_gain":0,"max_hp_loss":0,"event_name":"The Cleric","floor":2,"gold_loss":50},{"damage_healed":0,"gold_gain":0,"player_choice":"Entered Light","damage_taken":14,"max_hp_gain":0,"max_hp_loss":0,"event_name":"Shining Light","floor":3,"gold_loss":0,"cards_upgraded":["Defend_P","Defend_P"]},{"cards_removed":["Strike_P"],"damage_healed":0,"gold_gain":0,"player_choice":"Card Removal","damage_taken":7,"max_hp_gain":0,"max_hp_loss":0,"event_name":"Golden Wing","floor":4,"gold_loss":0}],"is_beta":false,"boss_relics":[],"items_purged_floors":[],"is_endless":false,"potions_floor_spawned":[1],"killed_by":"Gremlin Nob","ascension_level":11}}