{"host":"e2ju6k0wppswbhbd","time":1613054949,"event":{"mods":["BaseMod","Minty Spire (QoL Compilation)","Rare Cards Sparkle","StSLib"],"gold_per_floor":[117,117,129,129,129,129,158,158,158,177,194,226,239,239,239,337,337,350,363,377,377,377,392,392,421,421,421,521,521,521,539,539,643,643,663,679,691,8,0,0,28,79,79,79,39,54,54,88,88,88,88,88,38,66,66,66],"floor_reached":55,"language":"FRA","playtime":8412,"items_purged":["Decay"],"score":803,"play_id":"148cfcc0-a121-48eb-8b54-e8a0233048bf","local_time":"20210211154909","is_ascension_mode":false,"campfire_choices":[{"data":"Neutralize","floor":6.0,"key":"SMITH"},{"data":"Survivor","floor":8.0,"key":"SMITH"},{"floor":15.0,"key":"REST"},{"floor":24.0,"key":"RECALL"},{"floor":30.0,"key":"REST"},{"floor":32.0,"key":"REST"},{"data":"Backflip","floor":40,"key":"SMITH"},{"data":"Infinite Blades","floor":44,"key":"SMITH"},{"data":"Blur","floor":47,"key":"SMITH"},{"data":"Dash","floor":49,"key":"SMITH"},{"data":"Burst","floor":52,"key":"SMITH"}],"circlet_count":0,"master_deck":["Strike_G","Strike_G","Strike_G","Strike_G","Defend_G","Defend_G","Defend_G","Defend_G","Defend_G","Survivor+1","Neutralize+1","Sucker Punch","Deadly Poison","Burst+1","Quick Slash","Dagger Spray","Infinite Blades+1","Deadly Poison","Venomology","Riddle With Holes","Poisoned Stab","Noxious Fumes","Footwork","Backflip+1","Shame","Blur+1","Accuracy","Adrenaline","Calculated Gamble+1","Bane+1","PiercingWail+1","Caltrops+1","Dash+1","Blade Dance","Corpse Explosion","Prepared+1","Parasite","Slice+1","Dodge and Roll+1","Deadly Poison+1"],"relics":["Ring of the Snake","Nunchaku","Toy Ornithopter","Paper Crane","TungstenRod","FaceOfCleric","Cursed Key","Nilry\u0027s Codex","FossilizedHelix","Torii","Shovel","Question Card","PreservedInsect","WristBlade","Potion Belt","Anchor","Red Mask","Tough Bandages","The Specimen","Mummified Hand","Bag of Preparation","Boot"],"acts_visited":["Exordium","TheCity","TheBeyond","TheEnding"],"potions_floor_usage":[35,35,37,37,42,42,42,48,50,50,50,54,54],"damage_taken":[{"damage":2.0,"enemies":"Jaw Worm","floor":1.0,"turns":6.0},{"damage":0.0,"enemies":"2 Louse","floor":3.0,"turns":3.0},{"damage":24.0,"enemies":"Gremlin Nob","floor":7.0,"turns":5.0},{"damage":0.0,"enemies":"Cultist","floor":10.0,"turns":4.0},{"damage":2.0,"enemies":"3 Louse","floor":11.0,"turns":4.0},{"damage":19.0,"enemies":"3 Sentries","floor":12.0,"turns":11.0},{"damage":15.0,"enemies":"Large Slime","floor":13.0,"turns":7.0},{"damage":6.0,"enemies":"Hexaghost","floor":16.0,"turns":10.0},{"damage":2.0,"enemies":"Shell Parasite","floor":18.0,"turns":6.0},{"damage":0.0,"enemies":"3 Byrds","floor":19.0,"turns":5.0},{"damage":13.0,"enemies":"3 Cultists","floor":20.0,"turns":5.0},{"damage":6.0,"enemies":"Centurion and Healer","floor":23.0,"turns":6.0},{"damage":25.0,"enemies":"Slavers","floor":25.0,"turns":7.0},{"damage":19.0,"enemies":"Colosseum Slavers","floor":28.0,"turns":5.0},{"damage":18.0,"enemies":"Colosseum Nobs","floor":28.0,"turns":6.0},{"damage":40.0,"enemies":"Chosen and Byrds","floor":31.0,"turns":10.0},{"damage":50.0,"enemies":"Collector","floor":33.0,"turns":14.0},{"damage":0,"enemies":"3 Shapes","floor":35,"turns":4},{"damage":8,"enemies":"Orb Walker","floor":36,"turns":5},{"damage":1,"enemies":"4 Shapes","floor":37,"turns":6},{"damage":21,"enemies":"Nemesis","floor":41,"turns":5},{"damage":20,"enemies":"2 Orb Walkers","floor":42,"turns":4},{"damage":0,"enemies":"3 Darklings","floor":46,"turns":2},{"damage":0,"enemies":"Reptomancer","floor":48,"turns":5},{"damage":9,"enemies":"Donu and Deca","floor":50,"turns":7},{"damage":5,"enemies":"Shield and Spear","floor":54,"turns":5},{"damage":121,"enemies":"The Heart","floor":55,"turns":8}],"seed_played":"4829940239092908823","potions_obtained":[{"floor":10.0,"key":"BlessingOfTheForge"},{"floor":12.0,"key":"SmokeBomb"},{"floor":13.0,"key":"Weak Potion"},{"floor":16.0,"key":"SkillPotion"},{"floor":19.0,"key":"Regen Potion"},{"floor":25.0,"key":"DuplicationPotion"},{"floor":31.0,"key":"BlessingOfTheForge"},{"floor":33.0,"key":"BlessingOfTheForge"},{"floor":35,"key":"Explosive Potion"},{"floor":41,"key":"AttackPotion"},{"floor":46,"key":"Block Potion"},{"floor":48,"key":"Weak Potion"}],"is_trial":false,"path_per_floor":["M","?","M","?","?","R","E","R","T","M","M","E","M","?","R","B",null,"M","M","M","?","?","M","R","E","T","T","?","?","R","M","R","B",null,"M","M","M","$","?","R","E","?","T","R","?","M","R","E","R","B",null,"R","$","E","B"],"character_chosen":"THE_SILENT","items_purchased":["Potion Belt","Anchor","PiercingWail","Caltrops","Dash","BlessingOfTheForge","Dexterity Potion","Blade Dance","Swift Potion"],"campfire_rested":3,"item_purchase_floors":[38,38,38,38,38,38,38,38,53],"current_hp_per_floor":[68,61,61,61,66,66,42,42,42,42,40,26,11,11,33,28,76,75,78,66,66,54,69,69,55,55,55,25,25,49,10,35,16,85,86,79,87,87,87,87,67,63,63,63,63,64,64,70,70,77,93,93,93,89,0,0],"gold":66,"neow_bonus":"RANDOM_COMMON_RELIC","is_daily":false,"chose_seed":false,"campfire_upgraded":7,"win_rate":0.0,"timestamp":1613054949,"path_taken":["M","?","M","?","?","R","E","R","T","M","M","E","M","?","R","BOSS","M","M","?","?","?","M","R","E","T","?","?","?","R","?","R","BOSS","M","M","M","$","?","R","E","?","T","R","?","M","R","E","R","BOSS","R","$","E","BOSS"],"items_purchased_type":["Relic","Relic","Card","Card","Card","Potion","Potion","Card","Potion"],"build_version":"2020-12-22","purchased_purges":1,"victory":false,"max_hp_per_floor":[70,70,70,70,75,75,75,75,75,75,75,75,75,75,75,76,76,77,78,79,79,79,80,80,81,81,81,83,83,83,84,84,85,85,86,87,88,88,88,88,89,90,90,90,90,91,91,92,92,93,93,93,93,94,94,94],"card_choices":[{"not_picked":["Deflect","Slice"],"picked":"Sucker Punch","floor":1.0},{"not_picked":["Dodge and Roll","Choke"],"picked":"Deadly Poison","floor":3.0},{"not_picked":["Dodge and Roll","Bouncing Flask"],"picked":"Burst","floor":7.0},{"not_picked":["Riddle With Holes","Masterful Stab"],"picked":"Quick Slash","floor":10.0},{"not_picked":["All Out Attack","Backflip"],"picked":"Dagger Spray","floor":11.0},{"not_picked":["Prepared","Quick Slash"],"picked":"Infinite Blades","floor":12.0},{"not_picked":["Bane","Slice"],"picked":"Deadly Poison","floor":13.0},{"not_picked":["Night Terror","Phantasmal Killer"],"picked":"Venomology","floor":16.0},{"not_picked":["Acrobatics","All Out Attack"],"picked":"Riddle With Holes","floor":18.0},{"not_picked":["Predator","Cloak And Dagger"],"picked":"Poisoned Stab","floor":19.0},{"not_picked":["Underhanded Strike","Poisoned Stab"],"picked":"Noxious Fumes","floor":20.0},{"not_picked":["Dagger Throw","Escape Plan"],"picked":"Footwork","floor":23.0},{"not_picked":["Dodge and Roll","Deflect"],"picked":"Backflip","floor":25.0},{"not_picked":["Reflex+1","Slice+1"],"picked":"Blur","floor":28.0},{"not_picked":["Well Laid Plans","Calculated Gamble","Leg Sweep"],"picked":"Accuracy","floor":31.0},{"not_picked":["Phantasmal Killer","Malaise","Unload"],"picked":"Adrenaline","floor":33.0},{"not_picked":["Dodge and Roll+1","Quick Slash+1","Flying Knee","Underhanded Strike+1"],"picked":"SKIP","floor":35},{"not_picked":["Poisoned Stab","Infinite Blades","Expertise"],"picked":"Calculated Gamble+1","floor":36},{"not_picked":["Choke+1","Dagger Spray","Acrobatics"],"picked":"Bane+1","floor":37},{"not_picked":["Leg Sweep","Dodge and Roll","Blade Dance+1"],"picked":"Corpse Explosion","floor":41},{"not_picked":["Underhanded Strike+1","Footwork","Bane"],"picked":"Prepared+1","floor":42},{"not_picked":["Choke","Prepared+1","Dagger Spray+1"],"picked":"Slice+1","floor":46},{"not_picked":["Blur","Venomology","Dagger Spray"],"picked":"Dodge and Roll+1","floor":48},{"not_picked":["Skewer","Quick Slash","Backflip"],"picked":"Deadly Poison+1","floor":54}],"player_experience":2815749,"relics_obtained":[{"floor":7.0,"key":"Toy Ornithopter"},{"floor":9.0,"key":"Paper Crane"},{"floor":12.0,"key":"TungstenRod"},{"floor":22.0,"key":"Nilry\u0027s Codex"},{"floor":25.0,"key":"FossilizedHelix"},{"floor":26.0,"key":"Torii"},{"floor":28.0,"key":"Shovel"},{"floor":28.0,"key":"Question Card"},{"floor":41,"key":"Tough Bandages"},{"floor":42,"key":"The Specimen"},{"floor":43,"key":"Mummified Hand"},{"floor":48,"key":"Bag of Preparation"},{"floor":54,"key":"Boot"}],"event_choices":[{"cards_removed":["Strike_G"],"damage_healed":0.0,"max_hp_gain":0.0,"max_hp_loss":0.0,"gold_gain":0.0,"event_name":"Golden Wing","player_choice":"Card Removal","floor":2.0,"gold_loss":0.0,"damage_taken":7.0},{"damage_healed":0.0,"max_hp_gain":0.0,"max_hp_loss":0.0,"gold_gain":0.0,"event_name":"Liars Game","player_choice":"Ignored","floor":4.0,"gold_loss":0.0,"damage_taken":0.0},{"damage_healed":0.0,"max_hp_gain":5.0,"max_hp_loss":0.0,"gold_gain":0.0,"event_name":"Big Fish","player_choice":"Donut","floor":5.0,"gold_loss":0.0,"damage_taken":0.0},{"damage_healed":0.0,"max_hp_gain":0.0,"max_hp_loss":0.0,"gold_gain":0.0,"event_name":"FaceTrader","player_choice":"Trade","floor":14.0,"gold_loss":0.0,"damage_taken":0.0,"relics_obtained":["FaceOfCleric"]},{"damage_healed":0.0,"max_hp_gain":0.0,"max_hp_loss":0.0,"gold_gain":0.0,"event_name":"Vampires","player_choice":"Ignored","floor":21.0,"gold_loss":0.0,"damage_taken":0.0},{"damage_healed":0.0,"max_hp_gain":0.0,"max_hp_loss":0.0,"gold_gain":0.0,"event_name":"Cursed Tome","player_choice":"Obtained Book","floor":22.0,"gold_loss":0.0,"damage_taken":16.0},{"damage_healed":0.0,"max_hp_gain":0.0,"max_hp_loss":0.0,"gold_gain":0.0,"event_name":"Colosseum","player_choice":"Fight","floor":28.0,"gold_loss":0.0,"damage_taken":0.0},{"damage_healed":0.0,"max_hp_gain":0.0,"max_hp_loss":0.0,"gold_gain":0.0,"event_name":"Colosseum","player_choice":"Fought Nobs","floor":28.0,"gold_loss":0.0,"damage_taken":0.0},{"damage_healed":0.0,"max_hp_gain":0.0,"max_hp_loss":0.0,"gold_gain":0.0,"event_name":"WeMeetAgain","player_choice":"Gave Potion","floor":29.0,"gold_loss":0.0,"damage_taken":0.0,"relics_obtained":["PreservedInsect"]},{"damage_healed":0,"gold_gain":0,"player_choice":"Paid","damage_taken":0,"relics_obtained":["Red Mask"],"max_hp_gain":0,"max_hp_loss":0,"event_name":"Tomb of Lord Red Mask","floor":39,"gold_loss":8},{"damage_healed":0,"gold_gain":0,"player_choice":"Fight","damage_taken":0,"max_hp_gain":0,"max_hp_loss":0,"event_name":"Mysterious Sphere","floor":42,"gold_loss":0},{"damage_healed":0,"gold_gain":0,"player_choice":"Upgraded Two","damage_taken":0,"max_hp_gain":0,"max_hp_loss":0,"event_name":"Designer","floor":45,"gold_loss":40,"cards_upgraded":["PiercingWail","Caltrops"]}],"is_beta":false,"boss_relics":[{"not_picked":["Ectoplasm","Black Star"],"picked":"Cursed Key"},{"not_picked":["Busted Crown","Empty Cage"],"picked":"WristBlade"}],"items_purged_floors":[38],"is_endless":false,"potions_floor_spawned":[10,12,13,16,19,25,28,31,33,35,41,46,48],"killed_by":"The Heart","ascension_level":0}}