{"host":"l2dnabsh5e0fsksb","time":1613046711,"event":{"mods":["2.2 Compatiblity","BaseMod","Downfall","Minty Spire (QoL Compilation)","Quick Restart","StSLib"],"gold_per_floor":[99,113,133,147,164,174,201,201,5,5,17,2,2,0,13,116,116,16,34,34,47,47,63,109,127,27,56,70,55,55,84,101,196,196,196,216,216,216,231,231,286,300,536,384,417,317,328,361,371,371,371,371,371,371],"floor_reached":52,"language":"ENG","playtime":2548,"items_purged":["Decay"],"score":890,"play_id":"e9df74ac-5fb7-4377-a28c-a57a2a4ee116","local_time":"20210211230151","is_ascension_mode":true,"campfire_choices":[{"floor":1.0,"key":"RECALL"},{"data":"hexamod:SwordOfDarkness","floor":10.0,"key":"SMITH"},{"data":"hexamod:ThermalTransfer","floor":13.0,"key":"SMITH"},{"data":"hexamod:TimeWarp","floor":18.0,"key":"SMITH"},{"data":"hexamod:FlamesFromBeyond","floor":26.0,"key":"SMITH"},{"data":"hexamod:SpectersWail","floor":30.0,"key":"SMITH"},{"data":"hexamod:TimeWarp","floor":35.0,"key":"SMITH"},{"data":"hexamod:ExtraCrispy","floor":46.0,"key":"SMITH"}],"circlet_count":0,"master_deck":["hexamod:Strike","hexamod:Strike","hexamod:Strike","hexamod:Strike","hexamod:Defend","hexamod:Defend","hexamod:Defend","hexamod:Defend","hexamod:Sear","hexamod:Float","hexamod:ThermalTransfer+1","hexamod:Hexaguard","hexamod:ExtraCrispy+1","hexamod:GhostOfSpireFuture","hexamod:HeatMetal+1","hexamod:GhostOfSpireFuture","hexamod:SwordOfDarkness+1","hexamod:SoulSteal","hexamod:PowerFromBeyond","hexamod:FlamesFromBeyond+1","hexamod:TimeWarp+1","hexamod:RainOfEmbers+1","hexamod:InspiringFlames+1","hexamod:SpectersWail+1","hexamod:RadiantFlame","hexamod:SoulSteal+1","hexamod:TimeWarp+1","hexamod:SoulSteal+1","hexamod:Firestarter","hexamod:ThermalTransfer+1"],"relics":["hexamod:SpiritBrand","FossilizedHelix","Guardian:PocketSentry","Membership Card","expansioncontent:StudyCardRelic","downfall:HeartBlessingRed","Bird Faced Urn","downfall:HeartBlessingBlue","champ:DuelingGlove","Ice Cream","Busted Crown","Bag of Marbles","Blood Vial","Strange Spoon","Happy Flower","bronze:BronzeIdol","downfall:HeartBlessingGreen","Akabeko"],"acts_visited":["Exordium","TheCity","TheBeyond","TheEnding"],"potions_floor_usage":[52],"damage_taken":[{"damage":0.0,"enemies":"Small Slimes","floor":2.0,"turns":3.0},{"damage":0.0,"enemies":"2 Louse","floor":3.0,"turns":2.0},{"damage":0.0,"enemies":"Jaw Worm","floor":4.0,"turns":4.0},{"damage":0.0,"enemies":"Gremlin Gang","floor":5.0,"turns":3.0},{"damage":10.0,"enemies":"Lots of Slimes","floor":6.0,"turns":7.0},{"damage":0.0,"enemies":"downfall:FleeingMerchant","floor":9.0,"turns":4.0},{"damage":0.0,"enemies":"Exordium Wildlife","floor":11.0,"turns":4.0},{"damage":0.0,"enemies":"downfall:FleeingMerchant","floor":12.0,"turns":4.0},{"damage":8.0,"enemies":"downfall:FleeingMerchant","floor":14.0,"turns":4.0},{"damage":0.0,"enemies":"3 Louse","floor":15.0,"turns":2.0},{"damage":12.0,"enemies":"SI_SHIV_ARCHETYPE","floor":16.0,"turns":6.0},{"damage":0.0,"enemies":"Spheric Guardian","floor":19.0,"turns":3.0},{"damage":12.0,"enemies":"Snake Plant","floor":21.0,"turns":3.0},{"damage":12.0,"enemies":"3 Cultists","floor":23.0,"turns":4.0},{"damage":12.0,"enemies":"Sentry and Sphere","floor":25.0,"turns":4.0},{"damage":10.0,"enemies":"Gremlin Leader","floor":27.0,"turns":7.0},{"damage":13.0,"enemies":"Shelled Parasite and Fungi","floor":28.0,"turns":4.0},{"damage":0.0,"enemies":"downfall:FleeingMerchant","floor":29.0,"turns":4.0},{"damage":10.0,"enemies":"Slavers","floor":31.0,"turns":3.0},{"damage":0.0,"enemies":"Chosen and Byrds","floor":32.0,"turns":4.0},{"damage":25.0,"enemies":"IC_MUSHROOM_ARCHETYPE","floor":33.0,"turns":5.0},{"damage":8.0,"enemies":"3 Darklings","floor":36.0,"turns":3.0},{"damage":0.0,"enemies":"Orb Walker","floor":39.0,"turns":3.0},{"damage":14.0,"enemies":"4 Shapes","floor":42.0,"turns":3.0},{"damage":12.0,"enemies":"downfall:FleeingMerchant","floor":43.0,"turns":3.0},{"damage":0.0,"enemies":"Giant Head","floor":45.0,"turns":6.0},{"damage":0.0,"enemies":"Spire Growth","floor":47.0,"turns":4.0},{"damage":13.0,"enemies":"Reptomancer","floor":48.0,"turns":5.0},{"damage":0.0,"enemies":"3 Darklings","floor":49.0,"turns":4.0},{"damage":53.0,"enemies":"DF_ARCHETYPE_ORBS","floor":50.0,"turns":9.0},{"damage":91,"enemies":"downfall:CharBossMerchant","floor":52,"turns":6}],"seed_played":"2795334265508877098","potions_obtained":[{"floor":3.0,"key":"Explosive Potion"},{"floor":5.0,"key":"GamblersBrew"},{"floor":15.0,"key":"DuplicationPotion"},{"floor":16.0,"key":"SteroidPotion"},{"floor":20.0,"key":"CultistPotion"},{"floor":21.0,"key":"Guardian:BlockOnCardUsePotion"},{"floor":31.0,"key":"Dexterity Potion"},{"floor":33.0,"key":"SpeedPotion"},{"floor":36.0,"key":"Swift Potion"},{"floor":39.0,"key":"hexamod:InfernoChargePotion"},{"floor":48.0,"key":"Regen Potion"}],"is_trial":false,"path_per_floor":["R","M","M","M","M","M","T","?","$","R","M","$","R","$","M","B",null,"R","M","?","M","T","M","T","M","R","E","M","$","R","E","M","B",null,"R","M","?","?","M","?","T","M","$","$","E","R","M","E","M","B",null,"E"],"character_chosen":"THE_SPIRIT","items_purchased":["Membership Card","hexamod:SwordOfDarkness","Blood Vial","Strange Spoon","Happy Flower"],"campfire_rested":0,"item_purchase_floors":[9,9,43,44,44],"current_hp_per_floor":[70,70,70,70,70,60,60,60,60,60,60,60,60,52,52,40,70,70,70,70,58,58,60,60,56,66,68,63,71,71,69,77,63,80,80,72,72,72,74,74,74,64,62,62,78,78,80,73,80,46,80,0,0,0],"gold":371,"neow_bonus":"ONE_RARE_RELIC","is_daily":false,"chose_seed":false,"campfire_upgraded":7,"win_rate":0.0,"timestamp":1613046711,"path_taken":["R","M","M","M","M","M","T","?","$","R","M","$","R","$","M","BOSS","R","M","?","M","?","?","T","M","R","E","?","$","R","E","M","BOSS","R","M","?","?","M","?","T","M","?","$","E","R","M","E","M","BOSS","E"],"items_purchased_type":["Relic","Card","Relic","Relic","Relic"],"build_version":"2020-12-22","purchased_purges":1,"victory":false,"max_hp_per_floor":[70,70,70,70,70,70,70,70,70,70,70,70,70,70,70,70,70,70,70,70,70,70,70,70,70,80,80,80,80,80,80,80,80,80,80,80,80,80,80,80,80,80,80,80,80,80,80,80,80,80,80,80,80,80],"card_choices":[{"not_picked":["hexamod:ThirdSeal","hexamod:FastForward"],"picked":"hexamod:ThermalTransfer","floor":2.0},{"not_picked":["hexamod:FastForward","hexamod:ThirdSeal"],"picked":"hexamod:Hexaguard","floor":3.0},{"not_picked":["hexamod:FirstSeal","hexamod:BurningTouch"],"picked":"hexamod:ExtraCrispy","floor":4.0},{"not_picked":["hexamod:PhantomCloak","hexamod:GhostShield"],"picked":"hexamod:GhostOfSpireFuture","floor":5.0},{"not_picked":["hexamod:NightmareGuise","hexamod:SpectersWail"],"picked":"hexamod:HeatMetal","floor":6.0},{"not_picked":["hexamod:HauntingEcho","hexamod:Haunt"],"picked":"hexamod:GhostOfSpireFuture","floor":9.0},{"not_picked":["hexamod:FastForward","hexamod:BurningTouch"],"picked":"hexamod:SoulSteal","floor":11.0},{"not_picked":["hexamod:Again","hexamod:ShieldOfDarkness"],"picked":"hexamod:PowerFromBeyond","floor":12.0},{"not_picked":["hexamod:NightmareGuise","hexamod:RetreatToShadows"],"picked":"hexamod:FlamesFromBeyond","floor":14.0},{"not_picked":["hexamod:AdvancingGuard","hexamod:SoulSteal","hexamod:SuperheatedStrike"],"picked":"SKIP","floor":15.0},{"not_picked":["hexamod:VolcanoVisage","hexamod:ApocalypticArmor"],"picked":"hexamod:TimeWarp","floor":16.0},{"not_picked":["hexamod:NightmareStrike","hexamod:GhostLash"],"picked":"hexamod:RainOfEmbers+1","floor":19.0},{"not_picked":["hexamod:SoulSteal","hexamod:PhantomFireball"],"picked":"hexamod:InspiringFlames+1","floor":21.0},{"not_picked":["hexamod:Haunt","hexamod:BacktrackSmack","hexamod:SecondSeal"],"picked":"SKIP","floor":23.0},{"not_picked":["hexamod:InspiringFlames","hexamod:BacktrackSmack+1"],"picked":"hexamod:SpectersWail","floor":25.0},{"not_picked":["hexamod:ChargedBarrage","hexamod:BacktrackSmack"],"picked":"hexamod:RadiantFlame","floor":27.0},{"not_picked":["hexamod:EtherealExpedition","hexamod:GhostLash","hexamod:NecessarySacrifice"],"picked":"SKIP","floor":28.0},{"not_picked":["hexamod:ShieldOfDarkness","hexamod:RetreatToShadows+1","hexamod:NightmareStrike"],"picked":"SKIP","floor":29.0},{"not_picked":["hexamod:NecessarySacrifice","hexamod:TurnItUp","hexamod:SecondSeal"],"picked":"SKIP","floor":31.0},{"not_picked":["hexamod:GhostShield","hexamod:BurningTouch+1"],"picked":"hexamod:SoulSteal+1","floor":32.0},{"not_picked":["hexamod:TurnItUp","hexamod:GhostflameInferno"],"picked":"hexamod:TimeWarp","floor":33.0},{"not_picked":[],"picked":"hexamod:SoulSteal+1","floor":36.0},{"not_picked":["hexamod:ThermalTransfer"],"picked":"SKIP","floor":39.0},{"not_picked":[],"picked":"hexamod:Firestarter","floor":42.0},{"not_picked":[],"picked":"hexamod:ThermalTransfer+1","floor":43.0},{"not_picked":["hexamod:SuperheatedStrike"],"picked":"SKIP","floor":45.0},{"not_picked":["hexamod:ShieldOfDarkness"],"picked":"SKIP","floor":47.0},{"not_picked":["hexamod:SuperheatedStrike"],"picked":"SKIP","floor":48.0},{"not_picked":["hexamod:ThirdSeal"],"picked":"SKIP","floor":49.0}],"player_experience":1925801,"relics_obtained":[{"floor":7.0,"key":"Guardian:PocketSentry"},{"floor":22.0,"key":"Bird Faced Urn"},{"floor":27.0,"key":"champ:DuelingGlove"},{"floor":31.0,"key":"Ice Cream"},{"floor":41.0,"key":"Bag of Marbles"},{"floor":45.0,"key":"bronze:BronzeIdol"},{"floor":48.0,"key":"Akabeko"}],"event_choices":[{"damage_healed":0.0,"max_hp_gain":0.0,"max_hp_loss":0.0,"gold_gain":0.0,"event_name":"Living Wall","player_choice":"Grow","floor":8.0,"gold_loss":0.0,"damage_taken":0.0,"cards_upgraded":["hexamod:HeatMetal"]}],"is_beta":false,"boss_relics":[{"not_picked":["bronze:MakeshiftBattery","SacredBark"],"picked":"expansioncontent:StudyCardRelic"},{"not_picked":["Astrolabe","Tiny House"],"picked":"Busted Crown"}],"items_purged_floors":[43],"is_endless":false,"potions_floor_spawned":[3,5,15,16,21,25,28,31,33,36,39,48,49],"killed_by":"downfall:CharBossMerchant","ascension_level":4}}