{"host":"42xf941fomyavgzy","time":1613012501,"event":{"mods":["Act Like it!","Astrologer","BaseMod","Colored Map","Minty Spire (QoL Compilation)","Shop Mod","StSLib","SuperFastMode","The Cursed"],"gold_per_floor":[119,133,153,153,328,328,339,353,353,369,402,417,417,417,417,522,522,536,153,165,184,202,202,227,227,227,227,327,356,379,379,379,476,476,496,516,368,368,368,368,71,71,71,85,120,120,40,54,54,54,54,54,14,43,43,43],"floor_reached":55,"language":"JPN","playtime":3849,"items_purged":["astrologer:Strike"],"score":735,"play_id":"d4aab10f-ea5c-4d67-9496-044a6fa1ea62","local_time":"20210211120141","is_ascension_mode":false,"campfire_choices":[{"data":"astrologer:CometStrike","floor":6,"key":"SMITH"},{"floor":13,"key":"REST"},{"data":"astrologer:StarOfMisfortune","floor":15,"key":"SMITH"},{"data":"astrologer:Trine","floor":23,"key":"SMITH"},{"data":"astrologer:CometStrike","floor":27,"key":"SMITH"},{"data":"astrologer:Glimpse","floor":32,"key":"SMITH"},{"data":"astrologer:Eclipse","floor":40,"key":"SMITH"},{"floor":42,"key":"RECALL"},{"floor":46,"key":"REST"},{"data":"astrologer:TheSun","floor":49,"key":"SMITH"},{"data":"astrologer:Nova","floor":52,"key":"SMITH"}],"circlet_count":0,"master_deck":["astrologer:Strike","astrologer:Defend","astrologer:Defend","astrologer:Defend","astrologer:NorthStar","astrologer:TheFool+1","astrologer:Novile","astrologer:Retelling","astrologer:CometStrike+1","astrologer:StarOfMisfortune+1","astrologer:Trine+1","astrologer:CometStrike+1","astrologer:Stardust","astrologer:TheSun+1","astrologer:Eclipse+1","astrologer:Glimpse+1","Dark Shackles","astrologer:Temperance","astrologer:Opposition","astrologer:TheChariot","Necronomicurse","Clumsy","astrologer:Moonlight","astrologer:FadingStar+1","TheCursedMod:Dregs","astrologer:TheWorld","astrologer:Temperance+1","astrologer:Judgement+1","astrologer:ShiningStar+1","Discovery","Doubt","astrologer:Nova+1","astrologer:Quincunx","astrologer:CosmicExpanse","astrologer:Moonlight+1"],"relics":["astrologer:SkyMirror","Torii","Bottled Flame","HornCleat","Cursed Key","OrangePellets","TungstenRod","Necronomicon","Bottled Tornado","CaptainsWheel","Bottled Lightning","FossilizedHelix","Blood Vial","Astrolabe","Cauldron","Bronze Scales","Sling","MealTicket","Boot"],"acts_visited":["Exordium","TheCity","TheBeyond","TheEnding"],"potions_floor_usage":[20,24,24,33,45,50,54],"damage_taken":[{"damage":1,"enemies":"2 Louse","floor":1,"turns":3},{"damage":0,"enemies":"Cultist","floor":2,"turns":3},{"damage":2,"enemies":"Jaw Worm","floor":3,"turns":4},{"damage":8,"enemies":"Large Slime","floor":7,"turns":5},{"damage":2,"enemies":"Exordium Wildlife","floor":8,"turns":5},{"damage":2,"enemies":"2 Fungi Beasts","floor":10,"turns":4},{"damage":19,"enemies":"3 Sentries","floor":11,"turns":9},{"damage":0,"enemies":"Looter","floor":12,"turns":2},{"damage":30,"enemies":"The Guardian","floor":16,"turns":11},{"damage":0,"enemies":"2 Thieves","floor":18,"turns":3},{"damage":0,"enemies":"3 Byrds","floor":20,"turns":4},{"damage":0,"enemies":"Centurion and Healer","floor":21,"turns":6},{"damage":8,"enemies":"Sentry and Sphere","floor":22,"turns":6},{"damage":2,"enemies":"Slavers","floor":24,"turns":5},{"damage":0,"enemies":"Colosseum Slavers","floor":28,"turns":4},{"damage":36,"enemies":"Colosseum Nobs","floor":28,"turns":5},{"damage":0,"enemies":"Gremlin Leader","floor":29,"turns":6},{"damage":9,"enemies":"Collector","floor":33,"turns":9},{"damage":0,"enemies":"3 Darklings","floor":35,"turns":6},{"damage":0,"enemies":"Orb Walker","floor":36,"turns":4},{"damage":0,"enemies":"Spire Growth","floor":44,"turns":6},{"damage":18,"enemies":"Nemesis","floor":45,"turns":5},{"damage":0,"enemies":"3 Darklings","floor":48,"turns":7},{"damage":29,"enemies":"Donu and Deca","floor":50,"turns":10},{"damage":61,"enemies":"Shield and Spear","floor":54,"turns":9},{"damage":44,"enemies":"The Heart","floor":55,"turns":6}],"seed_played":"-7469251565481707674","potions_obtained":[{"floor":2,"key":"Explosive Potion"},{"floor":11,"key":"Explosive Potion"},{"floor":12,"key":"Block Potion"},{"floor":16,"key":"PowerPotion"},{"floor":21,"key":"DuplicationPotion"},{"floor":24,"key":"SpeedPotion"},{"floor":33,"key":"SpeedPotion"},{"floor":37,"key":"LiquidBronze"},{"floor":37,"key":"Fruit Juice"},{"floor":45,"key":"DuplicationPotion"}],"is_trial":false,"path_per_floor":["M","M","M","?","?","R","M","M","T","M","E","M","R","?","R","B",null,"M","$","M","M","M","R","E","?","T","R","?","E","T","?","R","B",null,"M","M","$","?","?","R","$","R","T","M","E","R","$","M","R","B",null,"R","$","E","B"],"character_chosen":"ASTROLOGER","items_purchased":["astrologer:Glimpse","Dark Shackles","OrangePellets","Cauldron","Bronze Scales","Sling","astrologer:Nova","astrologer:CosmicExpanse"],"campfire_rested":2,"item_purchase_floors":[19,19,19,37,41,41,47,53],"current_hp_per_floor":[69,69,67,42,42,42,34,32,32,30,11,11,32,32,32,2,70,70,70,70,70,62,62,63,51,51,51,15,15,15,38,38,39,70,70,70,70,70,70,70,70,70,70,70,57,75,75,75,75,53,75,75,75,21,0,0],"gold":43,"neow_bonus":"UPGRADE_CARD","is_daily":false,"chose_seed":false,"campfire_upgraded":8,"win_rate":0.0,"timestamp":1613012501,"path_taken":["M","M","M","?","?","R","M","M","T","M","E","M","R","?","R","BOSS","M","$","M","M","M","R","E","?","T","R","?","E","?","?","R","BOSS","M","M","$","?","?","R","$","R","T","M","E","R","?","M","R","BOSS","R","$","E","BOSS"],"items_purchased_type":["Card","Card","Relic","Relic","Relic","Relic","Card","Card"],"build_version":"2020-12-22","purchased_purges":1,"victory":false,"max_hp_per_floor":[70,70,70,70,70,70,70,70,70,70,70,70,70,70,70,70,70,70,70,70,70,70,70,70,70,70,70,70,70,70,70,70,70,70,70,70,70,70,70,70,70,70,70,70,75,75,75,75,75,75,75,75,75,75,75,75],"card_choices":[{"not_picked":["astrologer:MeteorShower","astrologer:ShiningStar"],"picked":"astrologer:Novile","floor":1},{"not_picked":["astrologer:FrozenStar","astrologer:CrystalBall"],"picked":"astrologer:Retelling","floor":2},{"not_picked":["astrologer:Moonlight","astrologer:Eclipse"],"picked":"astrologer:CometStrike","floor":3},{"not_picked":["astrologer:SolarFlare","astrologer:FrozenStar","astrologer:Prismatic"],"picked":"SKIP","floor":7},{"not_picked":["astrologer:ReadTheStars","astrologer:MeteorShower"],"picked":"astrologer:StarOfMisfortune","floor":8},{"not_picked":["astrologer:Conjunction","astrologer:Eclipse"],"picked":"astrologer:Trine","floor":10},{"not_picked":["astrologer:SolarFlare","astrologer:Judgement"],"picked":"astrologer:CometStrike","floor":11},{"not_picked":["astrologer:SpaceDust","astrologer:StarOfMisfortune"],"picked":"astrologer:Stardust","floor":12},{"not_picked":["astrologer:TheWorld","astrologer:Trine"],"picked":"astrologer:TheSun","floor":16},{"not_picked":["astrologer:Radiance","astrologer:SolarFlare"],"picked":"astrologer:Eclipse","floor":18},{"not_picked":["astrologer:Radiance+1","astrologer:SolarFlare"],"picked":"astrologer:Temperance","floor":20},{"not_picked":["astrologer:SolarFlare","astrologer:Eclipse+1"],"picked":"astrologer:Opposition","floor":21},{"not_picked":["astrologer:Cataclysm","astrologer:Eclipse","astrologer:Temperance"],"picked":"SKIP","floor":22},{"not_picked":["astrologer:SolarFlare","astrologer:TheMoon"],"picked":"astrologer:TheChariot","floor":24},{"not_picked":["astrologer:Eclipse+1","astrologer:SolarFlare+1"],"picked":"astrologer:Moonlight","floor":28},{"not_picked":["astrologer:Stardust","astrologer:Sunrise+1"],"picked":"astrologer:FadingStar+1","floor":29},{"not_picked":["astrologer:TheChariot","astrologer:Trine"],"picked":"astrologer:TheWorld","floor":33},{"not_picked":["astrologer:MeteorShower+1","astrologer:StarOfChange+1","astrologer:Still+1"],"picked":"SKIP","floor":35},{"not_picked":["astrologer:ReadTheStars","astrologer:Premeditation","astrologer:MeteorShower+1"],"picked":"SKIP","floor":36},{"not_picked":["HandOfGreed","Purity"],"picked":"Discovery","floor":39},{"not_picked":["astrologer:Prismatic","astrologer:SolarFlare","astrologer:Opposition+1"],"picked":"SKIP","floor":44},{"not_picked":["astrologer:CometStrike","astrologer:TheLovers+1","astrologer:StarOfRegret+1"],"picked":"SKIP","floor":45},{"not_picked":["astrologer:Premeditation","astrologer:Opposition"],"picked":"astrologer:Quincunx","floor":48},{"not_picked":["astrologer:CosmicExpanse+1","astrologer:TheMagician"],"picked":"astrologer:Moonlight+1","floor":54}],"player_experience":463421,"relics_obtained":[{"floor":9,"key":"Bottled Flame"},{"floor":11,"key":"HornCleat"},{"floor":24,"key":"TungstenRod"},{"floor":25,"key":"Necronomicon"},{"floor":26,"key":"Bottled Tornado"},{"floor":28,"key":"CaptainsWheel"},{"floor":28,"key":"Bottled Lightning"},{"floor":29,"key":"FossilizedHelix"},{"floor":30,"key":"Blood Vial"},{"floor":45,"key":"MealTicket"},{"floor":54,"key":"Boot"}],"event_choices":[{"damage_healed":0,"gold_gain":0,"player_choice":"Success","damage_taken":25,"relics_obtained":["Torii"],"max_hp_gain":0,"max_hp_loss":0,"event_name":"Scrap Ooze","floor":4,"gold_loss":0},{"damage_healed":0,"gold_gain":175,"player_choice":"AGREE","damage_taken":0,"max_hp_gain":0,"max_hp_loss":0,"event_name":"Liars Game","floor":5,"gold_loss":0,"cards_obtained":["Doubt"]},{"cards_removed":["Doubt"],"damage_healed":0,"gold_gain":0,"player_choice":"Purged","damage_taken":0,"max_hp_gain":0,"max_hp_loss":0,"event_name":"Purifier","floor":14,"gold_loss":0},{"damage_healed":0,"gold_gain":0,"player_choice":"Obtained Book","damage_taken":16,"max_hp_gain":0,"max_hp_loss":0,"event_name":"Cursed Tome","floor":25,"gold_loss":0},{"damage_healed":0,"gold_gain":0,"player_choice":"Fight","damage_taken":0,"max_hp_gain":0,"max_hp_loss":0,"event_name":"Colosseum","floor":28,"gold_loss":0},{"damage_healed":0,"gold_gain":0,"player_choice":"Fought Nobs","damage_taken":0,"max_hp_gain":0,"max_hp_loss":0,"event_name":"Colosseum","floor":28,"gold_loss":0},{"damage_healed":23,"gold_gain":0,"player_choice":"Heal","damage_taken":0,"max_hp_gain":0,"max_hp_loss":0,"event_name":"The Library","floor":31,"gold_loss":0},{"damage_healed":0,"gold_gain":0,"player_choice":"Ignored","damage_taken":0,"max_hp_gain":0,"max_hp_loss":0,"event_name":"Tomb of Lord Red Mask","floor":38,"gold_loss":0},{"damage_healed":0,"gold_gain":0,"player_choice":"Memory 1","damage_taken":0,"max_hp_gain":0,"max_hp_loss":0,"event_name":"SensoryStone","floor":39,"gold_loss":0}],"is_beta":false,"boss_relics":[{"not_picked":["Fusion Hammer","Sozu"],"picked":"Cursed Key"},{"not_picked":["Coffee Dripper","Calling Bell"],"picked":"Astrolabe"}],"items_purged_floors":[19],"is_endless":false,"potions_floor_spawned":[2,11,12,16,21,22,24,33,45,48],"killed_by":"The Heart","ascension_level":0}}