{"host":"52lujqhsyicpcskq","time":1613043920,"event":{"mods":["BaseMod","Colored Map","Minty Spire (QoL Compilation)","Permanent Neow","StSLib","SuperFastMode","everything is the same but u backflip on backflip"],"gold_per_floor":[118,138,154,174,192,192,220,220],"floor_reached":7,"language":"KOR","playtime":241,"items_purged":[],"score":88,"play_id":"92d21d0d-4d23-4104-807d-8a9eaeb86016","local_time":"20210211204520","is_ascension_mode":true,"campfire_choices":[{"data":"Redo","floor":6.0,"key":"SMITH"}],"circlet_count":0,"master_deck":["AscendersBane","Strike_B","Strike_B","Strike_B","Strike_B","Defend_B","Defend_B","Defend_B","Defend_B","Zap+1","Dualcast","Sweeping Beam","Gash","Self Repair","Redo+1","Genetic Algorithm"],"relics":["Cracked Core","Mummified Hand"],"acts_visited":["Exordium"],"potions_floor_usage":[],"damage_taken":[{"damage":1.0,"enemies":"Cultist","floor":1.0,"turns":4.0},{"damage":0.0,"enemies":"Small Slimes","floor":2.0,"turns":2.0},{"damage":0.0,"enemies":"2 Louse","floor":3.0,"turns":2.0},{"damage":7.0,"enemies":"Looter","floor":4.0,"turns":3.0},{"damage":23.0,"enemies":"Exordium Thugs","floor":5.0,"turns":3.0},{"damage":46.0,"enemies":"Gremlin Nob","floor":7.0,"turns":5.0}],"seed_played":"-8765190929760453123","potions_obtained":[{"floor":3.0,"key":"PowerPotion"},{"floor":5.0,"key":"Block Potion"}],"is_trial":false,"path_per_floor":["M","M","M","M","M","R","E"],"character_chosen":"DEFECT","items_purchased":[],"campfire_rested":0,"item_purchase_floors":[],"current_hp_per_floor":[67,67,67,67,51,51,12,12],"gold":220,"neow_bonus":"UPGRADE_CARD","is_daily":false,"chose_seed":false,"campfire_upgraded":1,"win_rate":0.0,"timestamp":1613043920,"path_taken":["M","M","M","M","?","R","E"],"items_purchased_type":[],"build_version":"2020-12-22","purchased_purges":0,"victory":false,"max_hp_per_floor":[75,75,75,75,75,75,75,75],"card_choices":[{"not_picked":["Rip and Tear","Auto Shields"],"picked":"Sweeping Beam","floor":1.0},{"not_picked":["Reprogram","Sweeping Beam"],"picked":"Gash","floor":2.0},{"not_picked":["Rebound","Turbo"],"picked":"Self Repair","floor":3.0},{"not_picked":["White Noise","Barrage"],"picked":"Redo","floor":4.0},{"not_picked":["Redo","Streamline"],"picked":"Genetic Algorithm","floor":5.0}],"player_experience":783017,"relics_obtained":[{"floor":7,"key":"Mummified Hand"}],"event_choices":[],"is_beta":false,"boss_relics":[],"items_purged_floors":[],"is_endless":false,"potions_floor_spawned":[3,5],"killed_by":"Gremlin Nob","ascension_level":12}}