{"host":"cc6r8m2qe4jvlwua","time":1613009206,"event":{"mods":["BaseMod","Hubris","Marisa????????","Minty Spire (QoL Compilation)","Morshu Shopkeeper","Replay The Spire","Spicy Shops","StSLib","The Cursed","The Marked","The Necromancer"],"gold_per_floor":[113,132,57,57,57,85,102,102,102,112,131,11,11,26,26,129,129,146,163,262,30,49,49,83,95,171,199,199,211,211,221,221,325,325,339,352,352,371,388,388,417,417,417,417,432,432,474,493,493,493,493],"floor_reached":50,"language":"ENG","playtime":7444,"items_purged":["Strike_W","Strike_W","Strike_W","Strike_W"],"score":843,"play_id":"e7a9015b-53c3-4815-bb16-1339cdc23ba3","local_time":"20210210200646","is_ascension_mode":true,"campfire_choices":[{"data":"Whirlwind_of_Bones","floor":8.0,"key":"SMITH"},{"data":"Bone_Bullets","floor":13.0,"key":"SMITH"},{"data":"Bone_Armor","floor":15.0,"key":"SMITH"},{"data":"Summon_Death_Knight","floor":23.0,"key":"SMITH"},{"data":"Bone_Wall","floor":32.0,"key":"SMITH"},{"floor":40,"key":"REST"},{"data":"Negative_Energy_Arrows","floor":42,"key":"SMITH"},{"floor":46,"key":"REST"},{"data":"Bones_to_Steel","floor":49,"key":"SMITH"}],"circlet_count":0,"master_deck":["Defend_W+1","Defend_W+1","Defend_W+1","Negative_Energy_Arrows+1","Bone_Wall+1","Blood_Curse+1","Whirlwind_of_Bones+1","Bone_Armor+1","Bone_Bullets+1","CommonCold","Summon_Death_Knight+1","Bone_Bullets+1","Summon_Undead_Army+1","Bones_to_Steel+1","Bone_Armory+1"],"relics":["Vampire_Amulet","NeowsBlessing","Replay:Bottled Eggs","Bag of Preparation","ReplayTheSpireMod:CursedCoin","hubris:RunicObelisk","FossilizedHelix","Garlic","Frozen Egg 2","hubris:BottledRain","hubris:Icosahedron","Incense Burner","SlaversCollar","Replay:Wax Seal","Mirror","Bird Faced Urn"],"acts_visited":["Exordium","TheCity","TheBeyond"],"potions_floor_usage":[41,41,50,50],"damage_taken":[{"damage":0.0,"enemies":"Jaw Worm","floor":1.0,"turns":1.0},{"damage":0.0,"enemies":"Small Slimes","floor":2.0,"turns":1.0},{"damage":0.0,"enemies":"Lagavulin","floor":6.0,"turns":1.0},{"damage":0.0,"enemies":"Cultist","floor":7.0,"turns":3.0},{"damage":11.0,"enemies":"Red Slaver","floor":10.0,"turns":5.0},{"damage":2.0,"enemies":"Blue Slaver","floor":11.0,"turns":4.0},{"damage":19.0,"enemies":"Exordium Thugs","floor":14.0,"turns":5.0},{"damage":13.0,"enemies":"Fading Forest","floor":16.0,"turns":11.0},{"damage":0.0,"enemies":"Spheric Guardian","floor":18.0,"turns":4.0},{"damage":0.0,"enemies":"3 Byrds","floor":19.0,"turns":5.0},{"damage":0.0,"enemies":"Snake Plant","floor":22.0,"turns":5.0},{"damage":0.0,"enemies":"Book of Stabbing","floor":24.0,"turns":6.0},{"damage":0.0,"enemies":"Centurion and Healer","floor":25.0,"turns":6.0},{"damage":0.0,"enemies":"Replay:Snechameleon","floor":27.0,"turns":6.0},{"damage":3.0,"enemies":"Shelled Parasite and Fungi","floor":29.0,"turns":4.0},{"damage":4.0,"enemies":"Snecko","floor":31.0,"turns":5.0},{"damage":3.0,"enemies":"Pondfish","floor":33.0,"turns":18.0},{"damage":0.0,"enemies":"Orb Walker","floor":35.0,"turns":4.0},{"damage":9.0,"enemies":"3 Darklings","floor":36.0,"turns":5.0},{"damage":29,"enemies":"4 Shapes","floor":38,"turns":5},{"damage":15,"enemies":"Sphere and 2 Shapes","floor":39,"turns":5},{"damage":8,"enemies":"R_Hoarder","floor":41,"turns":7},{"damage":6,"enemies":"Maw","floor":45,"turns":8},{"damage":17,"enemies":"Spire Growth","floor":48,"turns":5},{"damage":59,"enemies":"hubris:GrandSnecko","floor":50,"turns":7}],"seed_played":"6441815745582143819","potions_obtained":[{"floor":7.0,"key":"BlessingOfTheForge"},{"floor":10.0,"key":"LifebloodPotion"},{"floor":16.0,"key":"Adrenaline Potion"},{"floor":31.0,"key":"Milkshake"},{"floor":39,"key":"Fruit Juice"},{"floor":45,"key":"Adrenaline Potion"}],"is_trial":false,"path_per_floor":["M","M","$","?","?","E","M","R","T","M","M","$","R","M","R","B",null,"M","M","?","$","M","R","E","M","T","E","?","M","?","M","R","B",null,"M","M","?","M","M","R","E","R","T","?","M","R","?","M","R","B"],"character_chosen":"NECROMANCER","items_purchased":["Bone_Bullets","ReplayTheSpireMod:CursedCoin","FossilizedHelix"],"campfire_rested":2,"item_purchase_floors":[12,12,21],"current_hp_per_floor":[75,75,75,75,68,70,72,72,72,63,63,63,63,48,48,53,75,75,75,75,75,75,75,75,75,75,75,75,75,75,73,73,74,75,75,68,68,47,38,60,59,59,59,59,55,79,59,48,48,0,0],"gold":493,"neow_bonus":"THREE_ENEMY_KILL","is_daily":false,"chose_seed":false,"campfire_upgraded":7,"win_rate":0.0,"timestamp":1613009206,"path_taken":["M","M","$","?","?","E","M","R","T","M","?","?","R","?","R","BOSS","M","M","?","$","M","R","E","M","T","E","?","M","?","?","R","BOSS","M","?","?","M","M","R","E","R","T","?","M","R","?","M","R","BOSS"],"items_purchased_type":["Card","Relic","Relic"],"build_version":"2020-12-22","purchased_purges":4,"victory":false,"max_hp_per_floor":[75,75,75,75,75,75,75,75,75,75,75,75,75,75,75,75,75,75,75,75,75,75,75,75,75,75,75,75,75,75,75,75,75,75,75,75,75,75,75,75,80,80,80,80,80,80,80,80,80,80,80],"card_choices":[{"not_picked":["Life_Tap","Bone_Prison"],"picked":"Blood_Curse","floor":1.0},{"not_picked":["Deaths_Shadow","Chill_Blood","Death_March_Dance"],"picked":"SKIP","floor":2.0},{"not_picked":["Blood_Curse","Thousand_Bone_Knives","Necrotic_Claws"],"picked":"SKIP","floor":6.0},{"not_picked":["Spectral_Armor","Bone_Armor"],"picked":"Whirlwind_of_Bones","floor":7.0},{"not_picked":["Epidemic","Necromantic_Selection","Strike_from_Beyond"],"picked":"SKIP","floor":10.0},{"not_picked":["Exploit","Flesh_Made_Foul"],"picked":"Bone_Armor","floor":11.0},{"not_picked":["Negative_Energy_Burst","Death_March_Dance","Bone_Armor"],"picked":"SKIP","floor":14.0},{"not_picked":["Blood_Magic","Requiem"],"picked":"Summon_Death_Knight","floor":16.0},{"not_picked":["Bone_Shift+1","Bones_to_Steel","Negative_Energy_Burst"],"picked":"SKIP","floor":18.0},{"not_picked":["Bones_to_Steel","Bone_Armor","Bone_Bullets+1"],"picked":"SKIP","floor":19.0},{"not_picked":["Scare","Whirlwind_of_Bones"],"picked":"Bone_Bullets+1","floor":22.0},{"not_picked":["Bone_Shift+1","Thousand_Bone_Knives","Negative_Energy_Burst"],"picked":"SKIP","floor":24.0},{"not_picked":["Blood_Curse","Bones_to_Steel","Death_March_Dance"],"picked":"SKIP","floor":25.0},{"not_picked":["Finger_Of_Death","Negative_Energy_Javelin","Bones_to_Steel"],"picked":"SKIP","floor":27.0},{"not_picked":["Blood_Shield","Detonate_Bones","Bone_Shift"],"picked":"SKIP","floor":29.0},{"not_picked":["Deaths_Shadow","Shackles_Of_Pain","Chill_Blood"],"picked":"SKIP","floor":31.0},{"not_picked":["Life_Tap","Bone_Armor+1","Consume_Illness"],"picked":"SKIP","floor":35.0},{"not_picked":["Blood_Curse+1","Spectral_Walk","Negative_Energy_Sphere"],"picked":"SKIP","floor":36.0},{"not_picked":["Vampiric_Strike","Life_Tap+1"],"picked":"Summon_Undead_Army+1","floor":38},{"not_picked":["Exploit","Death_Knell+1","Bone_Armor+1"],"picked":"SKIP","floor":39},{"not_picked":["Blood_Shield+1","Negative_Energy_Mist","Chill_Blood"],"picked":"SKIP","floor":41},{"not_picked":["Spectral_Armor","Bone_Bullets+1","Negative_Energy_Shield"],"picked":"SKIP","floor":45},{"not_picked":["Negative_Energy_Sphere","Toxic_Smoke_Screen"],"picked":"Bones_to_Steel","floor":47},{"not_picked":["Spectral_Armor","Bone_Shift"],"picked":"Bone_Armory+1","floor":48}],"player_experience":256643,"relics_obtained":[{"floor":6.0,"key":"Replay:Bottled Eggs"},{"floor":9.0,"key":"Bag of Preparation"},{"floor":24.0,"key":"Garlic"},{"floor":26.0,"key":"Frozen Egg 2"},{"floor":27.0,"key":"hubris:BottledRain"},{"floor":41,"key":"Replay:Wax Seal"},{"floor":43,"key":"Mirror"},{"floor":47,"key":"Bird Faced Urn"}],"event_choices":[{"damage_healed":0.0,"max_hp_gain":0.0,"max_hp_loss":0.0,"gold_gain":0.0,"event_name":"Wheel of Change","player_choice":"Damaged","floor":5.0,"gold_loss":0.0,"damage_taken":7.0},{"damage_healed":0.0,"max_hp_gain":0.0,"max_hp_loss":0.0,"gold_gain":99.0,"event_name":"Nest","player_choice":"Stole From Cult","floor":20.0,"gold_loss":0.0,"damage_taken":0.0},{"damage_healed":0.0,"max_hp_gain":0.0,"max_hp_loss":0.0,"gold_gain":0.0,"event_name":"WeMeetAgain","player_choice":"Gave Potion","floor":30.0,"gold_loss":0.0,"damage_taken":0.0,"relics_obtained":["Incense Burner"]},{"cards_removed":["Defend_W"],"damage_healed":0.0,"max_hp_gain":0.0,"max_hp_loss":0.0,"gold_gain":0.0,"event_name":"Falling","player_choice":"Removed Skill","floor":37.0,"gold_loss":0.0,"damage_taken":0.0}],"is_beta":false,"boss_relics":[{"not_picked":["Pandora\u0027s Box","hubris:TerracottaHorce"],"picked":"hubris:RunicObelisk"},{"not_picked":["hubris:CrackedHourglass","Replay:Drink Me"],"picked":"SlaversCollar"}],"items_purged_floors":[3,12,12,21],"is_endless":false,"potions_floor_spawned":[7,10,16,24,27,29,31,39,45],"killed_by":"hubris:GrandSnecko","ascension_level":2}}