{"host":"55ootvctf3yuzfpi","time":1613002008,"event":{"mods":["BaseMod","Downfall","Minty Spire (QoL Compilation)","StSLib"],"gold_per_floor":[219,237,252,88,108,133,150,182,182,182,182,212,222,241,241,345,345,335,348,368,95,95,95,124,124,176,188,212,212,231,231,231,231,231],"floor_reached":33,"language":"ENG","playtime":6069,"items_purged":["Strike_B"],"score":487,"play_id":"c4678eb0-9a85-4c4f-92c7-ac4e96934975","local_time":"20210210210648","is_ascension_mode":true,"campfire_choices":[{"data":"Static Discharge","floor":15.0,"key":"SMITH"},{"data":"Biased Cognition","floor":23.0,"key":"SMITH"},{"floor":25,"key":"REST"},{"data":"Hologram","floor":32,"key":"SMITH"}],"circlet_count":0,"master_deck":["AscendersBane","Strike_B","Strike_B","Strike_B","Defend_B","Defend_B","Defend_B","Defend_B","Zap","Dualcast","Undo","Glacier","Static Discharge+1","Self Repair","Sweeping Beam","Seek","Ball Lightning","CurseOfTheBell","CurseOfTheBell","Injury","Hologram+1","Auto Shields","Leap","Biased Cognition+1","Heatsinks","BootSequence","Undo+1"],"relics":["Cracked Core","Tiny Chest","Sundial","Meat on the Bone","downfall:ExtraCursedBell","Toy Ornithopter","Gremlin Horn","Mango","Lantern","Philosopher\u0027s Stone","Ancient Tea Set","Ornamental Fan","Boot","PreservedInsect"],"acts_visited":["Exordium","TheCity"],"potions_floor_usage":[27,33,33],"damage_taken":[{"damage":6.0,"enemies":"Cultist","floor":1.0,"turns":3.0},{"damage":7.0,"enemies":"Jaw Worm","floor":2.0,"turns":4.0},{"damage":0.0,"enemies":"Small Slimes","floor":3.0,"turns":6.0},{"damage":6.0,"enemies":"Exordium Wildlife","floor":5.0,"turns":4.0},{"damage":20.0,"enemies":"3 Sentries","floor":6.0,"turns":11.0},{"damage":9.0,"enemies":"3 Louse","floor":7.0,"turns":4.0},{"damage":6.0,"enemies":"Lagavulin","floor":8.0,"turns":10.0},{"damage":26.0,"enemies":"Gremlin Nob","floor":12.0,"turns":4.0},{"damage":7.0,"enemies":"Blue Slaver","floor":13.0,"turns":5.0},{"damage":18.0,"enemies":"Gremlin Gang","floor":14.0,"turns":3.0},{"damage":53.0,"enemies":"The Guardian","floor":16.0,"turns":13.0},{"damage":20.0,"enemies":"2 Thieves","floor":18.0,"turns":5.0},{"damage":19.0,"enemies":"3 Byrds","floor":19.0,"turns":5.0},{"damage":24.0,"enemies":"Snake Plant","floor":20.0,"turns":4.0},{"damage":41.0,"enemies":"Gremlin Leader","floor":24.0,"turns":7.0},{"damage":14,"enemies":"Shelled Parasite and Fungi","floor":27,"turns":9},{"damage":30,"enemies":"Centurion and Healer","floor":30,"turns":6},{"damage":76,"enemies":"Collector","floor":33,"turns":14}],"seed_played":"-5230407500197018862","potions_obtained":[{"floor":1.0,"key":"FearPotion"},{"floor":2.0,"key":"Fruit Juice"},{"floor":6.0,"key":"Slimebound:ThreeZeroPotion"},{"floor":14.0,"key":"EssenceOfDarkness"},{"floor":24,"key":"PowerPotion"},{"floor":27,"key":"Fruit Juice"},{"floor":30,"key":"SpeedPotion"}],"is_trial":false,"path_per_floor":["M","M","M","$","M","E","M","E","T","?","?","E","M","M","R","B",null,"M","M","M","$","?","R","E","R","T","M","T","?","M","?","R","B"],"character_chosen":"DEFECT","items_purchased":["Self Repair","PowerPotion","Auto Shields","Leap","Ancient Tea Set"],"campfire_rested":1,"item_purchase_floors":[4,4,21,21,21],"current_hp_per_floor":[62,55,55,60,61,48,46,47,47,61,66,59,59,60,60,31,82,69,57,52,52,52,52,30,59,59,74,74,74,63,63,63,0,0],"gold":231,"neow_bonus":"HUNDRED_GOLD","is_daily":false,"chose_seed":false,"campfire_upgraded":3,"win_rate":0.0,"timestamp":1613002008,"path_taken":["M","?","M","$","M","E","M","E","T","?","?","E","M","M","R","BOSS","M","M","M","$","?","R","E","R","T","M","?","?","M","?","R","BOSS"],"items_purchased_type":["Card","Potion","Card","Card","Relic"],"build_version":"2020-12-22","purchased_purges":1,"victory":false,"max_hp_per_floor":[75,75,75,80,80,80,80,80,80,94,99,99,99,99,99,99,99,99,99,99,99,99,99,99,99,99,104,104,104,104,104,104,104,104],"card_choices":[{"not_picked":["Rip and Tear","Cold Snap"],"picked":"Undo","floor":1.0},{"not_picked":["Conserve Battery","Scrape"],"picked":"Glacier","floor":2.0},{"not_picked":["Cold Snap","FTL"],"picked":"Static Discharge","floor":3.0},{"not_picked":["Ball Lightning","Cold Snap"],"picked":"Sweeping Beam","floor":5.0},{"not_picked":["Undo","Recycle"],"picked":"Seek","floor":6.0},{"not_picked":["Gash","Leap","Recycle"],"picked":"SKIP","floor":7.0},{"not_picked":["Conserve Battery","Fission"],"picked":"Ball Lightning","floor":8.0},{"not_picked":["Barrage","Tempest","Glacier"],"picked":"SKIP","floor":12.0},{"not_picked":["Gash","Turbo","Ball Lightning"],"picked":"SKIP","floor":13.0},{"not_picked":["Beam Cell","Darkness","Sweeping Beam"],"picked":"SKIP","floor":14.0},{"not_picked":["Meteor Strike","Seek"],"picked":"Fission","floor":16.0},{"not_picked":["Force Field","Rip and Tear","Sweeping Beam"],"picked":"SKIP","floor":18.0},{"not_picked":["Sweeping Beam+1","Rebound"],"picked":"Hologram","floor":19.0},{"not_picked":["Darkness","Compile Driver","Static Discharge"],"picked":"SKIP","floor":20.0},{"not_picked":["Glacier","Barrage","Hologram"],"picked":"SKIP","floor":24},{"not_picked":["Chaos","Go for the Eyes"],"picked":"BootSequence","floor":27},{"not_picked":["Gash","Conserve Battery"],"picked":"Undo+1","floor":30}],"player_experience":1294547,"relics_obtained":[{"floor":6.0,"key":"Tiny Chest"},{"floor":8.0,"key":"Sundial"},{"floor":9.0,"key":"Meat on the Bone"},{"floor":10.0,"key":"Toy Ornithopter"},{"floor":10.0,"key":"Gremlin Horn"},{"floor":10.0,"key":"Mango"},{"floor":12.0,"key":"Lantern"},{"floor":24,"key":"Ornamental Fan"},{"floor":26,"key":"Boot"},{"floor":28,"key":"PreservedInsect"}],"event_choices":[{"damage_healed":0.0,"max_hp_gain":5.0,"max_hp_loss":0.0,"gold_gain":0.0,"event_name":"Big Fish","player_choice":"Donut","floor":11.0,"gold_loss":0.0,"damage_taken":0.0},{"damage_healed":0.0,"max_hp_gain":0.0,"max_hp_loss":0.0,"gold_gain":0.0,"cards_transformed":["Meteor Strike","Fission"],"event_name":"Drug Dealer","player_choice":"Became Test Subject","floor":22.0,"gold_loss":0.0,"damage_taken":0.0,"cards_obtained":["Biased Cognition","Heatsinks"]},{"damage_healed":0,"gold_gain":0,"player_choice":"Ignored","damage_taken":0,"max_hp_gain":0,"max_hp_loss":0,"event_name":"Ghosts","floor":29,"gold_loss":0},{"damage_healed":0,"gold_gain":0,"player_choice":"Ignored","damage_taken":0,"max_hp_gain":0,"max_hp_loss":0,"event_name":"Vampires","floor":31,"gold_loss":0}],"is_beta":false,"boss_relics":[{"not_picked":["Empty Cage","Ectoplasm"],"picked":"Philosopher\u0027s Stone"}],"items_purged_floors":[4],"is_endless":false,"potions_floor_spawned":[1,2,6,7,14,24,27,30],"killed_by":"Collector","ascension_level":12}}