{"host":"u0qetpmu4y58k1tf","time":1613042123,"event":{"mods":["100% Spire Juice","AchievementEnabler","Act Like it!","BaseMod","CapriCore","Colored Map","Colored Powertips","Hermit","Koishi","Marisa£¨Ùöéë¡¡Øª×âÞÞ£©","Minty Spire (QoL Compilation)","Quick Restart","Reliquary","Replay The Spire","StSLib","SuperFastMode","Td1madao Mod","The Bug Knight","The Cursed","The Gatherer","The Hierophant","The Immortal","The Jungle","The Runesmith"],"gold_per_floor":[114,114,39,39,52,83,95,107,143,173,204,216,246,258,270,385,397,423,435,460,486,597,644,656,668,730,769,781,781],"floor_reached":28,"language":"KOR","playtime":677,"items_purged":["Strike_B"],"score":313,"play_id":"09d5acb1-e1e8-4e55-9043-5a5329184e8b","local_time":"20210211201523","is_ascension_mode":true,"campfire_choices":[{"data":"Zap","floor":8,"key":"SMITH"},{"data":"Dualcast","floor":12,"key":"SMITH"},{"floor":15,"key":"REST"}],"circlet_count":0,"master_deck":["Defend_B","Defend_B","Defend_B","Zap+1","Dualcast+1","Crystallizer+1","Beam Cell","Crystallizer","Heatsinks","Electrodynamics","Creative AI","Streamline+1","Gash","Conserve Battery+1","Conserve Battery","CommonCold","Decay"],"relics":["Cracked Core","NeowsBlessing","Gremlin Food","MawBank","reliquary:TuningFork","Empty Cage","Lantern","ReplayTheSpireMod:Ring of Collecting","ReplayTheSpireMod:Ring of Exchange","Ring of Shattering","Ring of Misfortune","Replay:Antivirus Software"],"acts_visited":["Exordium","TheCity"],"potions_floor_usage":[18,21,23,28,28],"damage_taken":[{"damage":0,"enemies":"Cultist","floor":1,"turns":1},{"damage":0,"enemies":"2 Louse","floor":5,"turns":1},{"damage":0,"enemies":"3 Sentries","floor":6,"turns":2},{"damage":12,"enemies":"Jaw Worm","floor":10,"turns":2},{"damage":13,"enemies":"Red Slaver","floor":11,"turns":4},{"damage":12,"enemies":"Exordium Wildlife","floor":13,"turns":3},{"damage":24,"enemies":"Fading Forest","floor":16,"turns":11},{"damage":14,"enemies":"Spheric Guardian","floor":18,"turns":4},{"damage":12,"enemies":"Chosen","floor":20,"turns":4},{"damage":11,"enemies":"Sentry and Sphere","floor":21,"turns":3},{"damage":22,"enemies":"Replay:Snechameleon","floor":23,"turns":6},{"damage":21,"enemies":"Slavers","floor":28,"turns":1}],"seed_played":"-4749305865174679931","potions_obtained":[{"floor":10,"key":"Reflective Coating"},{"floor":11,"key":"Swift Potion"},{"floor":16,"key":"SkillPotion"},{"floor":20,"key":"Strength Potion"},{"floor":23,"key":"Ancient Potion"}],"is_trial":false,"path_per_floor":["M","?","$","$","M","E","?","R","T","M","M","R","M","$","R","B",null,"M","?","M","M","?","E","?","?","T","T","E"],"character_chosen":"DEFECT","items_purchased":[],"campfire_rested":1,"item_purchase_floors":[],"current_hp_per_floor":[75,75,75,75,75,75,68,68,68,56,43,43,31,31,53,37,75,61,61,49,38,38,16,16,16,16,16,0,0],"gold":781,"neow_bonus":"THREE_ENEMY_KILL","is_daily":false,"chose_seed":false,"campfire_upgraded":2,"win_rate":0.0,"timestamp":1613042123,"path_taken":["M","?","?","$","M","E","?","R","T","M","M","R","?","?","R","BOSS","M","?","M","M","?","E","?","?","T","?","E"],"items_purchased_type":[],"build_version":"2020-12-22","purchased_purges":1,"victory":false,"max_hp_per_floor":[75,75,75,75,75,75,75,75,75,75,75,75,75,75,75,75,75,75,75,75,75,75,75,75,75,75,75,75,75],"card_choices":[{"not_picked":["Beam Cell","Ball Lightning"],"picked":"Crystallizer","floor":1},{"not_picked":["Sweeping Beam","Barrage"],"picked":"Crystallizer","floor":5},{"not_picked":["Sweeping Beam","Panic Button"],"picked":"Beam Cell","floor":6},{"not_picked":["Lockon","ReplaySolidLightProjector"],"picked":"Crystallizer","floor":10},{"not_picked":["Chaos","Ball Lightning"],"picked":"Heatsinks","floor":11},{"not_picked":["BasicCrystalCard","Go for the Eyes"],"picked":"Electrodynamics","floor":13},{"not_picked":["Reboot","ReplayRNGCard"],"picked":"Creative AI","floor":16},{"not_picked":["Cold Snap","Leap"],"picked":"Streamline+1","floor":18},{"not_picked":["Cold Snap+1","Steam"],"picked":"Gash","floor":20},{"not_picked":["Cold Snap","BasicCrystalCard"],"picked":"Conserve Battery+1","floor":21},{"not_picked":["Cold Snap","Undo"],"picked":"Conserve Battery","floor":23}],"player_experience":97348,"relics_obtained":[{"floor":6,"key":"MawBank"},{"floor":9,"key":"reliquary:TuningFork"},{"floor":23,"key":"Lantern"},{"floor":24,"key":"ReplayTheSpireMod:Ring of Collecting"},{"floor":24,"key":"ReplayTheSpireMod:Ring of Exchange"},{"floor":26,"key":"Ring of Shattering"},{"floor":27,"key":"Ring of Misfortune"},{"floor":27,"key":"Replay:Antivirus Software"}],"event_choices":[{"cards_removed":["Crystallizer"],"damage_healed":0,"gold_gain":0,"player_choice":"Gave Card","damage_taken":0,"relics_obtained":["Gremlin Food"],"max_hp_gain":0,"max_hp_loss":0,"event_name":"WeMeetAgain","floor":2,"gold_loss":0},{"cards_removed":["Defend_B"],"damage_healed":0,"gold_gain":0,"player_choice":"Card Removal","damage_taken":7,"max_hp_gain":0,"max_hp_loss":0,"event_name":"Golden Wing","floor":7,"gold_loss":0},{"cards_removed":["Strike_B"],"damage_healed":0,"gold_gain":0,"player_choice":"Elegance","damage_taken":0,"max_hp_gain":0,"max_hp_loss":0,"event_name":"Back to Basics","floor":19,"gold_loss":0},{"damage_healed":0,"gold_gain":99,"player_choice":"Stole From Cult","damage_taken":0,"max_hp_gain":0,"max_hp_loss":0,"event_name":"Nest","floor":22,"gold_loss":0},{"damage_healed":0,"gold_gain":0,"player_choice":"Smashed Altar","damage_taken":0,"max_hp_gain":0,"max_hp_loss":0,"event_name":"Forgotten Altar","floor":25,"gold_loss":0,"cards_obtained":["Decay"]}],"is_beta":false,"boss_relics":[{"not_picked":["Philosopher\u0027s Stone","reliquary:WritOfMandamus"],"picked":"Empty Cage"}],"items_purged_floors":[3],"is_endless":false,"potions_floor_spawned":[10,11,16,20,23],"killed_by":"Slavers","ascension_level":4}}