{"host":"57rytaa21d5yl0hy","time":1613054567,"event":{"mods":["Act Like it!","BaseMod","Challenge The Spire","Friendly Minions","Gensokyo","Infinite Spire","KinomotoSakuraMod(木之本樱)","Kiyohime（清姬）","Lobotomy","LobotomyExtend","Minty Spire (QoL Compilation)","Poem Panic","Replay The Spire","RumiaBox-露米娅的神秘盒子","StSLib","The Senshi","Waifu the Spire","Yuri Mod"],"gold_per_floor":[116,391,57,70,88,88,117,132,155,155,155,168,185,195,195,300,300,312,312,322,322,322,350,350,71,71,71,71,91,118,130,130],"floor_reached":31,"language":"ZHS","playtime":894,"items_purged":["Regret"],"score":255,"play_id":"be1a2dae-a67e-4f1e-bc21-348353972cf9","local_time":"20210211224247","is_ascension_mode":false,"campfire_choices":[{"floor":24,"key":"REST"}],"circlet_count":0,"master_deck":["SpecialBullet","SpecialBullet","SpecialBullet","SpecialBullet","SpecialBullet","SpecialBullet","SpecialBullet","SpecialBullet","InformationCode","TrainingCode","RecordCode","Spreading Infection","SpAim","Mimicry","Specialist","infinitespire:DeathsTouch+1","Justitia","Pinks","RedEyes","Logging+1","Hornet","RedEyes","CrimsonScar","Justitia","BlueScar","Horn","ScreamingWedge","Horn","CrimsonScar+1","Horn","FeatherOfHonor"],"relics":["RabbitCall","ReplayTheSpireMod:SealedPack","Baka","LetterFromLob","Vajra","Dream Catcher","infinitespire:Cubic Diamond","Replay:Bronze Core","Tiny Chest","Replay:Arrowhead","Membership Card","Bottled Tornado","Meat on the Bone","MawBank"],"acts_visited":["Exordium","TheCity"],"potions_floor_usage":[3,29,29,29,31],"damage_taken":[{"damage":5,"enemies":"Small Slimes","floor":1,"turns":2},{"damage":0,"enemies":"Cultist","floor":4,"turns":2},{"damage":0,"enemies":"2 Louse","floor":5,"turns":1},{"damage":15,"enemies":"Gremlin Nob","floor":7,"turns":4},{"damage":0,"enemies":"Large Slime","floor":8,"turns":3},{"damage":8,"enemies":"Blue Slaver","floor":12,"turns":2},{"damage":0,"enemies":"3 Louse","floor":13,"turns":1},{"damage":20,"enemies":"Exordium Thugs","floor":14,"turns":3},{"damage":15,"enemies":"Fading Forest","floor":16,"turns":11},{"damage":22,"enemies":"Shell Parasite","floor":18,"turns":3},{"damage":10,"enemies":"Chosen","floor":20,"turns":2},{"damage":27,"enemies":"Gremlin Leader","floor":23,"turns":3},{"damage":13,"enemies":"Centurion and Healer","floor":29,"turns":3},{"damage":32,"enemies":"Slavers","floor":31,"turns":1}],"seed_played":"359135891140713923","potions_obtained":[{"floor":1,"key":"AttackPotion"},{"floor":5,"key":"Swift Potion"},{"floor":7,"key":"SteroidPotion"},{"floor":12,"key":"Adrenaline Potion"},{"floor":14,"key":"Milkshake"},{"floor":18,"key":"SneckoOil"}],"is_trial":false,"path_per_floor":["M","?","$","M","M","R","E","M","T","?","R","M","M","M","R","B",null,"M","?","M","?","AVR","E","R","$","T","?","?","M","T","E"],"character_chosen":"Angela","items_purchased":["Justitia","Fruit Juice","Membership Card","Bottled Tornado"],"campfire_rested":1,"item_purchase_floors":[3,3,25,25],"current_hp_per_floor":[65,65,70,70,70,70,55,55,55,55,55,47,47,27,49,44,75,53,39,29,29,29,2,26,26,26,26,26,25,25,0,0],"gold":130,"neow_bonus":"BOSS_RELIC","is_daily":false,"chose_seed":false,"campfire_upgraded":0,"win_rate":0.0,"timestamp":1613054567,"path_taken":["M","?","$","M","?","R","E","M","T","?","R","M","M","M","R","BOSS","M","?","M","?","AVR","E","R","$","T","?","?","?","?","E"],"items_purchased_type":["Card","Potion","Relic","Relic"],"build_version":"2020-12-22","purchased_purges":1,"victory":false,"max_hp_per_floor":[70,70,75,75,75,75,75,75,75,75,75,75,75,75,75,75,75,75,80,80,80,80,80,80,80,80,80,80,80,80,80,80],"card_choices":[{"not_picked":["Dualcast"],"picked":"SpAim","floor":0},{"not_picked":["Pinks"],"picked":"Mimicry","floor":0},{"not_picked":["Survey Options"],"picked":"Specialist","floor":0},{"not_picked":["ReplayTheSpireMod:Echoes of Time"],"picked":"infinitespire:DeathsTouch","floor":0},{"not_picked":["Hypocrisy","Diffraction"],"picked":"SKIP","floor":1},{"not_picked":["RapturousDream"],"picked":"Pinks","floor":4},{"not_picked":["Regret_ego"],"picked":"RedEyes","floor":5},{"not_picked":["Regret_ego"],"picked":"Logging","floor":7},{"not_picked":["Lantern"],"picked":"Hornet","floor":8},{"not_picked":["Gaze","Diffraction"],"picked":"SKIP","floor":12},{"not_picked":["ScreamingWedge"],"picked":"RedEyes","floor":13},{"not_picked":["Logging","FourthMatchFlame"],"picked":"SKIP","floor":14},{"not_picked":["Amita"],"picked":"CrimsonScar","floor":15},{"not_picked":["SoundOfStar"],"picked":"Justitia","floor":16},{"not_picked":["Harvest"],"picked":"BlueScar","floor":18},{"not_picked":["SomewhereSpear"],"picked":"Horn","floor":20},{"not_picked":["SolemnVow+1","Spore"],"picked":"SKIP","floor":20},{"not_picked":["Wingbeat"],"picked":"ScreamingWedge","floor":23},{"not_picked":["Tough"],"picked":"Horn","floor":23},{"not_picked":["RapturousDream"],"picked":"CrimsonScar+1","floor":24},{"not_picked":["CherryBlossom+1"],"picked":"Horn","floor":29},{"not_picked":["Christmas"],"picked":"FeatherOfHonor","floor":29}],"player_experience":317580,"relics_obtained":[{"floor":1,"key":"Baka"},{"floor":1,"key":"LetterFromLob"},{"floor":7,"key":"Vajra"},{"floor":9,"key":"Dream Catcher"},{"floor":23,"key":"Replay:Arrowhead"},{"floor":26,"key":"Meat on the Bone"},{"floor":30,"key":"MawBank"}],"event_choices":[{"damage_healed":0,"gold_gain":275,"player_choice":"Desecrate","damage_taken":0,"max_hp_gain":0,"max_hp_loss":0,"event_name":"Golden Shrine","floor":2,"gold_loss":0,"cards_obtained":["Regret"]},{"damage_healed":0,"gold_gain":0,"player_choice":"Shed Blood","damage_taken":19,"max_hp_gain":5,"max_hp_loss":0,"event_name":"Forgotten Altar","floor":19,"gold_loss":0},{"damage_healed":0,"gold_gain":0,"player_choice":"Ignored","damage_taken":0,"max_hp_gain":0,"max_hp_loss":0,"event_name":"Ghosts","floor":21,"gold_loss":0},{"damage_healed":0,"gold_gain":0,"player_choice":"Simplicity","damage_taken":0,"max_hp_gain":0,"max_hp_loss":0,"event_name":"Back to Basics","floor":27,"gold_loss":0,"cards_upgraded":[]},{"damage_healed":0,"gold_gain":0,"player_choice":"Upgraded","damage_taken":0,"max_hp_gain":0,"max_hp_loss":0,"event_name":"Upgrade Shrine","floor":28,"gold_loss":0,"cards_upgraded":["infinitespire:DeathsTouch"]}],"is_beta":false,"boss_relics":[{"not_picked":["Black Star","Runic Pyramid"],"picked":"Replay:Bronze Core"}],"items_purged_floors":[3],"is_endless":false,"potions_floor_spawned":[1,5,7,12,14,18],"killed_by":"Slavers","ascension_level":0}}