{"host":"xsuxkwaivmtd234a","time":1613059306,"event":{"mods":["BaseMod","Colored Map","Filter the Spire","Minty Spire (QoL Compilation)","Relic Stats","StSLib"],"gold_per_floor":[112,126,126,145,44,73,84,98,178,178,198,230,230,246,246,349,349,369,369,369,385,397,432,432,449,526,543,586,631,672,700,700,812,821,841,841,841,841],"floor_reached":37,"language":"ENG","playtime":1691,"items_purged":["Strike_R"],"score":666,"play_id":"360a6333-c2bb-44d4-b549-e0d4f38a44e0","local_time":"20210211110146","is_ascension_mode":true,"campfire_choices":[{"data":"Armaments","floor":10,"key":"SMITH"},{"data":"Shockwave","floor":13,"key":"SMITH"},{"data":"Disarm","floor":15,"key":"SMITH"},{"data":"Shockwave","floor":24,"key":"SMITH"},{"data":"Heavy Blade","floor":32,"key":"SMITH"}],"circlet_count":0,"master_deck":["Bash","Inflame","Pummel","Armaments+1","Twin Strike","Heavy Blade+1","Disarm+1","Ghostly Armor","Shockwave+1","Seeing Red","Limit Break+1","Dual Wield","Feel No Pain+1","Fiend Fire","Offering","Warcry","Evolve+1","Flame Barrier","Shockwave+1","Inflame+1","Power Through+1","Inflame+1","Inflame+1","Impervious","Ghostly","Ghostly","Ghostly","Ghostly","Ghostly","Dropkick","Feel No Pain+1","Impervious","CurseOfTheBell","Heavy Blade+1"],"relics":["Coffee Dripper","GremlinMask","Ancient Tea Set","Frozen Egg 2","Ginger","Pandora\u0027s Box","War Paint","Shuriken","CeramicFish","Champion Belt","Calling Bell","Smiling Mask","Sundial","Magic Flower"],"acts_visited":["Exordium","TheCity","TheBeyond"],"potions_floor_usage":[6,7,16,23,30,33,37],"damage_taken":[{"damage":3.0,"enemies":"Small Slimes","floor":1.0,"turns":3.0},{"damage":0.0,"enemies":"Cultist","floor":2.0,"turns":3.0},{"damage":2,"enemies":"Jaw Worm","floor":4,"turns":3},{"damage":18,"enemies":"Lagavulin","floor":6,"turns":5},{"damage":13,"enemies":"3 Louse","floor":7,"turns":3},{"damage":3,"enemies":"Exordium Wildlife","floor":8,"turns":4},{"damage":7,"enemies":"Gremlin Gang","floor":11,"turns":3},{"damage":10,"enemies":"3 Sentries","floor":12,"turns":5},{"damage":0,"enemies":"Looter","floor":14,"turns":2},{"damage":7,"enemies":"The Guardian","floor":16,"turns":9},{"damage":8,"enemies":"3 Byrds","floor":18,"turns":6},{"damage":7,"enemies":"Shell Parasite","floor":21,"turns":5},{"damage":9,"enemies":"Snake Plant","floor":22,"turns":3},{"damage":23,"enemies":"Slavers","floor":23,"turns":6},{"damage":5,"enemies":"Cultist and Chosen","floor":25,"turns":5},{"damage":0,"enemies":"Snecko","floor":27,"turns":3},{"damage":16,"enemies":"Book of Stabbing","floor":28,"turns":5},{"damage":0,"enemies":"Gremlin Leader","floor":30,"turns":5},{"damage":2,"enemies":"Centurion and Healer","floor":31,"turns":7},{"damage":3,"enemies":"Collector","floor":33,"turns":8},{"damage":6,"enemies":"Orb Walker","floor":35,"turns":4},{"damage":29,"enemies":"3 Shapes","floor":37,"turns":3}],"seed_played":"7401351739289460844","potions_obtained":[{"floor":4,"key":"EssenceOfSteel"},{"floor":6,"key":"PowerPotion"},{"floor":7,"key":"SmokeBomb"},{"floor":12,"key":"PowerPotion"},{"floor":16,"key":"SmokeBomb"},{"floor":22,"key":"BloodPotion"},{"floor":23,"key":"CultistPotion"},{"floor":27,"key":"SteroidPotion"},{"floor":28,"key":"DistilledChaos"},{"floor":31,"key":"Energy Potion"},{"floor":36,"key":"ElixirPotion"}],"is_trial":false,"path_per_floor":["M","M","?","M","$","E","M","M","T","R","M","E","R","M","R","B",null,"M","?","?","M","M","E","R","M","T","M","E","?","E","M","R","B",null,"M","?","M"],"character_chosen":"IRONCLAD","items_purchased":["Twin Strike"],"campfire_rested":0,"item_purchase_floors":[5],"current_hp_per_floor":[77,77,77,75,75,57,44,41,41,41,34,24,24,24,24,17,64,56,56,56,49,40,33,33,28,28,28,12,12,12,10,10,7,32,26,26,0,0],"gold":841,"neow_bonus":"BOSS_RELIC","is_daily":false,"chose_seed":false,"campfire_upgraded":5,"win_rate":0.0,"timestamp":1613059306,"path_taken":["M","M","?","?","?","E","?","?","T","R","M","E","R","M","R","BOSS","M","?","?","?","M","E","R","M","T","M","E","?","E","M","R","BOSS","M","?","M"],"items_purchased_type":["Card"],"build_version":"2020-12-22","purchased_purges":1,"victory":false,"max_hp_per_floor":[80,80,80,80,80,80,80,80,80,80,80,80,80,80,80,80,80,80,80,80,80,80,80,80,80,80,80,80,40,40,40,40,40,40,40,40,40,40],"relic_stats":{"counters":[22,100],"Shuriken":[0],"Sundial":[0],"CeramicFish":99,"Magic Flower":[0],"Pandora\u0027s Box":["Dual Wield","Feel No Pain","Fiend Fire","Offering","Warcry","Evolve","Flame Barrier","Shockwave"],"Ginger":[22],"Champion Belt":[11],"War Paint":["Power Through","Limit Break"],"Smiling Mask":0,"obtain_stats":[{"CeramicFish":28,"Magic Flower":34,"GremlinMask":3,"Ginger":12,"Frozen Egg 2":9,"War Paint":23,"Ancient Tea Set":6,"Smiling Mask":34,"Burning Blood":0,"Calling Bell":34,"Shuriken":26,"Sundial":34,"Pandora\u0027s Box":17,"Coffee Dripper":0,"Champion Belt":30},{"CeramicFish":17,"Magic Flower":20,"GremlinMask":2,"Ginger":8,"Frozen Egg 2":6,"War Paint":14,"Ancient Tea Set":4,"Smiling Mask":20,"Burning Blood":0,"Calling Bell":20,"Shuriken":15,"Sundial":20,"Pandora\u0027s Box":10,"Coffee Dripper":0,"Champion Belt":18},{"CeramicFish":73,"Magic Flower":93,"GremlinMask":6,"Ginger":29,"Frozen Egg 2":21,"War Paint":60,"Ancient Tea Set":14,"Smiling Mask":93,"Burning Blood":0,"Calling Bell":93,"Shuriken":65,"Sundial":93,"Pandora\u0027s Box":40,"Coffee Dripper":0,"Champion Belt":78}]},"card_choices":[{"not_picked":["Clash","True Grit"],"picked":"Inflame","floor":1.0},{"not_picked":["True Grit","Body Slam"],"picked":"Pummel","floor":2},{"not_picked":["Intimidate","Iron Wave"],"picked":"Armaments","floor":4},{"not_picked":["Wild Strike","Dark Embrace"],"picked":"Heavy Blade","floor":6},{"not_picked":["Spot Weakness","Armaments"],"picked":"Disarm","floor":7},{"not_picked":["Body Slam","Exhume"],"picked":"Ghostly Armor","floor":8},{"not_picked":["Disarm","Perfected Strike"],"picked":"Shockwave","floor":11},{"not_picked":["Headbutt","Flex"],"picked":"Seeing Red","floor":12},{"not_picked":["Flex","Clash","Twin Strike"],"picked":"SKIP","floor":14},{"not_picked":["Impervious","Corruption+1"],"picked":"Limit Break","floor":16},{"not_picked":["Iron Wave+1","Havoc"],"picked":"Inflame+1","floor":18},{"not_picked":["True Grit","Warcry","Cleave"],"picked":"SKIP","floor":21},{"not_picked":["Dropkick","Clothesline+1"],"picked":"Inflame+1","floor":22},{"not_picked":["Shockwave+1","Corruption+1"],"picked":"Inflame+1","floor":23},{"not_picked":["Combust+1","Body Slam","True Grit"],"picked":"SKIP","floor":25},{"not_picked":["Twin Strike+1","Wild Strike+1","Clothesline"],"picked":"SKIP","floor":27},{"not_picked":["Iron Wave","Sword Boomerang"],"picked":"Impervious","floor":28},{"not_picked":["Iron Wave+1","Carnage"],"picked":"Dropkick","floor":30},{"not_picked":["Pommel Strike","Flex"],"picked":"Feel No Pain+1","floor":31},{"not_picked":["Limit Break","Offering"],"picked":"Impervious","floor":33},{"not_picked":["Clash+1","Cleave"],"picked":"Heavy Blade+1","floor":35}],"player_experience":1237143,"relics_obtained":[{"floor":6,"key":"Ancient Tea Set"},{"floor":9,"key":"Frozen Egg 2"},{"floor":12,"key":"Ginger"},{"floor":23,"key":"War Paint"},{"floor":26,"key":"Shuriken"},{"floor":28,"key":"CeramicFish"},{"floor":30,"key":"Champion Belt"},{"floor":34,"key":"Smiling Mask"},{"floor":34,"key":"Sundial"},{"floor":34,"key":"Magic Flower"}],"event_choices":[{"damage_healed":0,"gold_gain":0,"player_choice":"Trade","damage_taken":0,"relics_obtained":["GremlinMask"],"max_hp_gain":0,"max_hp_loss":0,"event_name":"FaceTrader","floor":3,"gold_loss":0},{"damage_healed":0,"gold_gain":0,"player_choice":"Read","damage_taken":0,"max_hp_gain":0,"max_hp_loss":0,"event_name":"The Library","floor":19,"gold_loss":0,"cards_obtained":["Power Through"]},{"damage_healed":0,"gold_gain":0,"player_choice":"Ignored","damage_taken":0,"max_hp_gain":0,"max_hp_loss":0,"event_name":"Vampires","floor":20,"gold_loss":0},{"damage_healed":0,"gold_gain":0,"player_choice":"Became a Ghost","damage_taken":0,"max_hp_gain":0,"max_hp_loss":40,"event_name":"Ghosts","floor":29,"gold_loss":0,"cards_obtained":["Ghostly","Ghostly","Ghostly","Ghostly","Ghostly"]},{"damage_healed":0,"gold_gain":0,"player_choice":"Got Potions","damage_taken":0,"max_hp_gain":0,"max_hp_loss":0,"event_name":"Lab","floor":36,"gold_loss":0}],"is_beta":false,"boss_relics":[{"not_picked":["Cursed Key","Black Star"],"picked":"Pandora\u0027s Box"},{"not_picked":["Empty Cage","Busted Crown"],"picked":"Calling Bell"}],"items_purged_floors":[5],"is_endless":false,"potions_floor_spawned":[4,6,7,12,16,22,23,27,28,31],"killed_by":"3 Shapes","ascension_level":5}}