{"host":"3ghcx3e93lhog3cp","time":1613071742,"event":{"mods":["AchievementEnabler","BaseMod","Downfall","Minty Spire (QoL Compilation)","Replay The Spire","StSLib"],"gold_per_floor":[16,35,50,65,65,98,98,126,152,178,204,216,10,25,25,126,226,245,245,257,257,257,257],"floor_reached":22,"language":"ENG","playtime":1417,"items_purged":["Strike_R"],"score":228,"play_id":"366e4b4a-73de-4057-8cc8-54bd3669e30b","local_time":"20210211112902","is_ascension_mode":true,"campfire_choices":[{"data":"Fiend Fire","floor":7,"key":"SMITH"},{"data":"Havoc","floor":12,"key":"SMITH"},{"data":"Strike_R","floor":15,"key":"PURGE"}],"circlet_count":0,"master_deck":["Strike_R","Strike_R","Defend_R","Defend_R","Defend_R","Defend_R","Bash","Berserk+1","Clothesline","Rupture","Havoc+1","Warcry","Fiend Fire+1","Havoc","Pummel","Feel No Pain","Offering","Dual Wield","Brutality","ReplayReversal+1","ReplayTheSpireMod:Stacked"],"relics":["Burning Blood","Replay:Baseball","Pen Nib","MawBank","Replay:Wanted Poster"],"acts_visited":["Exordium","TheCity"],"potions_floor_usage":[6,16],"damage_taken":[{"damage":18,"enemies":"Jaw Worm","floor":1,"turns":4},{"damage":1,"enemies":"Cultist","floor":2,"turns":3},{"damage":0,"enemies":"Small Slimes","floor":3,"turns":3},{"damage":13,"enemies":"2 Fungi Beasts","floor":4,"turns":5},{"damage":15,"enemies":"Replay:BlueRogue","floor":6,"turns":6},{"damage":12,"enemies":"Gremlin Nob","floor":8,"turns":3},{"damage":12,"enemies":"Exordium Thugs","floor":10,"turns":5},{"damage":6,"enemies":"Looter","floor":11,"turns":2},{"damage":11,"enemies":"Gremlin Gang","floor":14,"turns":4},{"damage":67,"enemies":"The Guardian","floor":16,"turns":15},{"damage":18,"enemies":"Chosen","floor":18,"turns":4},{"damage":32,"enemies":"Shell Parasite","floor":20,"turns":5},{"damage":59,"enemies":"Shelled Parasite and Fungi","floor":22,"turns":4}],"seed_played":"2756822249531398366","potions_obtained":[{"floor":2,"key":"FairyPotion"},{"floor":4,"key":"hexamod:SoulburnPotion"},{"floor":8,"key":"Reflective Coating"},{"floor":16,"key":"Venom Potion"},{"floor":20,"key":"Weak Potion"}],"is_trial":false,"path_per_floor":["M","M","M","M","?","E","R","E","T","M","M","R","$","M","R","B",null,"M","?","M","?","M"],"character_chosen":"IRONCLAD","items_purchased":["Offering"],"campfire_rested":0,"item_purchase_floors":[13],"current_hp_per_floor":[68,73,79,72,72,63,63,57,57,51,51,51,51,46,46,12,80,68,68,42,42,0,0],"gold":257,"neow_bonus":"THREE_RARE_CARDS","is_daily":false,"chose_seed":false,"campfire_upgraded":2,"win_rate":0.0,"timestamp":1613071742,"path_taken":["M","M","M","M","?","E","R","E","T","M","M","R","?","?","R","BOSS","M","?","M","?","M"],"items_purchased_type":["Card"],"build_version":"2020-12-22","purchased_purges":1,"victory":false,"max_hp_per_floor":[80,80,80,80,80,80,80,80,80,80,80,80,80,80,80,80,80,80,80,80,80,80,80],"card_choices":[{"not_picked":["Limit Break","Hemogenesis"],"picked":"Berserk","floor":0},{"not_picked":["Thunderclap","True Grit"],"picked":"Clothesline","floor":1},{"not_picked":["Massacre","Intimidate"],"picked":"Rupture","floor":2},{"not_picked":["Thunderclap","Heavy Blade"],"picked":"Havoc","floor":3},{"not_picked":["Pommel Strike","Sword Boomerang"],"picked":"Warcry","floor":4},{"not_picked":["Evolve","Flex"],"picked":"Fiend Fire","floor":6},{"not_picked":["Flex","Reckless Charge"],"picked":"Havoc","floor":8},{"not_picked":["Sever Soul","Run Through"],"picked":"Pummel","floor":10},{"not_picked":["Headbutt","Run Through"],"picked":"Feel No Pain","floor":11},{"not_picked":["Clash","Clothesline"],"picked":"Dual Wield","floor":14},{"not_picked":["Barricade","Juggernaut"],"picked":"Brutality","floor":16},{"not_picked":["Clothesline","Perfected Strike"],"picked":"ReplayReversal+1","floor":18},{"not_picked":["Wild Strike","True Grit"],"picked":"ReplayTheSpireMod:Stacked","floor":20}],"player_experience":270093,"relics_obtained":[{"floor":6,"key":"Replay:Baseball"},{"floor":8,"key":"Pen Nib"},{"floor":9,"key":"MawBank"}],"event_choices":[{"damage_healed":0,"gold_gain":0,"player_choice":"Upgraded","damage_taken":0,"max_hp_gain":0,"max_hp_loss":0,"event_name":"Upgrade Shrine","floor":5,"gold_loss":0,"cards_upgraded":["Berserk"]},{"damage_healed":0,"gold_gain":0,"player_choice":"Ignored","damage_taken":0,"max_hp_gain":0,"max_hp_loss":0,"event_name":"Beggar","floor":19,"gold_loss":0},{"cards_removed":["Strike_R"],"damage_healed":0,"gold_gain":0,"player_choice":"Offered Basic","damage_taken":0,"max_hp_gain":0,"max_hp_loss":0,"event_name":"Bonfire Elementals","floor":21,"gold_loss":0}],"is_beta":false,"boss_relics":[{"not_picked":["Empty Cage","Honey Jar"],"picked":"Replay:Wanted Poster"}],"items_purged_floors":[13],"is_endless":false,"potions_floor_spawned":[2,4,8,16,20],"killed_by":"Shelled Parasite and Fungi","ascension_level":3}}