{"host":"a1eatafr7pisesky","time":1613036031,"event":{"mods":["AchievementEnabler","BaseMod","Colored Map","Keyboard Shortcuts","Minty Spire (QoL Compilation)","Say the Spire","StSLib","SuperFastMode","everything is the same but u backflip on backflip"],"gold_per_floor":[114,114,39,39,39,39,78,94,94,94,107,121,146,160,160,160,160],"floor_reached":16,"language":"KOR","playtime":180,"items_purged":["Strike_R"],"score":248,"play_id":"450e7a81-0a09-4353-b761-0349a54bc4a7","local_time":"20210211183351","is_ascension_mode":true,"campfire_choices":[{"data":"Bash","floor":6,"key":"SMITH"},{"data":"Shrug It Off","floor":10,"key":"SMITH"},{"data":"Flex","floor":15,"key":"SMITH"}],"circlet_count":0,"master_deck":["AscendersBane","Strike_R","Strike_R","Strike_R","Strike_R","Defend_R","Defend_R","Defend_R","Bash+1","Shrug It Off+1","Cleave","Headbutt","Power Through","Flex+1","Battle Trance"],"relics":["Burning Blood","NeowsBlessing","Golden Idol","Blood Vial","Red Skull"],"acts_visited":["Exordium"],"potions_floor_usage":[16,16],"damage_taken":[{"damage":0,"enemies":"2 Louse","floor":1,"turns":1},{"damage":0,"enemies":"3 Sentries","floor":7,"turns":2},{"damage":0,"enemies":"Small Slimes","floor":8,"turns":2},{"damage":12,"enemies":"Jaw Worm","floor":11,"turns":2},{"damage":18,"enemies":"Large Slime","floor":12,"turns":4},{"damage":8,"enemies":"3 Louse","floor":13,"turns":2},{"damage":13,"enemies":"Lots of Slimes","floor":14,"turns":4},{"damage":50,"enemies":"Slime Boss","floor":16,"turns":6}],"seed_played":"6245137236327761859","potions_obtained":[{"floor":12,"key":"BlessingOfTheForge"},{"floor":13,"key":"Explosive Potion"}],"is_trial":false,"path_per_floor":["M","?","$","?","?","R","E","M","T","R","M","M","M","M","R","B"],"character_chosen":"IRONCLAD","items_purchased":[],"campfire_rested":0,"item_purchase_floors":[],"current_hp_per_floor":[74,48,48,53,46,46,52,60,60,60,56,46,46,41,41,0,0],"gold":160,"neow_bonus":"THREE_ENEMY_KILL","is_daily":false,"chose_seed":false,"campfire_upgraded":3,"win_rate":0.0,"timestamp":1613036031,"path_taken":["M","?","$","?","?","R","E","M","T","R","M","?","M","M","R","BOSS"],"items_purchased_type":[],"build_version":"2020-12-22","purchased_purges":1,"victory":false,"max_hp_per_floor":[75,75,75,80,80,80,80,80,80,80,80,80,80,80,80,80,80],"card_choices":[{"not_picked":["Pommel Strike","Anger"],"picked":"Shrug It Off","floor":1},{"not_picked":["Armaments","Burning Pact"],"picked":"Cleave","floor":7},{"not_picked":["Havoc","Entrench"],"picked":"Headbutt","floor":8},{"not_picked":["Perfected Strike","Rage"],"picked":"Power Through","floor":11},{"not_picked":["Dropkick","Havoc","Cleave"],"picked":"SKIP","floor":12},{"not_picked":["Havoc","Sever Soul"],"picked":"Flex","floor":13},{"not_picked":["Cleave","Armaments"],"picked":"Battle Trance","floor":14}],"player_experience":443829,"relics_obtained":[{"floor":7,"key":"Blood Vial"},{"floor":9,"key":"Red Skull"}],"event_choices":[{"damage_healed":0,"gold_gain":0,"player_choice":"Take Damage","damage_taken":26,"relics_obtained":["Golden Idol"],"max_hp_gain":0,"max_hp_loss":0,"event_name":"Golden Idol","floor":2,"gold_loss":0},{"damage_healed":0,"gold_gain":0,"player_choice":"Donut","damage_taken":0,"max_hp_gain":5,"max_hp_loss":0,"event_name":"Big Fish","floor":4,"gold_loss":0},{"cards_removed":["Defend_R"],"damage_healed":0,"gold_gain":0,"player_choice":"Card Removal","damage_taken":7,"max_hp_gain":0,"max_hp_loss":0,"event_name":"Golden Wing","floor":5,"gold_loss":0}],"is_beta":false,"boss_relics":[],"items_purged_floors":[3],"is_endless":false,"potions_floor_spawned":[12,13],"killed_by":"Slime Boss","ascension_level":19}}