{"host":"00f1p9ihhzi7hxfk","time":1613033849,"event":{"mods":["AchievementEnabler","BaseMod","Colored Map","Colored Powertips","Minty Spire (QoL Compilation)","Rare Cards Sparkle","Relic Stats"],"gold_per_floor":[110,110,130,142,156,181,201,201,227,239,133,208,220,238,238,238,238],"floor_reached":16,"language":"DEU","playtime":749,"items_purged":[],"score":106,"play_id":"2e69afeb-276d-425d-8342-ac13251760bc","local_time":"20210211095729","is_ascension_mode":false,"campfire_choices":[{"floor":8,"key":"REST"},{"floor":15,"key":"REST"}],"circlet_count":0,"master_deck":["Strike_R","Strike_R","Strike_R","Strike_R","Strike_R","Defend_R","Defend_R","Defend_R","Defend_R","Bash","Bash","Sword Boomerang","Cleave","Carnage","Twin Strike","Dropkick","Searing Blow","Spot Weakness","Anger","Shrug It Off"],"relics":["Burning Blood","PreservedInsect","Smiling Mask"],"acts_visited":["Exordium"],"potions_floor_usage":[16,16,16],"damage_taken":[{"damage":6,"enemies":"Jaw Worm","floor":1,"turns":3},{"damage":10,"enemies":"Cultist","floor":3,"turns":4},{"damage":6,"enemies":"2 Louse","floor":4,"turns":3},{"damage":9,"enemies":"2 Fungi Beasts","floor":5,"turns":3},{"damage":43,"enemies":"3 Sentries","floor":6,"turns":8},{"damage":16,"enemies":"Red Slaver","floor":7,"turns":3},{"damage":12,"enemies":"3 Louse","floor":10,"turns":2},{"damage":31,"enemies":"Exordium Thugs","floor":13,"turns":4},{"damage":16,"enemies":"Blue Slaver","floor":14,"turns":4},{"damage":37,"enemies":"Hexaghost","floor":16,"turns":9}],"seed_played":"-823275059174794063","potions_obtained":[{"floor":1,"key":"ColorlessPotion"},{"floor":5,"key":"SkillPotion"},{"floor":10,"key":"ColorlessPotion"}],"is_trial":false,"path_per_floor":["M","?","M","M","M","E","M","R","T","M","$","?","M","M","R","B"],"character_chosen":"IRONCLAD","items_purchased":["Searing Blow","Spot Weakness"],"campfire_rested":2,"item_purchase_floors":[11,11],"current_hp_per_floor":[88,88,84,84,81,44,34,60,60,54,54,46,21,11,37,0,0],"gold":238,"neow_bonus":"TEN_PERCENT_HP_BONUS","is_daily":false,"chose_seed":false,"campfire_upgraded":0,"win_rate":0.0,"timestamp":1613033849,"path_taken":["M","?","?","?","M","E","M","R","T","M","$","?","M","M","R","BOSS"],"items_purchased_type":["Card","Card"],"build_version":"2020-12-22","purchased_purges":0,"victory":false,"max_hp_per_floor":[88,88,88,88,88,88,88,88,88,88,88,88,88,88,88,88,88],"relic_stats":{"counters":[10,43],"PreservedInsect":0,"Smiling Mask":0,"obtain_stats":[{"PreservedInsect":6,"Smiling Mask":9,"Burning Blood":0},{"PreservedInsect":5,"Smiling Mask":6,"Burning Blood":0},{"PreservedInsect":21,"Smiling Mask":24,"Burning Blood":0}],"Burning Blood":54},"card_choices":[{"not_picked":["Metallicize","Body Slam","Seeing Red"],"picked":"SKIP","floor":1},{"not_picked":["Feel No Pain","Clothesline"],"picked":"Sword Boomerang","floor":3},{"not_picked":["Headbutt","Pommel Strike"],"picked":"Cleave","floor":4},{"not_picked":["Wild Strike","Warcry","Sever Soul"],"picked":"SKIP","floor":5},{"not_picked":["Sentinel","Sever Soul"],"picked":"Carnage","floor":6},{"not_picked":["Thunderclap","Warcry"],"picked":"Twin Strike","floor":7},{"not_picked":["Feel No Pain","Anger"],"picked":"Dropkick","floor":10},{"not_picked":["Thunderclap","Fire Breathing"],"picked":"Anger","floor":13},{"not_picked":["True Grit","Reaper"],"picked":"Shrug It Off","floor":14}],"player_experience":103901,"relics_obtained":[{"floor":6,"key":"PreservedInsect"},{"floor":9,"key":"Smiling Mask"}],"event_choices":[{"damage_healed":0,"gold_gain":0,"player_choice":"1 cards matched","damage_taken":0,"max_hp_gain":0,"max_hp_loss":0,"event_name":"Match and Keep!","floor":2,"gold_loss":0,"cards_obtained":["Bash"]},{"damage_healed":0,"gold_gain":75,"player_choice":"Touch","damage_taken":8,"max_hp_gain":0,"max_hp_loss":0,"event_name":"FaceTrader","floor":12,"gold_loss":0}],"is_beta":false,"boss_relics":[],"items_purged_floors":[],"is_endless":false,"potions_floor_spawned":[1,5,10,14],"killed_by":"Hexaghost","ascension_level":0}}