{"host":"qj2ynjh122p6ybyd","time":1613070772,"event":{"mods":["AchievementEnabler","Aspiration","BaseMod","Better Match","Better Note","Highlight Path","Infinite Spire","Minty Spire (QoL Compilation)","Quick Restart","Relic Stats","Reliquary","Replay The Spire","StSLib","SuperFastMode","The Blackbeard","The Gatherer"],"gold_per_floor":[112,132,143,163,183,183,218,218,270,270,193,268,268,114,114,114,114],"floor_reached":16,"language":"RUS","playtime":540,"items_purged":[],"score":160,"play_id":"c889503f-ac53-4d3b-a38b-13971e4ae1fd","local_time":"20210211211252","is_ascension_mode":true,"campfire_choices":[{"floor":6,"key":"REST"},{"data":"Echo Form","floor":8,"key":"SMITH"},{"floor":13,"key":"REST"},{"data":"ReplayTheSpireMod:Fabricate Wheel","floor":15,"key":"SMITH"}],"circlet_count":0,"master_deck":["AscendersBane","Strike_B","Strike_B","Strike_B","Strike_B","Defend_B","Defend_B","Defend_B","Zap","Dualcast","Conserve Battery","Cold Snap","Echo Form+1","Ball Lightning","Core Surge+1","Loop","Rainbow"],"relics":["aspiration:Stellarator","reliquary:Aerogel","reliquary:RoseTintedGlasses","Replay:Frozen Program","Prayer Wheel"],"acts_visited":["Exordium"],"potions_floor_usage":[7,16],"damage_taken":[{"damage":3,"enemies":"2 Louse","floor":1,"turns":3},{"damage":6,"enemies":"Jaw Worm","floor":2,"turns":4},{"damage":8,"enemies":"Small Slimes","floor":3,"turns":4},{"damage":6,"enemies":"2 Fungi Beasts","floor":4,"turns":4},{"damage":0,"enemies":"Large Slime","floor":5,"turns":5},{"damage":20,"enemies":"3 Sentries","floor":7,"turns":9},{"damage":66,"enemies":"Fading Forest","floor":16,"turns":7}],"seed_played":"-8431348488467003386","potions_obtained":[{"floor":2,"key":"SteroidPotion"},{"floor":3,"key":"GamblersBrew"},{"floor":7,"key":"Weak Potion"}],"is_trial":false,"path_per_floor":["M","M","M","M","M","R","E","R","T","?","$","?","R","$","R","B"],"character_chosen":"DEFECT","items_purchased":["Loop","Replay:Frozen Program"],"campfire_rested":2,"item_purchase_floors":[11,14],"current_hp_per_floor":[65,59,51,45,45,67,47,47,47,47,47,36,58,58,58,0,0],"gold":114,"neow_bonus":"BOSS_RELIC","is_daily":false,"chose_seed":false,"campfire_upgraded":2,"win_rate":0.0,"timestamp":1613070772,"path_taken":["M","M","M","M","M","R","E","R","T","?","$","?","R","$","R","BOSS"],"items_purchased_type":["Card","Relic"],"build_version":"2020-12-22","purchased_purges":0,"victory":false,"max_hp_per_floor":[75,75,75,75,75,75,75,75,75,75,75,75,75,75,75,75,75],"relic_stats":{"counters":[7,36],"Prayer Wheel":0,"obtain_stats":[{"Replay:Frozen Program":14,"aspiration:Stellarator":0,"reliquary:Aerogel":7,"Prayer Wheel":16,"reliquary:RoseTintedGlasses":9,"Cracked Core":0},{"Replay:Frozen Program":6,"aspiration:Stellarator":0,"reliquary:Aerogel":6,"Prayer Wheel":7,"reliquary:RoseTintedGlasses":6,"Cracked Core":0},{"Replay:Frozen Program":29,"aspiration:Stellarator":0,"reliquary:Aerogel":29,"Prayer Wheel":32,"reliquary:RoseTintedGlasses":29,"Cracked Core":0}]},"card_choices":[{"not_picked":["Sweeping Beam","Streamline"],"picked":"Conserve Battery","floor":1},{"not_picked":["Panic Button","Barrage"],"picked":"Cold Snap","floor":2},{"not_picked":["Loop","Beam Cell"],"picked":"Echo Form","floor":3},{"not_picked":["Leap","Genetic Algorithm"],"picked":"Ball Lightning","floor":4},{"not_picked":["Sweeping Beam","Gash","Panic Button"],"picked":"SKIP","floor":5},{"not_picked":["Steam","Stack"],"picked":"ReplayTheSpireMod:Fabricate Wheel","floor":7}],"player_experience":372300,"relics_obtained":[{"floor":7,"key":"reliquary:Aerogel"},{"floor":9,"key":"reliquary:RoseTintedGlasses"}],"event_choices":[{"damage_healed":0,"gold_gain":75,"player_choice":"Gather Gold","damage_taken":11,"max_hp_gain":0,"max_hp_loss":0,"event_name":"World of Goop","floor":12,"gold_loss":0}],"is_beta":false,"boss_relics":[],"items_purged_floors":[],"is_endless":false,"potions_floor_spawned":[2,3,5,7],"killed_by":"Fading Forest","ascension_level":12}}