{"host":"wuernuywc9gl215o","time":1613067091,"event":{"mods":["2.2 Compatiblity","AchievementEnabler","BaseMod","Bestiary","Block Reminder","Displayed Cursed Tome","Highlight Path","Key Reminder","Minty Spire (QoL Compilation)","Permanent Neow","Potion Indicator Mod","Quick Restart","Rare Cards Sparkle","Relic Stats","ojb\u0027s Info Mod"],"gold_per_floor":[110,126,126,136,147,178,178,189,189,201,47,66,66,100,100,177,177,188,203,217,217,0,0,10,21,89,89,89],"floor_reached":27,"language":"ENG","playtime":1770,"items_purged":["Strike_R"],"score":558,"play_id":"2934c6c9-aae7-488d-8723-b0415d9c496f","local_time":"20210211181131","is_ascension_mode":true,"campfire_choices":[{"floor":7.0,"key":"REST"},{"floor":15.0,"key":"REST"},{"floor":23.0,"key":"REST"}],"circlet_count":0,"master_deck":["AscendersBane","Strike_R","Strike_R","Defend_R","Defend_R","Defend_R","Defend_R","Bash+1","Anger","Iron Wave","Spot Weakness","Twin Strike","Double Tap","True Grit","Feel No Pain","Shrug It Off","Clash","Feed","Havoc+1","Flame Barrier","Pummel","Burning Pact","Barricade"],"relics":["Empty Cage","Pocketwatch","Kunai","Meat on the Bone","Fusion Hammer","Regal Pillow","Ornamental Fan"],"acts_visited":["Exordium","TheCity"],"potions_floor_usage":[25,27,27,27],"damage_taken":[{"damage":8.0,"enemies":"Cultist","floor":1.0,"turns":5.0},{"damage":7.0,"enemies":"Jaw Worm","floor":2.0,"turns":4.0},{"damage":1.0,"enemies":"2 Louse","floor":4.0,"turns":3.0},{"damage":2.0,"enemies":"2 Fungi Beasts","floor":5.0,"turns":3.0},{"damage":25.0,"enemies":"Lagavulin","floor":6.0,"turns":6.0},{"damage":0.0,"enemies":"Gremlin Gang","floor":8.0,"turns":1.0},{"damage":8.0,"enemies":"Blue Slaver","floor":10.0,"turns":3.0},{"damage":8.0,"enemies":"2 Fungi Beasts","floor":12.0,"turns":3.0},{"damage":1.0,"enemies":"3 Sentries","floor":14.0,"turns":7.0},{"damage":0.0,"enemies":"Slime Boss","floor":16.0,"turns":3.0},{"damage":10.0,"enemies":"Spheric Guardian","floor":18.0,"turns":5.0},{"damage":15.0,"enemies":"3 Byrds","floor":19.0,"turns":6.0},{"damage":8.0,"enemies":"Snake Plant","floor":20.0,"turns":5.0},{"damage":21.0,"enemies":"Snecko","floor":24.0,"turns":6.0},{"damage":44,"enemies":"3 Cultists","floor":25,"turns":6},{"damage":48,"enemies":"Gremlin Leader","floor":27,"turns":6}],"seed_played":"-227159382929474303","potions_obtained":[{"floor":2.0,"key":"AttackPotion"},{"floor":10.0,"key":"Swift Potion"},{"floor":14.0,"key":"AttackPotion"},{"floor":16.0,"key":"ColorlessPotion"},{"floor":24.0,"key":"Explosive Potion"},{"floor":25,"key":"EntropicBrew"}],"is_trial":false,"path_per_floor":["M","M","?","M","M","E","R","M","T","M","$","M","?","E","R","B",null,"M","M","M","?","$","R","M","M","T","E"],"character_chosen":"IRONCLAD","items_purchased":["Feel No Pain","Burning Pact","Regal Pillow"],"campfire_rested":3,"item_purchase_floors":[11,22,22],"current_hp_per_floor":[60,53,53,52,50,25,47,47,47,39,39,31,31,30,52,52,69,59,47,42,19,19,59,50,21,21,0,0],"gold":89,"neow_bonus":"BOSS_RELIC","is_daily":false,"chose_seed":false,"campfire_upgraded":0,"win_rate":0.0,"timestamp":1613067091,"path_taken":["M","M","?","M","M","E","R","M","T","M","$","?","?","E","R","BOSS","M","M","M","?","$","R","M","M","T","E"],"items_purchased_type":["Card","Card","Relic"],"build_version":"2020-12-22","purchased_purges":1,"victory":false,"max_hp_per_floor":[75,75,75,75,75,75,75,75,75,75,75,75,75,75,75,75,75,75,78,81,86,86,86,86,89,89,89,89],"relic_stats":{"Regal Pillow":15,"counters":[16,72],"Ornamental Fan":[12],"Kunai":[19],"obtain_stats":[{"Regal Pillow":22,"Ornamental Fan":26,"Fusion Hammer":17,"Kunai":9,"Empty Cage":0,"Burning Blood":0,"Pocketwatch":6,"Meat on the Bone":14},{"Regal Pillow":13,"Ornamental Fan":15,"Fusion Hammer":10,"Kunai":6,"Empty Cage":0,"Burning Blood":0,"Pocketwatch":5,"Meat on the Bone":9},{"Regal Pillow":54,"Ornamental Fan":66,"Fusion Hammer":38,"Kunai":22,"Empty Cage":0,"Burning Blood":0,"Pocketwatch":21,"Meat on the Bone":35}],"Pocketwatch":[45],"Meat on the Bone":24},"card_choices":[{"not_picked":["Sentinel","Armaments"],"picked":"Anger","floor":1.0},{"not_picked":["Heavy Blade","Sever Soul"],"picked":"Iron Wave","floor":2.0},{"not_picked":["Metallicize","Combust"],"picked":"Spot Weakness","floor":4.0},{"not_picked":["Shockwave","Anger"],"picked":"Twin Strike","floor":5.0},{"not_picked":["Twin Strike","Clash"],"picked":"Double Tap","floor":6.0},{"not_picked":["Searing Blow","Bloodletting","Clothesline"],"picked":"SKIP","floor":8.0},{"not_picked":["Anger","Warcry"],"picked":"True Grit","floor":10.0},{"not_picked":["Sword Boomerang","Shockwave"],"picked":"Shrug It Off","floor":12.0},{"not_picked":["Inflame","Clothesline"],"picked":"Clash","floor":14.0},{"not_picked":["Limit Break","Offering"],"picked":"Feed","floor":16.0},{"not_picked":["Pommel Strike","Heavy Blade"],"picked":"Havoc+1","floor":18.0},{"not_picked":["Carnage","Havoc"],"picked":"Flame Barrier","floor":19.0},{"not_picked":["Combust+1","Cleave"],"picked":"Pummel","floor":20.0},{"not_picked":["Fire Breathing","Sword Boomerang+1"],"picked":"Barricade","floor":24.0},{"not_picked":["Havoc+1","Perfected Strike","Dropkick"],"picked":"SKIP","floor":25}],"player_experience":911473,"relics_obtained":[{"floor":6.0,"key":"Pocketwatch"},{"floor":9.0,"key":"Kunai"},{"floor":14.0,"key":"Meat on the Bone"},{"floor":26,"key":"Ornamental Fan"}],"event_choices":[{"damage_healed":0.0,"max_hp_gain":0.0,"max_hp_loss":0.0,"gold_gain":0.0,"event_name":"Upgrade Shrine","player_choice":"Upgraded","floor":3.0,"gold_loss":0.0,"damage_taken":0.0,"cards_upgraded":["Bash"]},{"damage_healed":0.0,"max_hp_gain":0.0,"max_hp_loss":0.0,"gold_gain":0.0,"event_name":"Liars Game","player_choice":"Ignored","floor":13.0,"gold_loss":0.0,"damage_taken":0.0},{"damage_healed":0.0,"max_hp_gain":5.0,"max_hp_loss":0.0,"gold_gain":0.0,"event_name":"Forgotten Altar","player_choice":"Shed Blood","floor":21.0,"gold_loss":0.0,"damage_taken":28.0}],"is_beta":false,"boss_relics":[{"not_picked":["Runic Cube","Runic Dome"],"picked":"Fusion Hammer"}],"items_purged_floors":[11],"is_endless":false,"potions_floor_spawned":[2,10,14,16,19,24,25],"killed_by":"Gremlin Leader","ascension_level":20}}