{"host":"kg61lsvem4dxoat8","time":1613055955,"event":{"mods":["AchievementEnabler","BaseMod","Better Altar","Better Match","Better Sensory Stone","Better Skull","Block Reminder","Highlight Path","Minty Spire (QoL Compilation)","Quick Restart","Rare Cards Sparkle","Relic Sorter","Relic Stats","StSLib","Synergy Search","slay the spire mod where everything is the same but ironclad has a cowboy hat"],"gold_per_floor":[115,139,159,159,234,267,267,299,299,25,25,25,40,55,55,183,183,203,203,48,68,68,68],"floor_reached":22,"language":"ENG","playtime":487,"items_purged":["Strike_R"],"score":326,"play_id":"a56ab217-2d3c-42f5-9864-663a19deecc6","local_time":"20210211230555","is_ascension_mode":true,"campfire_choices":[{"data":"Carnage","floor":7,"key":"SMITH"},{"data":"Seeing Red","floor":12,"key":"SMITH"},{"data":"Rampage","floor":15,"key":"SMITH"}],"circlet_count":0,"master_deck":["AscendersBane","Strike_R","Strike_R","Strike_R","Defend_R","Defend_R","Defend_R","Defend_R","Bash","Carnage+1","Rampage+1","Seeing Red+1","Disarm","Barricade","True Grit"],"relics":["Burning Blood","NeowsBlessing","Smiling Mask","Torii","Happy Flower","Nunchaku","Membership Card","Anchor","Bloody Idol","Busted Crown","Blood Vial","TungstenRod"],"acts_visited":["Exordium","TheCity"],"potions_floor_usage":[16,16,13022,22],"damage_taken":[{"damage":0,"enemies":"Cultist","floor":1,"turns":1},{"damage":0,"enemies":"Jaw Worm","floor":3,"turns":1},{"damage":0,"enemies":"Gremlin Nob","floor":6,"turns":1},{"damage":23,"enemies":"3 Sentries","floor":8,"turns":8},{"damage":0,"enemies":"2 Louse","floor":13,"turns":3},{"damage":2,"enemies":"Blue Slaver","floor":14,"turns":3},{"damage":53,"enemies":"Slime Boss","floor":16,"turns":11},{"damage":0,"enemies":"Chosen","floor":18,"turns":6},{"damage":15,"enemies":"Spheric Guardian","floor":21,"turns":5},{"damage":51,"enemies":"Centurion and Healer","floor":22,"turns":6}],"seed_played":"-8338187631474339980","potions_obtained":[{"floor":3,"key":"PowerPotion"},{"floor":8,"key":"BloodPotion"},{"floor":14,"key":"HeartOfIron"},{"floor":18,"key":"Weak Potion"}],"is_trial":false,"path_per_floor":["M","T","M","?","?","E","R","E","T","$","?","R","M","M","R","B",null,"M","?","$","M","M"],"character_chosen":"IRONCLAD","items_purchased":["Membership Card","Anchor","True Grit","TungstenRod"],"campfire_rested":0,"item_purchase_floors":[10,10,20,20],"current_hp_per_floor":[78,78,80,73,62,68,68,51,51,51,51,51,57,61,61,28,63,69,31,31,29,0,0],"gold":68,"neow_bonus":"THREE_ENEMY_KILL","is_daily":false,"chose_seed":false,"campfire_upgraded":3,"win_rate":0.0,"timestamp":1613055955,"path_taken":["M","?","?","?","?","E","R","E","T","$","?","R","M","?","R","BOSS","M","?","?","M","?"],"items_purchased_type":["Relic","Relic","Card","Relic"],"build_version":"2020-12-22","purchased_purges":1,"victory":false,"max_hp_per_floor":[80,80,80,80,80,80,80,80,80,80,74,74,74,74,74,74,74,74,74,74,74,74,74],"relic_stats":{"Blood Vial":4,"Nunchaku":[5],"Busted Crown":4,"Torii":20,"Happy Flower":[11],"counters":[10,45],"Bloody Idol":5,"Smiling Mask":-12,"obtain_stats":[{"NeowsBlessing":0,"Torii":6,"Happy Flower":8,"Golden Idol":11,"Smiling Mask":2,"Burning Blood":0,"Blood Vial":19,"Nunchaku":9,"Anchor":10,"Busted Crown":17,"Bloody Idol":19,"Membership Card":10,"TungstenRod":20},{"NeowsBlessing":0,"Torii":3,"Happy Flower":4,"Golden Idol":4,"Smiling Mask":1,"Burning Blood":0,"Blood Vial":8,"Nunchaku":4,"Anchor":4,"Busted Crown":7,"Bloody Idol":8,"Membership Card":4,"TungstenRod":8},{"NeowsBlessing":0,"Torii":3,"Happy Flower":11,"Golden Idol":11,"Smiling Mask":1,"Burning Blood":0,"Blood Vial":34,"Nunchaku":11,"Anchor":11,"Busted Crown":28,"Bloody Idol":34,"Membership Card":11,"TungstenRod":34}],"Burning Blood":50,"TungstenRod":9},"card_choices":[{"not_picked":["Shrug It Off","Entrench"],"picked":"Carnage","floor":1},{"not_picked":["True Grit","Headbutt"],"picked":"Rampage","floor":3},{"not_picked":["Body Slam","Rage"],"picked":"Seeing Red","floor":6},{"not_picked":["Sever Soul","Warcry","Anger"],"picked":"SKIP","floor":8},{"not_picked":["Body Slam","Thunderclap","Exhume"],"picked":"SKIP","floor":13},{"not_picked":["Warcry","Twin Strike"],"picked":"Disarm","floor":14},{"not_picked":["Exhume","Corruption"],"picked":"Barricade","floor":16},{"not_picked":["Wild Strike"],"picked":"SKIP","floor":18},{"not_picked":["Anger"],"picked":"SKIP","floor":21}],"player_experience":1463680,"relics_obtained":[{"floor":2,"key":"Smiling Mask"},{"floor":6,"key":"Torii"},{"floor":8,"key":"Happy Flower"},{"floor":9,"key":"Nunchaku"}],"event_choices":[{"cards_removed":["Strike_R"],"damage_healed":0,"gold_gain":0,"player_choice":"Card Removal","damage_taken":7,"max_hp_gain":0,"max_hp_loss":0,"event_name":"Golden Wing","floor":4,"gold_loss":0},{"damage_healed":0,"gold_gain":75,"player_choice":"Gather Gold","damage_taken":11,"max_hp_gain":0,"max_hp_loss":0,"event_name":"World of Goop","floor":5,"gold_loss":0},{"damage_healed":0,"gold_gain":0,"player_choice":"Lose Max HP","damage_taken":0,"relics_obtained":["Golden Idol"],"max_hp_gain":0,"max_hp_loss":6,"event_name":"Golden Idol","floor":11,"gold_loss":0},{"damage_healed":0,"gold_gain":0,"player_choice":" GoldIdol Vial Potion ","damage_taken":38,"relics_obtained":["Bloody Idol","Blood Vial"],"max_hp_gain":69,"max_hp_loss":31,"event_name":"betterAltar:BetterAltar","floor":19,"potions_obtained":["betterAltar:AltarPotion"],"relics_lost":["Golden Idol"],"gold_loss":0}],"is_beta":false,"boss_relics":[{"not_picked":["Mark of Pain","Philosopher\u0027s Stone"],"picked":"Busted Crown"}],"items_purged_floors":[10],"is_endless":false,"potions_floor_spawned":[3,8,14,18,21],"killed_by":"Centurion and Healer","ascension_level":10}}