{"host":"coame8l8goqx0svj","time":1613041690,"event":{"mods":["BaseMod","Downfall","Minty Spire (QoL Compilation)","StSLib"],"gold_per_floor":[0,14,14,0,0,0,0,20,5,5,5,24,24,57,75,172,172,172,186,197,212,212,212,212,212,232,232,245,69,69,83,100,202,202,202,221,221,241,241,254,329,284,284,294,294,313,313,348,363,363],"floor_reached":51,"language":"ENG","playtime":4063,"items_purged":[],"score":950,"play_id":"75b93c25-d756-4c22-a91f-68111cc33d14","local_time":"20210211120810","is_ascension_mode":true,"campfire_choices":[{"data":"bronze:Replicate","floor":1,"key":"SMITH"},{"floor":6,"key":"REST"},{"floor":13,"key":"DIG"},{"data":"bronze:Library","floor":18,"key":"SMITH"},{"floor":27,"key":"REST"},{"floor":30,"key":"REST"},{"data":"bronze:Assembly","floor":35,"key":"SMITH"},{"floor":43,"key":"REST"},{"floor":45,"key":"DIG"},{"data":"bronze:Mutator","floor":47,"key":"SMITH"}],"circlet_count":0,"master_deck":["bronze:Defend","bronze:Defend","bronze:Defend","bronze:Replicate+1","bronze:Goto","bronze:FollowUp","bronze:Spike","bronze:Frontload","bronze:ChildClass","bronze:BuggyMess","bronze:Assembly+1","bronze:Library+1","bronze:InfiniteBeams","bronze:Boost","bronze:GetLatest+1","bronze:Optimize","bronze:Constructor+1","bronze:Verify","bronze:Shell","bronze:Assembly","bronze:FollowUp+1","bronze:Mutator+1","bronze:ItsAFeature","bronze:Shell"],"relics":["bronze:PlatinumCore","FossilizedHelix","Shovel","Happy Flower","Ancient Tea Set","Anchor","Kunai","Empty Cage","The Courier","Du-Vu Doll","Eternal Feather"],"acts_visited":["Exordium","TheCity","TheBeyond"],"potions_floor_usage":[25,38,42,49,49],"damage_taken":[{"damage":2,"enemies":"Jaw Worm","floor":2,"turns":4},{"damage":33,"enemies":"Jaw Worm","floor":3,"turns":4},{"damage":0,"enemies":"downfall:FleeingMerchant","floor":4,"turns":4},{"damage":0,"enemies":"2 Louse","floor":8,"turns":3},{"damage":0,"enemies":"downfall:FleeingMerchant","floor":9,"turns":4},{"damage":0,"enemies":"Small Slimes","floor":12,"turns":4},{"damage":0,"enemies":"Lagavulin","floor":14,"turns":7},{"damage":0,"enemies":"Gremlin Gang","floor":15,"turns":4},{"damage":33,"enemies":"DF_ARCHETYPE_STREAMLINE","floor":16,"turns":12},{"damage":0,"enemies":"Shell Parasite","floor":19,"turns":6},{"damage":0,"enemies":"Spheric Guardian","floor":20,"turns":4},{"damage":32,"enemies":"Snake Plant","floor":21,"turns":6},{"damage":0,"enemies":"Shelled Parasite and Fungi","floor":25,"turns":2},{"damage":0,"enemies":"Centurion and Healer","floor":26,"turns":5},{"damage":1,"enemies":"Sentry and Sphere","floor":28,"turns":5},{"damage":0,"enemies":"downfall:FleeingMerchant","floor":29,"turns":4},{"damage":0,"enemies":"Snake Plant","floor":31,"turns":5},{"damage":0,"enemies":"Cultist and Chosen","floor":32,"turns":7},{"damage":11,"enemies":"IC_MUSHROOM_ARCHETYPE","floor":33,"turns":8},{"damage":0,"enemies":"3 Darklings","floor":36,"turns":6},{"damage":20,"enemies":"Orb Walker","floor":38,"turns":5},{"damage":0,"enemies":"Sphere and 2 Shapes","floor":40,"turns":5},{"damage":0,"enemies":"downfall:FleeingMerchant","floor":42,"turns":4},{"damage":14,"enemies":"3 Darklings","floor":44,"turns":6},{"damage":0,"enemies":"Maw","floor":46,"turns":6},{"damage":0,"enemies":"Giant Head","floor":48,"turns":6},{"damage":25,"enemies":"Transient","floor":49,"turns":5},{"damage":0,"enemies":"SI_POISON_ARCHETYPE","floor":50,"turns":11}],"seed_played":"-195752685156961887","potions_obtained":[{"floor":2,"key":"SmokeBomb"},{"floor":8,"key":"bronze:CleanCodePotion"},{"floor":12,"key":"bronze:CleanCodePotion"},{"floor":20,"key":"Swift Potion"},{"floor":22,"key":"CultistPotion"},{"floor":26,"key":"SteroidPotion"},{"floor":31,"key":"PowerPotion"},{"floor":48,"key":"DistilledChaos"}],"is_trial":false,"path_per_floor":["R","M","?","$","?","R","T","M","$","?","?","M","R","E","M","B",null,"R","M","M","M","?","T","T","M","M","R","M","$","R","M","M","B",null,"R","M","?","M","?","M","T","$","R","M","R","M","R","E","M","B",null],"character_chosen":"THE_AUTOMATON","items_purchased":["bronze:Verify","bronze:ItsAFeature"],"campfire_rested":4,"item_purchase_floors":[29,42],"current_hp_per_floor":[63,61,28,28,28,49,49,49,49,66,66,66,66,66,66,33,59,59,59,59,27,27,27,27,27,27,47,46,46,66,66,66,55,64,64,64,64,44,44,44,44,44,64,50,50,50,50,50,25,25],"gold":363,"neow_bonus":"ONE_RARE_RELIC","is_daily":false,"chose_seed":false,"campfire_upgraded":4,"win_rate":0.0,"timestamp":1613041690,"path_taken":["R","M","?","$","?","R","T","?","$","?","?","M","R","E","M","BOSS","R","M","M","?","?","?","T","M","M","R","?","$","R","M","M","BOSS","R","M","?","?","?","?","T","$","R","M","R","M","R","E","M","BOSS"],"items_purchased_type":["Card","Card"],"build_version":"2020-12-22","purchased_purges":0,"victory":true,"max_hp_per_floor":[70,70,70,70,70,70,70,70,70,70,67,67,67,67,67,67,67,67,67,67,67,67,67,67,67,67,67,67,67,67,67,67,67,67,67,67,67,67,67,67,67,67,67,67,67,67,67,67,67,67],"card_choices":[{"not_picked":["bronze:NullPointer","bronze:WhirlingStrike"],"picked":"bronze:FollowUp","floor":2},{"not_picked":[],"picked":"bronze:Spike","floor":3},{"not_picked":["bronze:BuggyMess","bronze:WhirlingStrike"],"picked":"bronze:Frontload","floor":3},{"not_picked":["bronze:Terminator","bronze:DelayedSlice"],"picked":"bronze:ChildClass","floor":4},{"not_picked":["bronze:BuggyMess","bronze:NullPointer"],"picked":"bronze:Assembly","floor":8},{"not_picked":["bronze:DelayedSlice","bronze:Refactor","bronze:Return"],"picked":"SKIP","floor":9},{"not_picked":["bronze:Refactor","bronze:CutThrough","bronze:DelayedSlice"],"picked":"SKIP","floor":12},{"not_picked":["bronze:BuggyMess","bronze:DelayedSlice","bronze:FineTuning"],"picked":"SKIP","floor":14},{"not_picked":["bronze:Overheat","bronze:BuggyMess","bronze:Philosophize"],"picked":"SKIP","floor":15},{"not_picked":["bronze:Virus","bronze:CleanCode"],"picked":"bronze:Library","floor":16},{"not_picked":["bronze:BugBarrage","bronze:DelayedGuard"],"picked":"bronze:InfiniteBeams","floor":19},{"not_picked":["bronze:CutThrough+1","bronze:Constructor"],"picked":"bronze:Boost","floor":20},{"not_picked":["bronze:ClassDefault","bronze:OilSpill"],"picked":"bronze:GetLatest+1","floor":21},{"not_picked":["bronze:OilSpill+1","bronze:AlphaBuild"],"picked":"bronze:Optimize","floor":26},{"not_picked":["bronze:Allocate","bronze:Deprecate"],"picked":"bronze:Constructor+1","floor":28},{"not_picked":["bronze:BitShift","bronze:DelayedGuard","bronze:Shield"],"picked":"SKIP","floor":29},{"not_picked":["bronze:InfiniteBeams","bronze:MaxOutput"],"picked":"bronze:Shell","floor":31},{"not_picked":["bronze:Deprecate","bronze:FineTuning"],"picked":"bronze:Assembly","floor":32},{"not_picked":["bronze:OilSpill+1","bronze:Constructor+1","bronze:Backtrace+1"],"picked":"SKIP","floor":36},{"not_picked":["bronze:NullPointer","bronze:DelayedGuard+1","bronze:CutThrough+1"],"picked":"SKIP","floor":38},{"not_picked":["bronze:BuggyMess+1","bronze:Invalidate"],"picked":"bronze:FollowUp+1","floor":40},{"not_picked":["bronze:Constructor","bronze:DarkDash+1"],"picked":"bronze:Mutator","floor":42},{"not_picked":["bronze:GetLatest","bronze:WhirlingStrike+1","bronze:OilSpill+1"],"picked":"SKIP","floor":44},{"not_picked":["bronze:Constructor+1","bronze:ForceShield"],"picked":"bronze:Shell","floor":46},{"not_picked":["bronze:DigitalCarnage","bronze:ForLoop+1","bronze:DelayedSlice+1"],"picked":"SKIP","floor":48},{"not_picked":["bronze:BitShift","bronze:Deprecate+1","bronze:Separator"],"picked":"SKIP","floor":49}],"player_experience":1794661,"relics_obtained":[{"floor":7,"key":"Shovel"},{"floor":13,"key":"Happy Flower"},{"floor":14,"key":"Ancient Tea Set"},{"floor":23,"key":"Anchor"},{"floor":24,"key":"Kunai"},{"floor":41,"key":"The Courier"},{"floor":45,"key":"Du-Vu Doll"},{"floor":48,"key":"Eternal Feather"}],"event_choices":[{"damage_healed":17,"gold_gain":0,"player_choice":"Healed and dodged fight","damage_taken":0,"max_hp_gain":0,"max_hp_loss":0,"event_name":"Mushrooms","floor":10,"gold_loss":0,"cards_obtained":["Parasite"]}],"is_beta":false,"boss_relics":[{"not_picked":["Pandora\u0027s Box","Philosopher\u0027s Stone"],"picked":"bronze:PlatinumCore"},{"not_picked":["SlaversCollar","Astrolabe"],"picked":"Empty Cage"}],"items_purged_floors":[],"is_endless":false,"potions_floor_spawned":[2,8,12,16,20,26,28,31,32,36,46,48],"ascension_level":6}}