{"host":"bylvwyl6hs2a0zsg","time":1613018767,"event":{"mods":["AchievementEnabler","Ascension Reborn","Aspiration","BaseMod","Better Note","Colored Powertips","Defuse TimeMaze Blight","Downfall","Energized Spire","Faster Ascension Climbing","GifTheSpireLib","GungeonMod","Hermit","Highlight Path","Hubris","Infinite Spire","Minty Spire (QoL Compilation)","Permanent Neow","Quick Restart","Rare Cards Sparkle","Replay The Spire","SacredBarkPlus","Small Relic Pack","Spikes Relics","StSLib","Stuff the Spire","Unceasing Turn Reminder","Virulent Crown","Waifu the Spire","slay the spire mod where everything is the same but ironclad has a cowboy hat"],"gold_per_floor":[0,14,14,14,30,47,93,32,32,32,47,32,32,17,17,37,54,151,151,151,170,170,170,170,170,170],"floor_reached":24,"language":"ENG","playtime":4518,"items_purged":[],"score":234,"play_id":"2d73efc6-d280-4c8b-9d86-91ad45c210a5","local_time":"20210210234607","is_ascension_mode":true,"campfire_choices":[{"data":"hexamod:Sear","floor":1,"key":"SMITH"},{"floor":20,"key":"RECALL"}],"circlet_count":0,"master_deck":["hexamod:Strike","hexamod:Strike","hexamod:Strike","hexamod:Defend","hexamod:Defend","hexamod:Defend","hexamod:Defend","hexamod:Sear+1","hexamod:Float","hexamod:HeatMetal","hexamod:PhantomFireball","hexamod:ShieldOfDarkness","hexamod:EmpoweredFlame","hexamod:FlamesFromBeyond+1","hexamod:FastForward","hexamod:HeatCrush","Looming Evil","hexamod:RainOfEmbers+1","Writhe","hexamod:HeatShield","hexamod:SoulSteal","hexamod:VolcanoVisage","relicPack:ZaWorld"],"relics":["relicPack:StarArrow","Nuclear Battery","Cracked Core","Snake Skull","energizedSpire:DeadBattery","Replay:Frozen Program","m_BurningSludge","BlackRope","infinitespire:Chaos"],"acts_visited":["Exordium","TheCity"],"potions_floor_usage":[14,17,17],"damage_taken":[{"damage":0,"enemies":"Cultist","floor":2,"turns":3},{"damage":1,"enemies":"Jaw Worm","floor":5,"turns":3},{"damage":0,"enemies":"infinitespire:Voidling","floor":6,"turns":3},{"damage":9,"enemies":"downfall:FleeingMerchant","floor":8,"turns":4},{"damage":6,"enemies":"Exordium Wildlife","floor":11,"turns":3},{"damage":9,"enemies":"downfall:FleeingMerchant","floor":12,"turns":4},{"damage":0,"enemies":"downfall:FleeingMerchant","floor":14,"turns":4},{"damage":0,"enemies":"Exordium Thugs","floor":16,"turns":4},{"damage":0,"enemies":"Red Slaver","floor":17,"turns":3},{"damage":0,"enemies":"SI_SHIV_ARCHETYPE","floor":18,"turns":3},{"damage":4,"enemies":"Shell Parasite","floor":21,"turns":3}],"seed_played":"-9134756496315085880","potions_obtained":[{"floor":5,"key":"Adrenaline Potion"},{"floor":6,"key":"SkillPotion"},{"floor":16,"key":"SkillPotion"},{"floor":18,"key":"Block Potion"}],"is_trial":false,"path_per_floor":["R","M","?","?","M","M","T","$","PTL","PTL","M","$","?","$","?","M","M","B",null,"R","M","PTL","PTL","AVR"],"character_chosen":"THE_SPIRIT","items_purchased":["hexamod:FlamesFromBeyond"],"campfire_rested":0,"item_purchase_floors":[8],"current_hp_per_floor":[70,70,70,70,69,69,69,60,60,60,54,45,45,45,45,45,45,45,70,70,66,66,66,66,66,66],"gold":170,"neow_bonus":"ONE_RARE_RELIC","is_daily":false,"chose_seed":false,"campfire_upgraded":1,"win_rate":0.0,"timestamp":1613018767,"path_taken":["R","M","?","?","M","?","T","$","PTL","PTL","M","$","?","?","?","M","M","BOSS","R","M","PTL","PTL","AVR"],"items_purchased_type":["Card"],"build_version":"2020-12-22","purchased_purges":0,"victory":false,"max_hp_per_floor":[70,70,70,70,70,70,70,70,70,70,70,70,70,70,70,70,70,70,70,70,70,70,70,70,70,70],"card_choices":[{"not_picked":["hexamod:SwordOfDarkness","hexamod:ThermalTransfer"],"picked":"hexamod:HeatMetal","floor":2},{"not_picked":["hexamod:HeatCrush","hexamod:Again"],"picked":"hexamod:PhantomFireball","floor":5},{"not_picked":["hexamod:BacktrackSmack","hexamod:GhostOfSpireFuture"],"picked":"hexamod:ShieldOfDarkness","floor":6},{"not_picked":["hexamod:Rewind","hexamod:InspiringFlames"],"picked":"hexamod:EmpoweredFlame","floor":8},{"not_picked":["hexamod:Hexaguard","hexamod:NightmareGuise"],"picked":"hexamod:FastForward","floor":11},{"not_picked":["hexamod:FifthSeal","hexamod:PhantomCloak"],"picked":"hexamod:HeatCrush","floor":12},{"not_picked":["hexamod:InspiringFlames","hexamod:HeatCrush"],"picked":"hexamod:RainOfEmbers","floor":14},{"not_picked":["hexamod:FastForward","hexamod:FourthSeal"],"picked":"hexamod:HeatShield","floor":16},{"not_picked":["hexamod:HeatMetal","hexamod:TimeWarp"],"picked":"hexamod:SoulSteal","floor":17},{"not_picked":["hexamod:TimeOfNeed","hexamod:GiftsFromTheDead"],"picked":"hexamod:VolcanoVisage","floor":18},{"not_picked":["hexamod:CatchUp","hexamod:SpectersWail","hexamod:HauntingEcho"],"picked":"SKIP","floor":21}],"player_experience":769617,"relics_obtained":[{"floor":7,"key":"hexamod:MatchstickCase"},{"floor":13,"key":"ReplayTheSpireMod:Ring of Collecting"},{"floor":13,"key":"Ring of Misfortune"}],"event_choices":[],"is_beta":false,"boss_relics":[{"not_picked":["hubris:BlackHole","Replay:Wanted Poster"],"picked":"energizedSpire:DeadBattery"}],"items_purged_floors":[],"is_endless":false,"potions_floor_spawned":[5,6,16,18],"ascension_level":0}}