{"host":"6rd8hsjmp8z8o98z","time":1613069423,"event":{"mods":["AchievementEnabler","BaseMod","Better Match","Better Third Choice","BetterRewards","Gremlin Mod","Minty Spire (QoL Compilation)","Say the Spire","Shop Mod","StSLib","The Jungle"],"gold_per_floor":[117,128,148,113,29,58,58,70,70,85,85,104,104,116,116,116,116],"floor_reached":16,"language":"KOR","playtime":770,"items_purged":[],"score":156,"play_id":"74ecad25-562b-417e-8533-19c1166b0077","local_time":"20210212035023","is_ascension_mode":true,"campfire_choices":[{"floor":11,"key":"REST"},{"floor":13,"key":"REST"},{"floor":15,"key":"REST"}],"circlet_count":0,"master_deck":["AscendersBane","Strike_G","Strike_G","Strike_G","Strike_G","Strike_G","Defend_G","Defend_G","Defend_G","Defend_G","Defend_G","Survivor","Neutralize","Flying Knee","Dagger Spray","Sucker Punch","Cloak And Dagger","Infinite Blades","Bullet Time","Decay","Leg Sweep","Choke"],"relics":["Ring of the Snake","Bottled Lightning","Bottled Tornado"],"acts_visited":["Exordium"],"potions_floor_usage":[6,16,16],"damage_taken":[{"damage":6,"enemies":"2 Louse","floor":1,"turns":3},{"damage":4,"enemies":"Small Slimes","floor":2,"turns":3},{"damage":11,"enemies":"Cultist","floor":3,"turns":4},{"damage":11,"enemies":"3 Sentries","floor":6,"turns":6},{"damage":20,"enemies":"Gremlin Gang","floor":8,"turns":5},{"damage":3,"enemies":"Looter","floor":10,"turns":4},{"damage":16,"enemies":"Exordium Wildlife","floor":12,"turns":4},{"damage":4,"enemies":"Blue Slaver","floor":14,"turns":3},{"damage":70,"enemies":"The Guardian","floor":16,"turns":15}],"seed_played":"7592229670430395830","potions_obtained":[{"floor":3,"key":"CunningPotion"},{"floor":8,"key":"Poison Potion"},{"floor":10,"key":"Weak Potion"},{"floor":12,"key":"Weak Potion"}],"is_trial":false,"path_per_floor":["M","M","M","?","$","E","?","M","T","M","R","M","R","M","R","B"],"character_chosen":"THE_SILENT","items_purchased":["Flying Knee","Cloak And Dagger","Infinite Blades"],"campfire_rested":3,"item_purchase_floors":[0,5,5],"current_hp_per_floor":[57,53,42,59,59,48,48,28,28,25,46,30,51,47,68,0,0],"gold":116,"neow_bonus":"","is_daily":false,"chose_seed":false,"campfire_upgraded":0,"win_rate":0.0,"timestamp":1613069423,"path_taken":["M","M","M","?","$","E","?","M","T","M","R","M","R","M","R","BOSS"],"items_purchased_type":["Card","Card","Card"],"build_version":"2020-12-22","purchased_purges":0,"victory":false,"max_hp_per_floor":[70,70,70,70,70,70,70,70,70,70,70,70,70,70,70,70,70],"card_choices":[{"not_picked":["Underhanded Strike","Crippling Poison"],"picked":"Dagger Spray","floor":1},{"not_picked":["Predator","Heel Hook","Flechettes"],"picked":"SKIP","floor":2},{"not_picked":["Concentrate","Setup"],"picked":"Sucker Punch","floor":3},{"not_picked":["Dagger Spray","Quick Slash"],"picked":"Bullet Time","floor":6},{"not_picked":["Acrobatics","Masterful Stab"],"picked":"Leg Sweep","floor":8},{"not_picked":["Slice","Outmaneuver","Poisoned Stab"],"picked":"SKIP","floor":10},{"not_picked":["Reflex","Riddle With Holes"],"picked":"Choke","floor":12},{"not_picked":["Catalyst","Dodge and Roll","Quick Slash"],"picked":"SKIP","floor":14}],"player_experience":530557,"relics_obtained":[{"floor":6,"key":"Bottled Lightning"},{"floor":9,"key":"Bottled Tornado"}],"event_choices":[{"damage_healed":17,"gold_gain":0,"player_choice":"Healed","damage_taken":0,"max_hp_gain":0,"max_hp_loss":0,"event_name":"The Cleric","floor":4,"gold_loss":35},{"damage_healed":0,"gold_gain":0,"player_choice":"Cursed","damage_taken":0,"max_hp_gain":0,"max_hp_loss":0,"event_name":"Wheel of Change","floor":7,"gold_loss":0,"cards_obtained":["Decay"]}],"is_beta":false,"boss_relics":[],"items_purged_floors":[],"is_endless":false,"potions_floor_spawned":[3,8,10,12],"killed_by":"The Guardian","ascension_level":10}}