{"host":"hpn0uxah5qjr7pa6","time":1613014698,"event":{"mods":["2.2 Compatiblity","Act Like it!","Aspiration","BaseMod","Better Third Choice","BetterRewards","Challenge The Spire","Colored Powertips","Conspire","DeckTracker","Downfall","Energized Spire","Hallownest","Hermit","Highlight Path","Hubris","Infinite Spire","Minty Spire (QoL Compilation)","Permanent Neow","Quick Restart","Rare Cards Sparkle","Replay The Spire","Spicy Shops","StSLib","The Bug Knight","The Jungle"],"gold_per_floor":[99,115,134,234,254,270,270,270,300,300,225,236,236,267,280,378,378,378,392,402,402,419,430,456,456,456,481,500,518,518,518,518,518],"floor_reached":31,"language":"ENG","playtime":1046,"items_purged":["conspire:NecroticWound"],"score":350,"play_id":"877ab69e-850a-4258-88eb-87eb81951d41","local_time":"20210210193818","is_ascension_mode":true,"campfire_choices":[{"floor":1,"key":"DIG"},{"floor":10,"key":"REST"},{"floor":13,"key":"REST"},{"floor":18,"key":"REST"},{"floor":26,"key":"REST"}],"circlet_count":0,"master_deck":["bronze:Strike","bronze:Strike","bronze:Strike","bronze:Strike","bronze:Defend","bronze:Defend","bronze:Defend","bronze:Defend","bronze:Replicate","bronze:Goto","bronze:DelayedSlice","bronze:OilSpill","bronze:OilSpill","bronze:DigitalCarnage","bronze:Repair","bronze:DelayedSlice","bronze:OilSpill","bronze:SpaghettiCode"],"relics":["bronze:BronzeCore","Ancient Tea Set","Replay:Accelerometer","The Courier","Blue Doll","Vajra","Replay:Bronze Core","Replay:Baseball","conspire:GiftBox","hubris:Backtick","ReplayFunnel","hubris:MedicalManual"],"acts_visited":["Exordium","TheCity"],"potions_floor_usage":[9,12,14,23,23],"damage_taken":[{"damage":13,"enemies":"Jaw Worm","floor":2,"turns":4},{"damage":0,"enemies":"Small Slimes","floor":3,"turns":3},{"damage":0,"enemies":"Cultist","floor":5,"turns":3},{"damage":0,"enemies":"3 Louse","floor":6,"turns":1},{"damage":20,"enemies":"Lagavulin","floor":9,"turns":5},{"damage":5,"enemies":"downfall:FleeingMerchant","floor":11,"turns":4},{"damage":0,"enemies":"Gremlin Gang","floor":12,"turns":2},{"damage":24,"enemies":"3 Sentries","floor":14,"turns":7},{"damage":0,"enemies":"Exordium Wildlife","floor":15,"turns":1},{"damage":44,"enemies":"WA_ARCHETYPE_RETAIN","floor":16,"turns":5},{"damage":0,"enemies":"Spheric Guardian","floor":19,"turns":2},{"damage":7,"enemies":"Chosen","floor":20,"turns":3},{"damage":12,"enemies":"Centurion and Healer","floor":22,"turns":4},{"damage":27,"enemies":"Snake Plant","floor":23,"turns":3},{"damage":42,"enemies":"Book of Stabbing","floor":27,"turns":5},{"damage":7,"enemies":"Cultist and Chosen","floor":28,"turns":3},{"damage":13,"enemies":"Shelled Parasite and Fungi","floor":29,"turns":3},{"damage":29,"enemies":"Slavers","floor":31,"turns":1}],"seed_played":"-5974312376950633804","potions_obtained":[{"floor":3,"key":"Toxic Potion"},{"floor":5,"key":"SkillPotion"},{"floor":6,"key":"AttackPotion"},{"floor":16,"key":"ColorlessPotion"},{"floor":19,"key":"DistilledChaos"},{"floor":29,"key":"BlessingOfTheForge"},{"floor":30,"key":"CultistPotion"}],"is_trial":false,"path_per_floor":["R","M","M","?","M","M","T","?","E","R","$","M","R","E","M","B",null,"R","M","M","?","M","M","T","AVR","R","E","M","M","?","E"],"character_chosen":"THE_AUTOMATON","items_purchased":[],"campfire_rested":4,"item_purchase_floors":[],"current_hp_per_floor":[77,64,64,64,64,64,64,64,44,69,64,64,84,65,72,28,70,84,84,84,84,72,52,52,52,77,42,35,29,29,0,0,0],"gold":518,"neow_bonus":"TWENTY_PERCENT_HP_BONUS","is_daily":false,"chose_seed":false,"campfire_upgraded":0,"win_rate":0.0,"timestamp":1613014698,"path_taken":["R","M","M","?","M","M","T","?","E","R","$","?","R","E","M","BOSS","R","M","M","?","M","M","T","AVR","R","E","?","M","?","E"],"items_purchased_type":[],"build_version":"2020-12-22","purchased_purges":1,"victory":false,"max_hp_per_floor":[84,84,84,84,84,84,84,84,84,84,84,84,84,84,84,84,84,84,84,84,84,84,84,84,84,84,84,84,84,84,84,84,84],"card_choices":[{"not_picked":["bronze:Invalidate","bronze:DarkDash"],"picked":"bronze:DelayedSlice","floor":2},{"not_picked":["bronze:Allocate","bronze:Optimize"],"picked":"bronze:OilSpill","floor":3},{"not_picked":["bronze:Constructor","bronze:WhirlingStrike"],"picked":"bronze:OilSpill","floor":5},{"not_picked":["bronze:Constructor","bronze:DarkDash","bronze:Philosophize"],"picked":"SKIP","floor":6},{"not_picked":["bronze:BuggyMess","bronze:Refactor","bronze:WhirlingStrike"],"picked":"SKIP","floor":9},{"not_picked":["bronze:BugBarrage","bronze:Turbo"],"picked":"bronze:DigitalCarnage","floor":11},{"not_picked":["bronze:InfiniteBeams","bronze:Iterate"],"picked":"bronze:Repair","floor":12},{"not_picked":["bronze:WildBeam","bronze:Safeguard","bronze:Constructor"],"picked":"SKIP","floor":14},{"not_picked":["bronze:Flail","bronze:CloningBeam"],"picked":"bronze:DelayedSlice","floor":15},{"not_picked":["bronze:Constructor","bronze:Invalidate","bronze:WhirlingStrike"],"picked":"SKIP","floor":19},{"not_picked":["bronze:Shield+1","bronze:Iterate","bronze:Constructor+1"],"picked":"SKIP","floor":20},{"not_picked":["bronze:Flail","bronze:CutThrough","bronze:BitShift+1"],"picked":"SKIP","floor":22},{"not_picked":["bronze:CutThrough","bronze:Invalidate","bronze:Deprecate"],"picked":"SKIP","floor":23},{"not_picked":["bronze:HyperBeam","bronze:Virus"],"picked":"bronze:SpaghettiCode","floor":25},{"not_picked":["bronze:Terminator+1","bronze:Frontload","bronze:MaxOutput"],"picked":"SKIP","floor":27},{"not_picked":["bronze:Allocate","bronze:Shield","bronze:Overheat"],"picked":"SKIP","floor":28},{"not_picked":["bronze:Deprecate+1","bronze:FindAndReplace","bronze:WhirlingStrike+1"],"picked":"SKIP","floor":29}],"player_experience":217674,"relics_obtained":[{"floor":1,"key":"Ancient Tea Set"},{"floor":7,"key":"Replay:Accelerometer"},{"floor":8,"key":"The Courier"},{"floor":9,"key":"Blue Doll"},{"floor":14,"key":"Vajra"},{"floor":24,"key":"Replay:Baseball"},{"floor":27,"key":"hubris:MedicalManual"}],"event_choices":[{"damage_healed":0,"gold_gain":0,"player_choice":"Relic","damage_taken":0,"max_hp_gain":0,"max_hp_loss":0,"event_name":"Wheel of Change","floor":8,"gold_loss":0}],"is_beta":false,"boss_relics":[{"not_picked":["Abe\u0027s Treasure","hubris:GrandSneckoEye"],"picked":"Replay:Bronze Core"}],"items_purged_floors":[11],"is_endless":false,"potions_floor_spawned":[3,5,6,16,19,29],"killed_by":"Slavers","ascension_level":6}}