{"host":"cy3pd5cut10e7v8y","time":1613057383,"event":{"mods":["AchievementEnabler","Act Like it!","BaseMod","Colored Map","Colored Powertips","Koishi","Minty Spire (QoL Compilation)","StSLib","The Animator","Waifu the Spire"],"gold_per_floor":[119,131,131,131,146,146,160,172,195,120,138,151,151,51,51,146,146,166,265,140,158,158,158,73,73,73,87,87,87,97,132,132,228,228,248,260,260,270,29,29,29],"floor_reached":40,"language":"ENG","playtime":1885,"items_purged":["Strike_B","Strike_B","Defend_B"],"score":398,"play_id":"542373fd-e83a-4a01-8751-c89a30cec8a8","local_time":"20210211162943","is_ascension_mode":false,"campfire_choices":[{"data":"Chaos","floor":6,"key":"SMITH"},{"data":"Chaos","floor":13,"key":"SMITH"},{"data":"Hologram","floor":15,"key":"SMITH"},{"data":"Zap","floor":23,"key":"SMITH"},{"data":"Electrodynamics","floor":25,"key":"SMITH"},{"floor":29,"key":"REST"},{"floor":32,"key":"REST"}],"circlet_count":0,"master_deck":["Strike_B","Defend_B","Defend_B","Defend_B","Zap+1","Dualcast","Chaos+1","Darkness","Hologram+1","Darkness","Chaos+1","Thunder Strike","Electrodynamics+1","Ball Lightning","Zap+1","Conserve Battery+1","Fission","Loop+1","Capacitor","Loop+1"],"relics":["Cracked Core","MealTicket","Dream Catcher","Anchor","Busted Crown","Potion Belt","HornCleat","Toy Ornithopter","SlaversCollar","DollysMirror"],"acts_visited":["Exordium","TheCity","TheBeyond"],"potions_floor_usage":[7,21,33,33,33,40,40],"damage_taken":[{"damage":1,"enemies":"Cultist","floor":1,"turns":3},{"damage":4,"enemies":"2 Louse","floor":2,"turns":3},{"damage":4,"enemies":"Jaw Worm","floor":5,"turns":4},{"damage":8,"enemies":"2 Fungi Beasts","floor":7,"turns":4},{"damage":9,"enemies":"3 Louse","floor":8,"turns":3},{"damage":0,"enemies":"Red Slaver","floor":11,"turns":3},{"damage":7,"enemies":"Blue Slaver","floor":12,"turns":3},{"damage":16,"enemies":"The Guardian","floor":16,"turns":11},{"damage":0,"enemies":"3 Byrds","floor":18,"turns":2},{"damage":9,"enemies":"2 Thieves","floor":21,"turns":3},{"damage":23,"enemies":"Cultist and Chosen","floor":27,"turns":5},{"damage":0,"enemies":"Snecko","floor":30,"turns":3},{"damage":7,"enemies":"Slavers","floor":31,"turns":3},{"damage":58,"enemies":"Automaton","floor":33,"turns":8},{"damage":7,"enemies":"3 Shapes","floor":35,"turns":4},{"damage":0,"enemies":"Orb Walker","floor":36,"turns":3},{"damage":34,"enemies":"Transient","floor":38,"turns":5},{"damage":88,"enemies":"Nemesis","floor":40,"turns":6}],"seed_played":"-276316051576170228","potions_obtained":[{"floor":2,"key":"SkillPotion"},{"floor":5,"key":"Block Potion"},{"floor":11,"key":"FearPotion"},{"floor":21,"key":"EssenceOfSteel"},{"floor":27,"key":"Explosive Potion"},{"floor":38,"key":"ColorlessPotion"}],"is_trial":false,"path_per_floor":["M","M","?","?","M","R","M","M","T","$","M","M","R","$","R","B",null,"M","?","$","M","?","R","?","R","T","M","?","R","M","E","R","B",null,"M","M","?","M","$","E"],"character_chosen":"DEFECT","items_purchased":["Capacitor","DollysMirror","Weak Potion"],"campfire_rested":2,"item_purchase_floors":[39,39,39],"current_hp_per_floor":[74,70,70,63,59,59,51,42,42,57,57,50,50,65,65,49,75,75,75,75,66,66,66,66,66,66,43,43,65,65,58,75,22,75,68,68,68,34,49,0,0],"gold":29,"neow_bonus":"RANDOM_COMMON_RELIC","is_daily":false,"chose_seed":false,"campfire_upgraded":5,"win_rate":0.0,"timestamp":1613057383,"path_taken":["M","M","?","?","M","R","M","M","T","$","M","M","R","?","R","BOSS","M","?","$","M","?","R","?","R","T","M","?","R","?","E","R","BOSS","M","M","?","M","$","E"],"items_purchased_type":["Card","Relic","Potion"],"build_version":"2020-12-22","purchased_purges":3,"victory":false,"max_hp_per_floor":[75,75,75,75,75,75,75,75,75,75,75,75,75,75,75,75,75,75,75,75,75,75,75,75,75,75,75,75,75,75,75,75,75,75,75,75,75,75,75,75,75],"card_choices":[{"not_picked":["Cold Snap","Scrape"],"picked":"Chaos","floor":1},{"not_picked":["Coolheaded","Gash"],"picked":"Darkness","floor":2},{"not_picked":["Stack","Streamline"],"picked":"Hologram","floor":5},{"not_picked":["Coolheaded","Double Energy"],"picked":"Darkness","floor":7},{"not_picked":["Compile Driver","Beam Cell"],"picked":"Chaos","floor":8},{"not_picked":["Redo","Gash","Stack"],"picked":"SKIP","floor":11},{"not_picked":["Steam Power","Gash"],"picked":"Thunder Strike","floor":12},{"not_picked":["Seek","Fission"],"picked":"Electrodynamics","floor":16},{"not_picked":["Beam Cell"],"picked":"SKIP","floor":18},{"not_picked":["Conserve Battery"],"picked":"SKIP","floor":21},{"not_picked":[],"picked":"Ball Lightning","floor":27},{"not_picked":["Compile Driver"],"picked":"SKIP","floor":30},{"not_picked":["Go for the Eyes"],"picked":"SKIP","floor":31},{"not_picked":[],"picked":"Conserve Battery+1","floor":32},{"not_picked":[],"picked":"Fission","floor":33},{"not_picked":[],"picked":"Loop+1","floor":35},{"not_picked":["Conserve Battery"],"picked":"SKIP","floor":36},{"not_picked":["Rip and Tear+1"],"picked":"SKIP","floor":38}],"player_experience":192692,"relics_obtained":[{"floor":9,"key":"Anchor"},{"floor":26,"key":"HornCleat"},{"floor":31,"key":"Toy Ornithopter"}],"event_choices":[{"damage_healed":0,"gold_gain":0,"player_choice":"Box","damage_taken":0,"relics_obtained":["Dream Catcher"],"max_hp_gain":0,"max_hp_loss":0,"event_name":"Big Fish","floor":3,"gold_loss":0,"cards_obtained":["Regret"]},{"cards_removed":["Regret"],"damage_healed":0,"gold_gain":0,"player_choice":"Card Removal","damage_taken":7,"max_hp_gain":0,"max_hp_loss":0,"event_name":"Golden Wing","floor":4,"gold_loss":0},{"damage_healed":0,"gold_gain":99,"player_choice":"Stole From Cult","damage_taken":0,"max_hp_gain":0,"max_hp_loss":0,"event_name":"Nest","floor":19,"gold_loss":0},{"cards_removed":["Strike_B"],"damage_healed":0,"gold_gain":0,"player_choice":"Elegance","damage_taken":0,"max_hp_gain":0,"max_hp_loss":0,"event_name":"Back to Basics","floor":22,"gold_loss":0},{"damage_healed":0,"gold_gain":0,"player_choice":"Obtained Relic","damage_taken":0,"relics_obtained":["Potion Belt"],"max_hp_gain":0,"max_hp_loss":0,"event_name":"Addict","floor":24,"gold_loss":85},{"damage_healed":0,"gold_gain":0,"player_choice":"Copied","damage_taken":0,"max_hp_gain":0,"max_hp_loss":0,"event_name":"Duplicator","floor":28,"gold_loss":0,"cards_obtained":["Zap"]},{"damage_healed":0,"gold_gain":0,"player_choice":"Memory 1","damage_taken":0,"max_hp_gain":0,"max_hp_loss":0,"event_name":"SensoryStone","floor":37,"gold_loss":0}],"is_beta":false,"boss_relics":[{"not_picked":["Runic Dome","Cursed Key"],"picked":"Busted Crown"},{"not_picked":["FrozenCore","Black Star"],"picked":"SlaversCollar"}],"items_purged_floors":[10,14,20],"is_endless":false,"potions_floor_spawned":[2,5,11,21,27,38],"killed_by":"Nemesis","ascension_level":0}}