{"host":"swn8ychr123rw3gf","time":1613047312,"event":{"mods":["BaseMod","Minty Spire (QoL Compilation)","StSLib"],"gold_per_floor":[111,128,128,144,144,144,179,198,198,198,123,96,96,112,112,185,185,164,182,192,192,92,92,92],"floor_reached":23,"language":"ZHS","playtime":1227,"items_purged":["Strike_G","Strike_G"],"score":376,"play_id":"eaec0a20-a14c-4223-9a85-cb2ce77301f3","local_time":"20210211204152","is_ascension_mode":true,"campfire_choices":[{"data":"Cloak And Dagger","floor":6.0,"key":"SMITH"},{"data":"Neutralize","floor":13.0,"key":"SMITH"},{"data":"Acrobatics","floor":15.0,"key":"SMITH"}],"circlet_count":0,"master_deck":["AscendersBane","Strike_G","Defend_G","Defend_G","Defend_G","Survivor","Neutralize+1","Predator","Infinite Blades","Cloak And Dagger+1","Reflex","Infinite Blades","Acrobatics+1","After Image","Adrenaline","Expertise","PiercingWail"],"relics":["Ring of the Snake","InkBottle","Meat on the Bone","Singing Bowl","Black Star"],"acts_visited":["Exordium","TheCity"],"potions_floor_usage":[20],"damage_taken":[{"damage":7.0,"enemies":"Small Slimes","floor":1.0,"turns":5.0},{"damage":0.0,"enemies":"Jaw Worm","floor":2.0,"turns":3.0},{"damage":0.0,"enemies":"Cultist","floor":4.0,"turns":3.0},{"damage":24.0,"enemies":"3 Sentries","floor":7.0,"turns":10.0},{"damage":9.0,"enemies":"3 Louse","floor":8.0,"turns":4.0},{"damage":3.0,"enemies":"Exordium Thugs","floor":12.0,"turns":4.0},{"damage":0.0,"enemies":"Looter","floor":14.0,"turns":4.0},{"damage":38.0,"enemies":"Slime Boss","floor":16.0,"turns":12.0},{"damage":14.0,"enemies":"2 Thieves","floor":18.0,"turns":4.0},{"damage":1.0,"enemies":"Chosen","floor":19.0,"turns":6.0},{"damage":22,"enemies":"Snake Plant","floor":20,"turns":8},{"damage":23,"enemies":"Gremlin Leader","floor":23,"turns":8}],"seed_played":"-6215647030947293202","potions_obtained":[{"floor":2.0,"key":"Swift Potion"},{"floor":14.0,"key":"ColorlessPotion"},{"floor":16.0,"key":"Regen Potion"},{"floor":18.0,"key":"SpeedPotion"},{"floor":20,"key":"Weak Potion"}],"is_trial":false,"path_per_floor":["M","M","?","M","?","R","E","M","T","T","$","M","R","M","R","B",null,"M","M","M","?","$","E"],"character_chosen":"THE_SILENT","items_purchased":[],"campfire_rested":0,"item_purchase_floors":[],"current_hp_per_floor":[52,52,52,52,52,52,28,19,19,19,19,28,28,40,40,14,53,41,42,49,49,49,26,26],"gold":92,"neow_bonus":"REMOVE_CARD","is_daily":false,"chose_seed":false,"campfire_upgraded":3,"win_rate":0.0,"timestamp":1613047312,"path_taken":["M","M","?","M","?","R","E","M","T","?","$","?","R","M","R","BOSS","M","M","M","?","?","E"],"items_purchased_type":[],"build_version":"2020-12-22","purchased_purges":2,"victory":false,"max_hp_per_floor":[66,66,66,66,66,66,66,66,66,66,66,66,66,66,66,66,66,68,70,72,72,72,72,72],"card_choices":[{"not_picked":["Slice","Prepared"],"picked":"Predator","floor":1.0},{"not_picked":["Flying Knee","Dagger Spray"],"picked":"Infinite Blades","floor":2.0},{"not_picked":["Poisoned Stab","Prepared"],"picked":"Cloak And Dagger","floor":4.0},{"not_picked":["PiercingWail","Leg Sweep"],"picked":"Reflex","floor":7.0},{"not_picked":["Riddle With Holes","Heel Hook"],"picked":"Infinite Blades","floor":8.0},{"not_picked":["Underhanded Strike","Dagger Throw"],"picked":"Acrobatics","floor":12.0},{"not_picked":["Deflect","Quick Slash"],"picked":"After Image","floor":14.0},{"not_picked":["Glass Knife","Envenom"],"picked":"Adrenaline","floor":16.0},{"not_picked":["Deadly Poison","Dagger Throw","Flying Knee"],"picked":"Singing Bowl","floor":18.0},{"not_picked":["Underhanded Strike","Distraction","Eviscerate"],"picked":"Singing Bowl","floor":19.0},{"not_picked":["Poisoned Stab","Underhanded Strike","Quick Slash"],"picked":"Singing Bowl","floor":20}],"player_experience":460528,"relics_obtained":[{"floor":7.0,"key":"InkBottle"},{"floor":9.0,"key":"Meat on the Bone"},{"floor":10.0,"key":"Singing Bowl"}],"event_choices":[{"cards_removed":["Strike_G"],"damage_healed":0.0,"max_hp_gain":0.0,"max_hp_loss":0.0,"gold_gain":0.0,"event_name":"Living Wall","player_choice":"Forget","floor":3.0,"gold_loss":0.0,"damage_taken":0.0},{"damage_healed":0.0,"max_hp_gain":0.0,"max_hp_loss":0.0,"gold_gain":0.0,"event_name":"Shining Light","player_choice":"Ignored","floor":5.0,"gold_loss":0.0,"damage_taken":0.0},{"damage_healed":0,"gold_gain":0,"cards_transformed":["Strike_G","Defend_G"],"player_choice":"Became Test Subject","damage_taken":0,"max_hp_gain":0,"max_hp_loss":0,"event_name":"Drug Dealer","floor":21,"gold_loss":0,"cards_obtained":["Expertise","PiercingWail"]}],"is_beta":false,"boss_relics":[{"not_picked":["Ring of the Serpent","SlaversCollar"],"picked":"Black Star"}],"items_purged_floors":[11,22],"is_endless":false,"potions_floor_spawned":[2,14,16,18,20],"killed_by":"Gremlin Leader","ascension_level":19}}