{"host":"9kesdg97wkrx2bva","time":1613028913,"event":{"mods":["AchievementEnabler","BaseMod","Colored Map","GifTheSpireLib","Infinite Spire","Minty Spire (QoL Compilation)","Replay The Spire","StSLib"],"gold_per_floor":[111,125,125,137,14,44,44,44,69,69,84,84,84,84,9,44,44,117,217,232,232,248,248,148,148,160,160,160,160,231,251,251,262,262,339,339,354,288,288,288,288,288,313,313,313,313,328,356,367,401,499,499,499],"floor_reached":52,"language":"ENG","playtime":3952,"items_purged":["Strike_B","Strike_B","Strike_B"],"score":1085,"play_id":"de968703-2c1c-4c26-8aee-eae943d5558f","local_time":"20210211013513","is_ascension_mode":true,"campfire_choices":[{"data":"Zap","floor":7,"key":"SMITH"},{"data":"Dualcast","floor":10,"key":"SMITH"},{"data":"BasicCrystalCard","floor":17,"key":"SMITH"},{"data":"Defend_B","floor":25,"key":"SMITH"},{"data":"Barrage","floor":29,"key":"SMITH"},{"floor":42,"key":"REST"},{"floor":44,"key":"REST"}],"circlet_count":0,"master_deck":["AscendersBane","Defend_B+1","Defend_B","Defend_B","Defend_B","Zap+1","Dualcast+1","Go for the Eyes","Chill","BasicCrystalCard+1","White Noise+1","Compile Driver","White Noise+1","Ball Lightning","Panic Button","Ball Lightning","All For One","infinitespire:NeuralNetwork","Conserve Battery+1","Barrage+1","Rainbow","Hologram","Biased Cognition","Static Discharge","Capacitor+1","Madness","Madness","Barrage+1","Glacier+1","Undo"],"relics":["Cracked Core","Omamori","Art of War","infinitespire:WardingShard","Replay:Wanted Poster","Gremlin Horn","StoneCalendar","Mercury Hourglass","Abe\u0027s Treasure","Replay:Rubber Ducky","Mirror","Blue Doll","CaptainsWheel"],"acts_visited":["Exordium","TheCity","TheBeyond"],"potions_floor_usage":[6,16,16,20,31,33,41,41,52],"damage_taken":[{"damage":1,"enemies":"Small Slimes","floor":1,"turns":4},{"damage":4,"enemies":"Jaw Worm","floor":2,"turns":3},{"damage":2,"enemies":"Cultist","floor":4,"turns":3},{"damage":15,"enemies":"Lagavulin","floor":6,"turns":6},{"damage":3,"enemies":"Looter","floor":11,"turns":3},{"damage":21,"enemies":"3 Sentries","floor":16,"turns":5},{"damage":24,"enemies":"Hexaghost","floor":18,"turns":14},{"damage":0,"enemies":"Spheric Guardian","floor":20,"turns":3},{"damage":5,"enemies":"Chosen","floor":22,"turns":5},{"damage":8,"enemies":"Centurion and Healer","floor":26,"turns":5},{"damage":9,"enemies":"Cultist and Chosen","floor":31,"turns":5},{"damage":15,"enemies":"Snecko","floor":33,"turns":5},{"damage":25,"enemies":"Automaton","floor":35,"turns":7},{"damage":26,"enemies":"3 Shapes","floor":37,"turns":3},{"damage":1,"enemies":"3 Darklings","floor":41,"turns":2},{"damage":0,"enemies":"Reptomancer","floor":43,"turns":4},{"damage":1,"enemies":"Writhing Mass","floor":47,"turns":5},{"damage":31,"enemies":"Nemesis","floor":48,"turns":7},{"damage":0,"enemies":"4 Shapes","floor":49,"turns":4},{"damage":10,"enemies":"Giant Head","floor":50,"turns":7},{"damage":19,"enemies":"Time Eater","floor":52,"turns":3}],"seed_played":"-4443703180206980869","potions_obtained":[{"floor":1,"key":"Regen Potion"},{"floor":2,"key":"PowerPotion"},{"floor":11,"key":"Languid Potion"},{"floor":18,"key":"Explosive Potion"},{"floor":20,"key":"SneckoOil"},{"floor":26,"key":"BlessingOfTheForge"},{"floor":35,"key":"Swift Potion"},{"floor":37,"key":"SmokeBomb"},{"floor":49,"key":"FocusPotion"}],"is_trial":false,"path_per_floor":["M","M","?","M","$","E","R","$","T","R","M","PTL","PTL","?","$","E","R","B",null,"M","AVR","M","?","$","R","M","?","T","R","T","M","$","M","R_BF","B",null,"M","$","?","?","M","R","E","R","T","$","M","E","M","E","R_BF","B"],"character_chosen":"DEFECT","items_purchased":["White Noise+1","Ball Lightning","Capacitor+1"],"campfire_rested":2,"item_purchase_floors":[5,5,38],"current_hp_per_floor":[63,59,59,57,57,42,42,42,42,42,39,39,39,39,39,32,32,8,55,55,55,50,50,50,50,42,42,42,42,42,33,33,18,39,14,57,31,31,31,18,17,38,38,59,59,59,58,27,27,17,17,0,0],"gold":499,"neow_bonus":"THREE_CARDS","is_daily":false,"chose_seed":false,"campfire_upgraded":5,"win_rate":0.0,"timestamp":1613028913,"path_taken":["M","M","?","M","$","E","R","$","T","R","M","PTL","PTL","?","?","E","R","BOSS","M","AVR","M","?","?","R","M","?","T","R","?","M","$","M","R_BF","BOSS","M","$","?","?","M","R","E","R","T","$","M","E","M","E","R_BF","BOSS"],"items_purchased_type":["Card","Card","Card"],"build_version":"2020-12-22","purchased_purges":3,"victory":false,"max_hp_per_floor":[71,71,71,71,71,71,71,71,71,71,71,71,71,71,71,71,71,71,71,71,71,71,71,71,71,71,71,71,71,71,71,71,71,71,71,71,71,71,71,71,71,71,71,71,71,71,71,71,71,71,71,71,71],"card_choices":[{"not_picked":["Conserve Battery","Coolheaded"],"picked":"Go for the Eyes","floor":0},{"not_picked":["ReplayTheSpireMod:GoodbyeWorld","Skim"],"picked":"Chill","floor":1},{"not_picked":["Compile Driver","Barrage"],"picked":"BasicCrystalCard","floor":2},{"not_picked":["Beam Cell","Streamline"],"picked":"Compile Driver","floor":4},{"not_picked":["Streamline","ReplayGash"],"picked":"Panic Button","floor":6},{"not_picked":["Steam","Stack","Streamline"],"picked":"SKIP","floor":11},{"not_picked":["Reboot","Gash"],"picked":"Ball Lightning","floor":16},{"not_picked":["Fission","Buffer"],"picked":"All For One","floor":18},{"not_picked":["Ball Lightning","Lockon","Compile Driver"],"picked":"SKIP","floor":20},{"not_picked":["Coolheaded","Sweeping Beam+1","Cold Snap"],"picked":"SKIP","floor":22},{"not_picked":["ReplayTheSpireMod:Repulse","ReplayGash"],"picked":"Barrage","floor":26},{"not_picked":["Coolheaded","Compile Driver"],"picked":"Rainbow","floor":31},{"not_picked":["Gash+1","Rip and Tear"],"picked":"Hologram","floor":33},{"not_picked":["Fission","ReplayTheSpireMod:Omega Cannon"],"picked":"Biased Cognition","floor":35},{"not_picked":["ReplayTheSpireMod:GoodbyeWorld","Leap"],"picked":"Static Discharge","floor":37},{"not_picked":["All For One","Compile Driver+1","Double Energy"],"picked":"SKIP","floor":43},{"not_picked":["BootSequence+1","Recycle+1"],"picked":"Barrage+1","floor":47},{"not_picked":["Gash","Lockon"],"picked":"Glacier+1","floor":48},{"not_picked":["Cold Snap","ReplayTheSpireMod:Reroute Power"],"picked":"Undo","floor":49},{"not_picked":["Sweeping Beam","Beam Cell","Compile Driver"],"picked":"SKIP","floor":50}],"player_experience":1024803,"relics_obtained":[{"floor":6,"key":"Omamori"},{"floor":9,"key":"Art of War"},{"floor":16,"key":"infinitespire:WardingShard"},{"floor":28,"key":"StoneCalendar"},{"floor":30,"key":"Mercury Hourglass"},{"floor":43,"key":"Replay:Rubber Ducky"},{"floor":45,"key":"Mirror"},{"floor":48,"key":"Blue Doll"},{"floor":50,"key":"CaptainsWheel"}],"event_choices":[{"damage_healed":0,"gold_gain":0,"player_choice":"1 cards matched","damage_taken":0,"max_hp_gain":0,"max_hp_loss":0,"event_name":"Match and Keep!","floor":23,"gold_loss":0,"cards_obtained":["Conserve Battery"]},{"damage_healed":0,"gold_gain":0,"player_choice":"Ignored","damage_taken":0,"max_hp_gain":0,"max_hp_loss":0,"event_name":"Vampires","floor":27,"gold_loss":0},{"damage_healed":0,"gold_gain":0,"player_choice":"Ignored","damage_taken":0,"max_hp_gain":0,"max_hp_loss":0,"event_name":"Tomb of Lord Red Mask","floor":39,"gold_loss":0},{"damage_healed":0,"gold_gain":0,"player_choice":"Embrace Madness","damage_taken":13,"max_hp_gain":0,"max_hp_loss":0,"event_name":"Winding Halls","floor":40,"gold_loss":0,"cards_obtained":["Madness","Madness"]}],"is_beta":false,"boss_relics":[{"not_picked":["Ring of Chaos","Honey Jar"],"picked":"Replay:Wanted Poster"},{"not_picked":["Replay:Drink Me","Snecko Eye"],"picked":"Abe\u0027s Treasure"}],"items_purged_floors":[15,21,24],"is_endless":false,"potions_floor_spawned":[1,2,11,18,20,26,35,37,41,49],"killed_by":"Time Eater","ascension_level":18}}