{"host":"p5axfb00mxhraew6","time":1613047425,"event":{"mods":["100% Spire Juice","Abigail Mod","Act Like it!","BaseMod","CapriCore","Friendly Minions","GifTheSpireLib","Jedi Mod","KomeijiMod","Lobotomy","Marisa（霧雨　魔理沙）","Minty Spire (QoL Compilation)","Prisma Mod","Reimu（博??梦）","Remilia（蕾米莉?）","SOS（斯巴?之子）","StSLib","Td1madao Mod","The Alterego","The Immortal","The Problem Sleuth","Yakumo Yukari mod"],"gold_per_floor":[253,309,345,211,232,270,270,270,270,270,270,270,270,270],"floor_reached":13,"language":"ENG","playtime":400,"items_purged":["Shoot"],"score":166,"play_id":"cead3a91-9d7d-4bb6-8f0d-3c80f42e5d09","local_time":"20210211214345","is_ascension_mode":true,"campfire_choices":[{"data":"Weaponchange","floor":7,"key":"SMITH"},{"data":"Shock","floor":10,"key":"SMITH"}],"circlet_count":0,"master_deck":["AscendersBane","Attack_a","Attack_a","Attack_b","Shoot","Provocation","Defend_Dante","Defend_Dante","Defend_Dante","Defend_Dante","Redorb","Gilgamesh","Shock+1","Weaponchange+1","Kick13"],"relics":["SSS","Combocheck","Lantern","Happy Flower"],"acts_visited":["Exordium"],"potions_floor_usage":[6],"damage_taken":[{"damage":3,"enemies":"Jaw Worm","floor":1,"turns":3},{"damage":2,"enemies":"2 Louse","floor":2,"turns":5},{"damage":7,"enemies":"Small Slimes","floor":3,"turns":5},{"damage":7,"enemies":"2 Fungi Beasts","floor":5,"turns":3},{"damage":46,"enemies":"Lagavulin","floor":6,"turns":6},{"damage":3,"enemies":"Gremlin Nob","floor":13,"turns":2}],"seed_played":"2002510836539112656","potions_obtained":[{"floor":2,"key":"SteroidPotion"}],"is_trial":false,"path_per_floor":["M","M","M","$","M","E","R","?","T","R","?","?","E"],"character_chosen":"DANTE","items_purchased":["Weaponchange"],"campfire_rested":0,"item_purchase_floors":[4],"current_hp_per_floor":[65,63,56,56,49,3,3,3,3,3,3,3,0,0],"gold":270,"neow_bonus":"HUNDRED_GOLD","is_daily":false,"chose_seed":false,"campfire_upgraded":2,"win_rate":0.0,"timestamp":1613047425,"path_taken":["M","M","M","$","M","E","R","?","T","R","?","?","E"],"items_purchased_type":["Card"],"build_version":"2020-12-22","purchased_purges":1,"victory":false,"max_hp_per_floor":[75,75,75,75,75,75,75,75,75,75,75,75,75,75],"card_choices":[{"not_picked":["Doubleshoot","Chargeshoot"],"picked":"Gilgamesh","floor":1},{"not_picked":["GilgameshcomboA","Airhike"],"picked":"Shock","floor":2},{"not_picked":["Weaponupgrade","Gilgamesh","Pandora"],"picked":"SKIP","floor":3},{"not_picked":["Chargeshoot2","Lucifer"],"picked":"Kick13","floor":5},{"not_picked":["Chargeshoot2","LucifercomboD","VitalstarS"],"picked":"SKIP","floor":6}],"player_experience":1292626,"relics_obtained":[{"floor":6,"key":"Lantern"},{"floor":9,"key":"Happy Flower"}],"event_choices":[{"damage_healed":0,"gold_gain":0,"player_choice":"Searched \u00270\u0027 times","damage_taken":0,"max_hp_gain":0,"max_hp_loss":0,"event_name":"Dead Adventurer","floor":8,"gold_loss":0},{"damage_healed":0,"gold_gain":0,"player_choice":"Ignored","damage_taken":0,"max_hp_gain":0,"max_hp_loss":0,"event_name":"Shining Light","floor":11,"gold_loss":0}],"is_beta":false,"boss_relics":[],"items_purged_floors":[4],"is_endless":false,"potions_floor_spawned":[2],"killed_by":"Gremlin Nob","ascension_level":20}}