{"host":"96dqtlax74dz00hw","time":1613006284,"event":{"mods":["Bard","BaseMod","Better Altar","ChefMod","Colored Powertips","Downfall","Hermit","Minty Spire (QoL Compilation)","Permanent Neow","Rare Cards Sparkle","StSLib","The Cursed","The Disciple","The Edgeheg","The IronCluck","The Problem Sleuth"],"gold_per_floor":[99,111,128,146,4,84,84,95,195,34,19,19,48,65,78,173,173,173,187,203,213,213,224,251,268,283,402,432,448,448,229,240,335,335,335,347,105,157,62,92,117,137,155,188,188,201,201,232,251,251],"floor_reached":51,"language":"ENG","playtime":4965,"items_purged":["Slimebound:Strike_Slimebound","Slimebound:Strike_Slimebound","Slimebound:Strike_Slimebound","Slimebound:Tackle"],"score":763,"play_id":"b01956b5-78f0-400d-b460-a6520f5f9cd2","local_time":"20210210171804","is_ascension_mode":false,"campfire_choices":[{"data":"Slimebound:CorrosiveSpit","floor":1,"key":"SMITH"},{"data":"Slimebound:Overexert","floor":12,"key":"SMITH"},{"data":"Slimebound:Teamwork","floor":18,"key":"SMITH"},{"floor":35,"key":"RECALL"},{"data":"expansioncontent:DashGenerateEvil","floor":45,"key":"SMITH"},{"data":"Slimebound:Gluttony","floor":47,"key":"SMITH"}],"circlet_count":0,"master_deck":["Slimebound:Defend_Slimebound","Slimebound:Defend_Slimebound","Slimebound:Defend_Slimebound","Slimebound:Defend_Slimebound","Slimebound:Split+1","Slimebound:CorrosiveSpit+1","Slimebound:DisruptingSlam","Slimebound:Gluttony","Slimebound:Schlurp","Slimebound:SplitAcid","Slimebound:ComboTackle","Slimebound:Overexert+1","Slimebound:SplitLeeching","Slimebound:SpikyOuterGoop","Slimebound:Nibble","Slimebound:AcidTongue","Slimebound:Teamwork+1","Slimebound:DisruptingSlam+1","Slimebound:SamplingLick+1","Slimebound:LeechEnergy","Slimebound:HauntingLick","Slimebound:ItLooksTasty+1","Slimebound:Overexert","Slimebound:SplitBruiser","Slimebound:LivingWall+1","Slimebound:Gluttony+1","Slimebound:Teamwork","Slimebound:LeechingTouch","Slimebound:RainOfGoop","Slimebound:LeechEnergy","expansioncontent:QuickStudy","Slimebound:LeechingTouch","Slimebound:ComboTackle+1","expansioncontent:DashGenerateEvil+1","Slimebound:SlimeSpikes+1","Slimebound:HauntingLick+1","Slimebound:GoopSpray+1","Slimebound:MassRepurpose","Slimebound:LevelUp+1","Slimebound:Repurpose+1"],"relics":["Slimebound:AbsorbEndCombat","Pantograph","Gremlin Horn","White Beast Statue","Membership Card","Ice Cream","Slimebound:TarBlob","Blood Vial","Happy Flower","Bag of Marbles","Medical Kit","Blue Candle","Kunai","SacredBark","Lizard Tail","Molten Egg 2","Pocketwatch","Mummified Hand"],"acts_visited":["Exordium","TheCity","TheBeyond"],"potions_floor_usage":[5,5,10,11,11,13,13,16,19,20,13023,23,23,25,25,27,28,28,33,33,38,38,40,43,43,44,46,48,48,50,50],"damage_taken":[{"damage":0,"enemies":"Cultist","floor":2,"turns":4},{"damage":3,"enemies":"Jaw Worm","floor":3,"turns":4},{"damage":0,"enemies":"2 Louse","floor":4,"turns":3},{"damage":0,"enemies":"downfall:FleeingMerchant","floor":5,"turns":4},{"damage":8,"enemies":"Blue Slaver","floor":8,"turns":3},{"damage":37,"enemies":"downfall:LadyInBlue","floor":9,"turns":10},{"damage":0,"enemies":"downfall:FleeingMerchant","floor":10,"turns":4},{"damage":22,"enemies":"downfall:FleeingMerchant","floor":11,"turns":4},{"damage":10,"enemies":"Lagavulin","floor":13,"turns":6},{"damage":0,"enemies":"3 Louse","floor":14,"turns":1},{"damage":0,"enemies":"Large Slime","floor":15,"turns":3},{"damage":7,"enemies":"WA_ARCHETYPE_RETAIN","floor":16,"turns":5},{"damage":0,"enemies":"Chosen","floor":19,"turns":4},{"damage":10,"enemies":"Snecko","floor":20,"turns":4},{"damage":8,"enemies":"Sentry and Sphere","floor":21,"turns":5},{"damage":6,"enemies":"Shelled Parasite and Fungi","floor":23,"turns":6},{"damage":4,"enemies":"Cultist and Chosen","floor":25,"turns":5},{"damage":3,"enemies":"Sentry and Sphere","floor":26,"turns":5},{"damage":0,"enemies":"downfall:FleeingMerchant","floor":27,"turns":2},{"damage":24,"enemies":"Gremlin Leader","floor":28,"turns":4},{"damage":0,"enemies":"Centurion and Healer","floor":29,"turns":3},{"damage":10,"enemies":"Chosen and Byrds","floor":32,"turns":4},{"damage":34,"enemies":"DF_ARCHETYPE_CLAW","floor":33,"turns":6},{"damage":15,"enemies":"3 Darklings","floor":36,"turns":3},{"damage":0,"enemies":"2 Orb Walkers","floor":38,"turns":2},{"damage":27,"enemies":"Reptomancer","floor":40,"turns":5},{"damage":0,"enemies":"Orb Walker","floor":42,"turns":4},{"damage":25,"enemies":"Jaw Worm Horde","floor":43,"turns":6},{"damage":32,"enemies":"Giant Head","floor":44,"turns":9},{"damage":7,"enemies":"3 Darklings","floor":46,"turns":4},{"damage":29,"enemies":"Reptomancer","floor":48,"turns":4},{"damage":14,"enemies":"4 Shapes","floor":49,"turns":5},{"damage":6,"enemies":"IC_BLOCK_ARCHETYPE","floor":50,"turns":8}],"seed_played":"9091828228129378769","potions_obtained":[{"floor":2,"key":"Explosive Potion"},{"floor":3,"key":"EssenceOfSteel"},{"floor":4,"key":"PowerPotion"},{"floor":9,"key":"Slimebound:SpawnSlimePotion"},{"floor":9,"key":"PowerPotion"},{"floor":10,"key":"Regen Potion"},{"floor":11,"key":"SpeedPotion"},{"floor":13,"key":"hexamod:SoulburnPotion"},{"floor":14,"key":"AttackPotion"},{"floor":15,"key":"SkillPotion"},{"floor":16,"key":"LiquidMemories"},{"floor":19,"key":"Block Potion"},{"floor":20,"key":"sneckomod:MuddlingPotion"},{"floor":21,"key":"Explosive Potion"},{"floor":23,"key":"Explosive Potion"},{"floor":25,"key":"Dexterity Potion"},{"floor":26,"key":"Strength Potion"},{"floor":27,"key":"Slimebound:SlimyTonguePotion"},{"floor":28,"key":"champ:CounterPotion"},{"floor":29,"key":"Regen Potion"},{"floor":33,"key":"Slimebound:SlimedPotion"},{"floor":36,"key":"SkillPotion"},{"floor":38,"key":"DistilledChaos"},{"floor":40,"key":"sneckomod:MuddlingPotion"},{"floor":42,"key":"Guardian:BlockOnCardUsePotion"},{"floor":43,"key":"Fruit Juice"},{"floor":44,"key":"Weak Potion"},{"floor":46,"key":"hexamod:SoulburnPotion"},{"floor":48,"key":"bronze:BurnAndBuffPotion"},{"floor":49,"key":"SkillPotion"}],"is_trial":false,"path_per_floor":["R","M","M","M","$","T","T","M","?","$","$","R","E","M","M","B",null,"R","M","M","M","?","M","T","M","M","$","E","M","?","$","M","B",null,"R","M","$","?","$","E","T","M","M","E","R","M","R","E","M","B",null],"character_chosen":"SLIMEBOUND","items_purchased":["Slimebound:ComboTackle","Membership Card","Bag of Marbles","Medical Kit","Slimebound:SplitBruiser","Kunai","Slimebound:SlimyTonguePotion","Slimebound:RainOfGoop","Slimebound:LeechEnergy","expansioncontent:QuickStudy","Slimebound:LeechingTouch","expansioncontent:DashGenerateEvil"],"campfire_rested":0,"item_purchase_floors":[5,10,27,27,27,31,31,37,37,37,37,39],"current_hp_per_floor":[65,65,64,65,65,65,65,62,30,38,24,24,37,39,43,64,65,65,65,59,55,22,50,50,56,63,65,45,51,51,51,49,37,65,65,58,58,65,65,38,38,48,43,40,40,43,43,24,20,49],"gold":251,"neow_bonus":"UPGRADE_CARD","is_daily":false,"chose_seed":false,"campfire_upgraded":5,"win_rate":0.0,"timestamp":1613006284,"path_taken":["R","M","M","M","$","?","T","?","?","?","$","R","E","M","M","BOSS","R","M","M","M","?","M","T","M","M","$","E","M","?","$","M","BOSS","R","M","$","?","$","E","T","M","M","E","R","M","R","E","M","BOSS"],"items_purchased_type":["Card","Relic","Relic","Relic","Card","Relic","Potion","Card","Card","Card","Card","Card"],"build_version":"2020-12-22","purchased_purges":4,"victory":true,"max_hp_per_floor":[65,65,65,65,65,65,65,65,65,65,65,65,65,65,65,65,65,65,65,65,65,65,65,65,65,65,65,65,65,65,65,65,65,65,65,65,65,65,65,65,65,65,75,75,75,75,75,75,75,75],"card_choices":[{"not_picked":["Slimebound:GrowthPunch","Slimebound:RollThrough"],"picked":"Slimebound:DisruptingSlam","floor":2},{"not_picked":["Slimebound:PressTheAttack","Slimebound:GoopTackle"],"picked":"Slimebound:Gluttony","floor":3},{"not_picked":["Slimebound:SplitMire","Slimebound:RollThrough"],"picked":"Slimebound:Schlurp","floor":4},{"not_picked":["Slimebound:ItLooksTasty","Slimebound:PressTheAttack"],"picked":"Slimebound:SplitAcid","floor":5},{"not_picked":["Slimebound:SlimeSpikes","Slimebound:Replication","Slimebound:PressTheAttack"],"picked":"SKIP","floor":8},{"not_picked":["Slimebound:SpikyOuterGoop","Slimebound:FlameTackle"],"picked":"Slimebound:Overexert","floor":10},{"not_picked":["Slimebound:LivingWall","Slimebound:PressTheAttack"],"picked":"Slimebound:SplitLeeching","floor":11},{"not_picked":["Slimebound:FinishingTackle","Slimebound:Schlurp"],"picked":"Slimebound:SpikyOuterGoop","floor":13},{"not_picked":["Slimebound:LivingWall","Slimebound:GoopTackle"],"picked":"Slimebound:Nibble","floor":14},{"not_picked":["Slimebound:SlimeSpikes","Slimebound:SplitBruiser"],"picked":"Slimebound:AcidTongue","floor":15},{"not_picked":["Slimebound:CheckThePlaybook","Slimebound:FirmFortitude"],"picked":"Slimebound:Teamwork","floor":16},{"not_picked":["Slimebound:BestDefense","Slimebound:Prepare"],"picked":"Slimebound:DisruptingSlam+1","floor":19},{"not_picked":["Slimebound:GoopTackle","Slimebound:Equalize"],"picked":"Slimebound:SamplingLick+1","floor":20},{"not_picked":["Slimebound:GoopTackle+1","Slimebound:LivingWall"],"picked":"Slimebound:LeechEnergy","floor":21},{"not_picked":["Slimebound:Equalize","Slimebound:SlimeSpikes"],"picked":"Slimebound:HauntingLick","floor":23},{"not_picked":["Slimebound:RollThrough+1","Slimebound:RejuvenatingLick"],"picked":"Slimebound:ItLooksTasty+1","floor":25},{"not_picked":["Slimebound:Dissolve","Slimebound:SplitBruiser","Slimebound:GoopTackle"],"picked":"SKIP","floor":26},{"not_picked":["Slimebound:Dissolve","Slimebound:LivingWall"],"picked":"Slimebound:Overexert","floor":27},{"not_picked":["Slimebound:SlimeBarrage","Slimebound:SlimeTap"],"picked":"Slimebound:LivingWall+1","floor":28},{"not_picked":["Slimebound:Replication+1","Slimebound:FinishingTackle"],"picked":"Slimebound:Gluttony","floor":29},{"not_picked":["Slimebound:FinishingTackle","Slimebound:GoopTackle","Slimebound:LivingWall"],"picked":"SKIP","floor":32},{"not_picked":["Slimebound:DuplicatedForm","Slimebound:WasteNot"],"picked":"Slimebound:Teamwork","floor":33},{"not_picked":["Slimebound:Chomp","Slimebound:GoopTackle+1"],"picked":"Slimebound:LeechingTouch","floor":36},{"not_picked":["Slimebound:SlimeSpikes+1","Slimebound:SlimeBarrage+1"],"picked":"Slimebound:ComboTackle+1","floor":38},{"not_picked":["Slimebound:GoopTackle+1","Slimebound:ItLooksTasty+1"],"picked":"Slimebound:SlimeSpikes+1","floor":40},{"not_picked":["Slimebound:PressTheAttack+1","Slimebound:MegaLick"],"picked":"Slimebound:HauntingLick+1","floor":42},{"not_picked":["Slimebound:RollThrough+1","Slimebound:Prepare+1","Slimebound:ViciousTackle+1"],"picked":"SKIP","floor":43},{"not_picked":["Slimebound:Prepare+1","Slimebound:SlimeTap+1"],"picked":"Slimebound:GoopSpray+1","floor":44},{"not_picked":["Slimebound:BestDefense","Slimebound:Prepare+1"],"picked":"Slimebound:MassRepurpose","floor":46},{"not_picked":["Slimebound:Grow+1","Slimebound:SplitBruiser+1"],"picked":"Slimebound:LevelUp+1","floor":48},{"not_picked":["Slimebound:SlimeSpikes","Slimebound:SamplingLick"],"picked":"Slimebound:Repurpose+1","floor":49}],"player_experience":902098,"relics_obtained":[{"floor":6,"key":"Pantograph"},{"floor":7,"key":"Gremlin Horn"},{"floor":9,"key":"White Beast Statue"},{"floor":13,"key":"Ice Cream"},{"floor":24,"key":"Happy Flower"},{"floor":28,"key":"Blue Candle"},{"floor":38,"key":"Lizard Tail"},{"floor":40,"key":"Molten Egg 2"},{"floor":44,"key":"Pocketwatch"},{"floor":48,"key":"Mummified Hand"}],"event_choices":[{"damage_healed":0,"gold_gain":0,"player_choice":" Vial Potion ","damage_taken":33,"relics_obtained":["Blood Vial"],"max_hp_gain":55,"max_hp_loss":22,"event_name":"betterAltar:BetterAltar","floor":22,"potions_obtained":["betterAltar:AltarPotion"],"relics_lost":[],"gold_loss":0},{"damage_healed":0,"gold_gain":0,"player_choice":"Fight","damage_taken":0,"max_hp_gain":0,"max_hp_loss":0,"event_name":"Mysterious Sphere","floor":38,"gold_loss":0}],"is_beta":false,"boss_relics":[{"not_picked":["Cursed Key","Philosopher\u0027s Stone"],"picked":"Slimebound:TarBlob"},{"not_picked":["Tiny House","Black Star"],"picked":"SacredBark"}],"items_purged_floors":[5,27,31,37],"is_endless":false,"potions_floor_spawned":[2,3,4,9,10,11,13,14,15,16,19,20,21,23,25,26,27,28,29,32,33,36,38,40,42,43,44,46,48,49],"ascension_level":0}}