{"host":"qxeepl7ydvsgmfdb","time":1613036341,"event":{"mods":["AchievementEnabler","BaseMod","Colored Powertips","Minty Spire (QoL Compilation)","Quick Restart","slay the spire mod where everything is the same but ironclad has a cowboy hat"],"gold_per_floor":[109,109,83,83,158,187,187,218,218,218,234,246,277,289,301,388,450,482,521,293,293,293,293,307,338,338,352,352,277,277,295,295,295,295],"floor_reached":33,"language":"ENG","playtime":1053,"items_purged":["Strike_G+1"],"score":559,"play_id":"563a2193-63d7-48d0-95bf-7c5935a0b04d","local_time":"20210211043901","is_ascension_mode":true,"campfire_choices":[{"data":"1","floor":7.0,"key":"LIFT"},{"data":"2","floor":10.0,"key":"LIFT"},{"floor":15.0,"key":"REST"},{"data":"3","floor":23.0,"key":"LIFT"},{"data":"After Image","floor":30.0,"key":"SMITH"},{"floor":32.0,"key":"REST"}],"circlet_count":0,"master_deck":["AscendersBane","Strike_G+1","Strike_G+1","Defend_G+1","Defend_G+1","Defend_G+1","Defend_G+1","Defend_G+1","Survivor","Neutralize","Deflect","Dagger Spray","Distraction+1","Poisoned Stab","Slice","Footwork","After Image+1","Slice","Dagger Spray","Blade Dance","Dramatic Entrance","Deflect","Blade Dance","Cloak And Dagger","Bullet Time"],"relics":["Ring of the Snake","NeowsBlessing","Sundial","Girya","Incense Burner","Matryoshka","MawBank","Tiny House","Red Mask","Lee\u0027s Waffle","Letter Opener","Singing Bowl","Centennial Puzzle"],"acts_visited":["Exordium","TheCity"],"potions_floor_usage":[],"damage_taken":[{"damage":0.0,"enemies":"Small Slimes","floor":1.0,"turns":1.0},{"damage":0.0,"enemies":"3 Sentries","floor":6.0,"turns":2.0},{"damage":0.0,"enemies":"Lagavulin","floor":8.0,"turns":1.0},{"damage":0.0,"enemies":"2 Louse","floor":11.0,"turns":1.0},{"damage":0.0,"enemies":"Jaw Worm","floor":12.0,"turns":2.0},{"damage":17.0,"enemies":"Gremlin Nob","floor":13.0,"turns":5.0},{"damage":19.0,"enemies":"Slime Boss","floor":16.0,"turns":12.0},{"damage":21.0,"enemies":"Spheric Guardian","floor":18.0,"turns":6.0},{"damage":47.0,"enemies":"Masked Bandits","floor":19.0,"turns":6.0},{"damage":3.0,"enemies":"Chosen","floor":24.0,"turns":4.0},{"damage":12.0,"enemies":"Slavers","floor":25.0,"turns":5.0},{"damage":0.0,"enemies":"Centurion and Healer","floor":27.0,"turns":4.0},{"damage":12.0,"enemies":"Snake Plant","floor":31.0,"turns":4.0},{"damage":83,"enemies":"Collector","floor":33,"turns":9}],"seed_played":"-7422715155057888456","potions_obtained":[{"floor":8.0,"key":"Weak Potion"},{"floor":12.0,"key":"FearPotion"},{"floor":16.0,"key":"SpeedPotion"},{"floor":17.0,"key":"Regen Potion"},{"floor":19.0,"key":"Strength Potion"}],"is_trial":false,"path_per_floor":["M","?","$","?","?","E","R","E","T","R","M","M","E","?","R","B",null,"M","?","$","?","?","R","M","E","T","M","?","$","R","M","R","B"],"character_chosen":"THE_SILENT","items_purchased":["Dagger Spray","Lee\u0027s Waffle","Dramatic Entrance"],"campfire_rested":2,"item_purchase_floors":[3,20,20],"current_hp_per_floor":[59,52,52,49,38,38,38,38,38,38,38,38,21,21,40,21,60,39,6,78,78,78,78,75,63,63,63,63,63,63,53,77,0,0],"gold":295,"neow_bonus":"THREE_ENEMY_KILL","is_daily":false,"chose_seed":false,"campfire_upgraded":1,"win_rate":0.0,"timestamp":1613036341,"path_taken":["M","?","$","?","?","E","R","E","T","R","M","M","E","?","R","BOSS","M","?","$","?","?","R","M","E","T","M","?","$","R","?","R","BOSS"],"items_purchased_type":["Card","Relic","Card"],"build_version":"2020-12-22","purchased_purges":1,"victory":false,"max_hp_per_floor":[66,66,66,66,66,66,66,66,66,66,66,66,66,66,66,66,71,71,71,78,78,78,78,78,78,78,78,78,78,78,80,80,80,80],"card_choices":[{"not_picked":["Backflip","Sucker Punch"],"picked":"Deflect","floor":1.0},{"not_picked":["Acrobatics","PiercingWail"],"picked":"Distraction","floor":6.0},{"not_picked":["Endless Agony","Outmaneuver"],"picked":"Poisoned Stab","floor":8.0},{"not_picked":["Dodge and Roll","Dagger Throw"],"picked":"Slice","floor":11.0},{"not_picked":["Dagger Throw","Calculated Gamble","Dodge and Roll"],"picked":"SKIP","floor":12.0},{"not_picked":["Concentrate","Choke"],"picked":"Footwork","floor":13.0},{"not_picked":["Burst","Bullet Time"],"picked":"After Image","floor":16.0},{"not_picked":["Underhanded Strike","Acrobatics"],"picked":"Slice","floor":17.0},{"not_picked":["Backflip","Grand Finale"],"picked":"Dagger Spray","floor":18.0},{"not_picked":["Quick Slash","Cloak And Dagger"],"picked":"Blade Dance","floor":19.0},{"not_picked":["Caltrops","Expertise"],"picked":"Deflect","floor":24.0},{"not_picked":["Deflect","Eviscerate"],"picked":"Blade Dance","floor":25.0},{"not_picked":["Bane","Deadly Poison"],"picked":"Cloak And Dagger","floor":27.0},{"not_picked":["Footwork","Backflip","Deflect"],"picked":"Singing Bowl","floor":31.0}],"player_experience":147325,"relics_obtained":[{"floor":6.0,"key":"Girya"},{"floor":8.0,"key":"Incense Burner"},{"floor":9.0,"key":"Matryoshka"},{"floor":13.0,"key":"MawBank"},{"floor":19.0,"key":"Red Mask"},{"floor":25.0,"key":"Letter Opener"},{"floor":26.0,"key":"Singing Bowl"},{"floor":26.0,"key":"Centennial Puzzle"}],"event_choices":[{"cards_removed":["Strike_G"],"damage_healed":0.0,"max_hp_gain":0.0,"max_hp_loss":0.0,"gold_gain":0.0,"event_name":"Golden Wing","player_choice":"Card Removal","floor":2.0,"gold_loss":0.0,"damage_taken":7.0},{"damage_healed":0.0,"max_hp_gain":0.0,"max_hp_loss":0.0,"gold_gain":0.0,"event_name":"Scrap Ooze","player_choice":"Success","floor":4.0,"gold_loss":0.0,"damage_taken":3.0,"relics_obtained":["Sundial"]},{"damage_healed":0.0,"max_hp_gain":0.0,"max_hp_loss":0.0,"gold_gain":75.0,"event_name":"World of Goop","player_choice":"Gather Gold","floor":5.0,"gold_loss":0.0,"damage_taken":11.0},{"damage_healed":0.0,"max_hp_gain":0.0,"max_hp_loss":0.0,"gold_gain":0.0,"event_name":"Living Wall","player_choice":"Grow","floor":14.0,"gold_loss":0.0,"damage_taken":0.0,"cards_upgraded":["Distraction"]},{"damage_healed":0.0,"max_hp_gain":0.0,"max_hp_loss":0.0,"gold_gain":0.0,"event_name":"Masked Bandits","player_choice":"Fought Bandits","floor":19.0,"gold_loss":0.0,"damage_taken":0.0},{"damage_healed":0.0,"max_hp_gain":0.0,"max_hp_loss":0.0,"gold_gain":0.0,"event_name":"Ghosts","player_choice":"Ignored","floor":21.0,"gold_loss":0.0,"damage_taken":0.0},{"damage_healed":0.0,"max_hp_gain":0.0,"max_hp_loss":0.0,"gold_gain":0.0,"event_name":"Back to Basics","player_choice":"Simplicity","floor":22.0,"gold_loss":0.0,"damage_taken":0.0,"cards_upgraded":["Strike_G","Strike_G","Strike_G","Defend_G","Defend_G","Defend_G","Defend_G","Defend_G"]},{"damage_healed":0.0,"max_hp_gain":0.0,"max_hp_loss":0.0,"gold_gain":0.0,"cards_transformed":["Strike_G"],"event_name":"Transmorgrifier","player_choice":"Transformed","floor":28.0,"gold_loss":0.0,"damage_taken":0.0,"cards_obtained":["Bullet Time"]}],"is_beta":false,"boss_relics":[{"not_picked":["Coffee Dripper","Runic Dome"],"picked":"Tiny House"}],"items_purged_floors":[29],"is_endless":false,"potions_floor_spawned":[8,12,16,19],"killed_by":"Collector","ascension_level":14}}