{"host":"bplbr8uekuotory4","time":1613030845,"event":{"mods":["Act Like it!","BaseMod","GungeonMod","Hermit","KinomotoSakuraMod(ƒæ÷Æ±æ”£)","Marisa£®ÏF”Í°°ƒß¿Ì…≥£©","Minty Spire (QoL Compilation)","Prisma Mod","Quick Restart","Reimu£®≤©¿ˆ¡È√Œ£©","SOS£®Àπ∞Õ¥Ô÷Æ◊”£©","Spicy Shops","StSLib","TestMod","The Blackbeard","The Cursed","The Mystic","The Poker Player","The Saiyan","The Senshi","The Servant 0.9.4","Yuri Mod","[IsaacMod]“‘»ˆº‚À˛"],"gold_per_floor":[112,139,139,159,112,143,26,26,26,26,39,69,86,98,98,98,98,98],"floor_reached":16,"language":"ZHS","playtime":265,"items_purged":["blackbeard:BlackbeardDefend"],"score":264,"play_id":"2289c338-5cfb-4917-a723-98b5d5b0eef6","local_time":"20210211160725","is_ascension_mode":true,"campfire_choices":[{"data":"blackbeard:BeatUp","floor":8,"key":"SMITH"},{"data":"blackbeard:Cutlass","floor":10,"key":"SMITH"},{"data":"blackbeard:Rum","floor":15,"key":"SMITH"}],"circlet_count":0,"master_deck":["AscendersBane","blackbeard:BlackbeardStrike","blackbeard:BlackbeardStrike","blackbeard:BlackbeardStrike","blackbeard:IntimidatingStrike","blackbeard:BlackbeardDefend","blackbeard:BlackbeardDefend","blackbeard:BlackbeardDefend","blackbeard:Cutlass+1","blackbeard:BeatUp+1","blackbeard:Anchor","blackbeard:BoostMorale","blackbeard:ReapersScythe","blackbeard:Rum+1"],"relics":["blackbeard:LoadTheCannons","testmod-TestBox","HushsDoor","SteamSale","testmod-Muramasa","NeowsBlessing","Lantern","DemoMod:GlassGuonStoneRelic","DemoMod:GreenGuonStone","Pear","Potion Belt","Torii","Question Card"],"acts_visited":["Exordium"],"potions_floor_usage":[16],"damage_taken":[{"damage":0,"enemies":"Cultist","floor":1,"turns":1},{"damage":0,"enemies":"2 Louse","floor":4,"turns":1},{"damage":0,"enemies":"Gremlin Nob","floor":6,"turns":1},{"damage":0,"enemies":"Jaw Worm","floor":11,"turns":2},{"damage":0,"enemies":"3 Sentries","floor":12,"turns":2},{"damage":0,"enemies":"Lots of Slimes","floor":13,"turns":3},{"damage":0,"enemies":"3 Louse","floor":14,"turns":3},{"damage":3,"enemies":"The Guardian","floor":16,"turns":4}],"seed_played":"5190010624705034895","potions_obtained":[{"floor":4,"key":"AttackPotion"}],"is_trial":false,"path_per_floor":["M","T","?","M","$","E","$","R","T","R","M","E","M","M","R","B"],"character_chosen":"BLACKBEARD_CLASS","items_purchased":["DemoMod:GreenGuonStone","Potion Belt"],"campfire_rested":0,"item_purchase_floors":[5,7],"current_hp_per_floor":[68,68,61,61,61,71,71,71,71,71,71,71,71,71,71,68,68,68],"gold":98,"neow_bonus":"THREE_ENEMY_KILL","is_daily":false,"chose_seed":false,"campfire_upgraded":3,"win_rate":0.0,"timestamp":1613030845,"path_taken":["M","?","?","M","$","E","$","R","T","R","?","E","M","M","R","BOSS"],"items_purchased_type":["Relic","Relic"],"build_version":"2020-12-22","purchased_purges":1,"victory":false,"max_hp_per_floor":[75,75,75,75,75,85,85,85,85,85,85,85,85,85,85,85,85,85],"card_choices":[{"not_picked":["blackbeard:DeadlyArsenal","blackbeard:GhostInTheRum","blackbeard:CaptainsCabin"],"picked":"SKIP","floor":1},{"not_picked":["blackbeard:Dagger","blackbeard:GoldenStrike"],"picked":"blackbeard:BeatUp","floor":4},{"not_picked":["blackbeard:GoldenCannonball","blackbeard:Toast"],"picked":"Bomb","floor":6},{"not_picked":["blackbeard:Sword","blackbeard:Fencing"],"picked":"blackbeard:Anchor","floor":11},{"not_picked":["blackbeard:Toast","blackbeard:GoldenStrike"],"picked":"blackbeard:BoostMorale","floor":12},{"not_picked":["blackbeard:BlindAttacks","blackbeard:WeaponProficiency","blackbeard:Spear"],"picked":"blackbeard:ReapersScythe","floor":13},{"not_picked":["blackbeard:CannonballSupply","blackbeard:Sword","blackbeard:Sharpening"],"picked":"blackbeard:Rum","floor":14}],"player_experience":1136418,"relics_obtained":[{"floor":2,"key":"Lantern"},{"floor":6,"key":"Pear"},{"floor":9,"key":"Torii"},{"floor":12,"key":"Question Card"}],"event_choices":[{"cards_removed":["blackbeard:BlackbeardStrike"],"damage_healed":0,"gold_gain":0,"player_choice":"Card Removal","damage_taken":7,"max_hp_gain":0,"max_hp_loss":0,"event_name":"Golden Wing","floor":3,"gold_loss":0}],"is_beta":false,"boss_relics":[],"items_purged_floors":[7],"is_endless":false,"potions_floor_spawned":[4,6],"killed_by":"The Guardian","ascension_level":13}}