{"host":"52m1o8iwwagurbjs","time":1613019627,"event":{"mods":["AchievementEnabler","BaseMod","Bestiary","Challenge The Spire","Colored Powertips","GifTheSpireLib","Minty Spire (QoL Compilation)","Quick Restart","Relic Stats","StSLib"],"gold_per_floor":[118,131,3,23,37,66,66,92,174,174,174,174,199,217,217,348,348,372,372,272,295,210,245,49,89,114,114,130,173,186,186,186,309,309,327,327,348,1,25,25,59,59,59,97,118,118,149,162,162,162,162],"floor_reached":50,"language":"ENG","playtime":3733,"items_purged":["Strike_G","Strike_G","Strike_G","Strike_G+1"],"score":683,"play_id":"642403a0-0f4b-4d1c-8d93-85453a1460b6","local_time":"20210211000027","is_ascension_mode":true,"campfire_choices":[{"data":"Cloak And Dagger","floor":7.0,"key":"SMITH"},{"floor":15.0,"key":"REST"},{"floor":27.0,"key":"REST"},{"floor":32.0,"key":"RECALL"},{"floor":40,"key":"REST"},{"floor":42,"key":"REST"},{"floor":46,"key":"REST"},{"floor":49,"key":"REST"}],"circlet_count":0,"master_deck":["Defend_G+1","Defend_G+1","Defend_G+1","Defend_G+1","Defend_G+1","Survivor","Neutralize+1","Backstab","Backflip","Cloak And Dagger+1","Flying Knee","Poisoned Stab","Dagger Spray","Bouncing Flask+1","Noxious Fumes","Dagger Throw","Corpse Explosion","Prepared+1","Blur","Malaise","Blur","Cloak And Dagger+1","Storm of Steel","Reflex+1","Leg Sweep+1","Acrobatics+1"],"relics":["Ring of the Snake","Whetstone","Tingsha","Question Card","Golden Idol","Fusion Hammer","PreservedInsect","Centennial Puzzle","Smiling Mask","Toy Ornithopter","Happy Flower","Velvet Choker","ClockworkSouvenir","Strawberry","Eternal Feather","Art of War","Pen Nib"],"acts_visited":["Exordium","TheCity","TheBeyond"],"potions_floor_usage":[35,44,45,48],"damage_taken":[{"damage":4.0,"enemies":"2 Louse","floor":1.0,"turns":3.0},{"damage":0.0,"enemies":"Small Slimes","floor":2.0,"turns":3.0},{"damage":0.0,"enemies":"Jaw Worm","floor":4.0,"turns":3.0},{"damage":3.0,"enemies":"Red Slaver","floor":5.0,"turns":5.0},{"damage":33.0,"enemies":"Gremlin Nob","floor":6.0,"turns":5.0},{"damage":12.0,"enemies":"3 Sentries","floor":8.0,"turns":7.0},{"damage":3.0,"enemies":"2 Fungi Beasts","floor":13.0,"turns":3.0},{"damage":10.0,"enemies":"Exordium Wildlife","floor":14.0,"turns":2.0},{"damage":11.0,"enemies":"Hexaghost","floor":16.0,"turns":9.0},{"damage":0.0,"enemies":"Shell Parasite","floor":18.0,"turns":4.0},{"damage":0.0,"enemies":"2 Thieves","floor":21.0,"turns":3.0},{"damage":13.0,"enemies":"Gremlin Leader","floor":23.0,"turns":3.0},{"damage":6.0,"enemies":"Slavers","floor":25.0,"turns":5.0},{"damage":6.0,"enemies":"Snake Plant","floor":28.0,"turns":5.0},{"damage":0.0,"enemies":"Gremlin Leader","floor":29.0,"turns":6.0},{"damage":6.0,"enemies":"Centurion and Healer","floor":30.0,"turns":5.0},{"damage":20.0,"enemies":"Automaton","floor":33.0,"turns":10.0},{"damage":10,"enemies":"3 Darklings","floor":35,"turns":3},{"damage":2,"enemies":"Orb Walker","floor":37,"turns":3},{"damage":11,"enemies":"Writhing Mass","floor":39,"turns":7},{"damage":13,"enemies":"Nemesis","floor":41,"turns":7},{"damage":4,"enemies":"Giant Head","floor":44,"turns":9},{"damage":0,"enemies":"Spire Growth","floor":45,"turns":6},{"damage":22,"enemies":"Reptomancer","floor":47,"turns":6},{"damage":9,"enemies":"Maw","floor":48,"turns":9},{"damage":81,"enemies":"Time Eater","floor":50,"turns":14}],"seed_played":"444503213529291679","potions_obtained":[{"floor":1.0,"key":"Weak Potion"},{"floor":2.0,"key":"Poison Potion"},{"floor":5.0,"key":"Ancient Potion"},{"floor":14.0,"key":"GamblersBrew"},{"floor":16.0,"key":"GhostInAJar"},{"floor":21.0,"key":"Explosive Potion"},{"floor":23.0,"key":"AttackPotion"},{"floor":28.0,"key":"BlessingOfTheForge"},{"floor":30.0,"key":"Ancient Potion"},{"floor":33.0,"key":"Block Potion"},{"floor":35,"key":"GhostInAJar"},{"floor":45,"key":"DuplicationPotion"}],"is_trial":false,"path_per_floor":["M","M","$","M","M","E","R","E","T","?","?","?","M","M","R","B",null,"M","?","$","M","?","E","$","E","T","R","M","E","M","?","R","B",null,"M","?","M","$","M","R","E","R","T","E","M","R","E","M","R","B"],"character_chosen":"THE_SILENT","items_purchased":["Cloak And Dagger","Blur","ClockworkSouvenir","Strawberry"],"campfire_rested":6,"item_purchase_floors":[3,24,38,38],"current_hp_per_floor":[73,73,73,73,70,37,37,25,25,25,25,25,22,12,33,22,71,71,71,71,71,71,58,58,52,52,71,65,70,64,64,64,44,71,61,61,59,66,55,78,65,78,78,74,78,78,56,52,78,0,0],"gold":162,"neow_bonus":"TEN_PERCENT_HP_BONUS","is_daily":false,"chose_seed":false,"campfire_upgraded":1,"win_rate":0.0,"timestamp":1613019627,"path_taken":["M","M","$","M","M","E","R","E","T","?","?","?","M","M","R","BOSS","M","?","$","M","?","E","$","E","T","R","M","E","M","?","R","BOSS","M","?","?","$","M","R","E","R","T","E","M","R","E","M","R","BOSS"],"items_purchased_type":["Card","Card","Relic","Relic"],"build_version":"2020-12-22","purchased_purges":4,"victory":false,"max_hp_per_floor":[77,77,77,77,77,77,77,77,77,77,71,71,71,71,71,71,71,71,71,71,71,71,71,71,71,71,71,71,71,71,71,71,71,71,71,71,71,78,78,78,78,78,78,78,78,78,78,78,78,78,78],"relic_stats":{"Happy Flower":[26],"counters":[26,145],"Golden Idol":141,"Tingsha":[334],"Eternal Feather":27,"PreservedInsect":380,"Pen Nib":[3],"Whetstone":["Strike_G","Neutralize"],"Question Card":19,"Smiling Mask":100,"Centennial Puzzle":[36],"Art of War":[7],"obtain_stats":[{"Happy Flower":29,"Golden Idol":11,"Velvet Choker":34,"Tingsha":8,"Eternal Feather":41,"PreservedInsect":22,"Pen Nib":47,"Whetstone":6,"Question Card":9,"Smiling Mask":25,"ClockworkSouvenir":38,"Centennial Puzzle":23,"Strawberry":38,"Fusion Hammer":17,"Art of War":44,"Toy Ornithopter":26,"Ring of the Snake":0},{"Happy Flower":15,"Golden Idol":6,"Velvet Choker":17,"Tingsha":6,"Eternal Feather":21,"PreservedInsect":11,"Pen Nib":24,"Whetstone":5,"Question Card":6,"Smiling Mask":13,"ClockworkSouvenir":19,"Centennial Puzzle":12,"Strawberry":19,"Fusion Hammer":9,"Art of War":22,"Toy Ornithopter":13,"Ring of the Snake":0},{"Happy Flower":66,"Golden Idol":26,"Velvet Choker":81,"Tingsha":26,"Eternal Feather":101,"PreservedInsect":47,"Pen Nib":122,"Whetstone":19,"Question Card":26,"Smiling Mask":55,"ClockworkSouvenir":87,"Centennial Puzzle":50,"Strawberry":87,"Fusion Hammer":40,"Art of War":110,"Toy Ornithopter":55,"Ring of the Snake":0}],"Toy Ornithopter":14,"Ring of the Snake":[52]},"card_choices":[{"not_picked":["Tactician","Deadly Poison"],"picked":"Backstab","floor":1.0},{"not_picked":["Flechettes","Blur"],"picked":"Backflip","floor":2.0},{"not_picked":["Expertise","Bane"],"picked":"Flying Knee","floor":4.0},{"not_picked":["Caltrops","Bane"],"picked":"Poisoned Stab","floor":5.0},{"not_picked":["Phantasmal Killer","Dagger Throw"],"picked":"Dagger Spray","floor":6.0},{"not_picked":["Slice","Sucker Punch"],"picked":"Bouncing Flask","floor":8.0},{"not_picked":["Underhanded Strike","Bane","Dagger Throw"],"picked":"Noxious Fumes","floor":13.0},{"not_picked":["A Thousand Cuts","Skewer","Bane"],"picked":"Dagger Throw","floor":14.0},{"not_picked":["Doppelganger","Venomology","Malaise"],"picked":"Corpse Explosion","floor":16.0},{"not_picked":["Underhanded Strike","Choke","Leg Sweep","Outmaneuver+1"],"picked":"SKIP","floor":18.0},{"not_picked":["All Out Attack","Calculated Gamble","PiercingWail"],"picked":"Prepared+1","floor":21.0},{"not_picked":["Concentrate+1","Bullet Time","Cloak And Dagger","Backstab"],"picked":"SKIP","floor":23.0},{"not_picked":["Underhanded Strike","Prepared","Bane"],"picked":"Malaise","floor":25.0},{"not_picked":["Flying Knee+1","Setup","Poisoned Stab","Flechettes+1"],"picked":"SKIP","floor":28.0},{"not_picked":["Slice","Finisher+1","Bane"],"picked":"Blur","floor":29.0},{"not_picked":["Dagger Spray","Night Terror","Outmaneuver+1"],"picked":"Cloak And Dagger+1","floor":30.0},{"not_picked":["Adrenaline","Phantasmal Killer","Corpse Explosion"],"picked":"Storm of Steel","floor":33.0},{"not_picked":["Slice","Dagger Throw+1","Backflip"],"picked":"Reflex+1","floor":35},{"not_picked":["Deflect","Finisher","Dagger Throw","Predator+1"],"picked":"SKIP","floor":37},{"not_picked":["Blade Dance","Dagger Spray","Flying Knee+1","Deadly Poison+1"],"picked":"SKIP","floor":39},{"not_picked":["Slice","Bane","Skewer+1","All Out Attack"],"picked":"SKIP","floor":41},{"not_picked":["Night Terror","Poisoned Stab","Distraction+1","Dodge and Roll+1"],"picked":"SKIP","floor":44},{"not_picked":["Masterful Stab","Tactician+1","Cloak And Dagger+1"],"picked":"Leg Sweep+1","floor":45},{"not_picked":["Endless Agony","Phantasmal Killer","Tactician+1","All Out Attack"],"picked":"SKIP","floor":47},{"not_picked":["Dagger Spray+1","Sucker Punch+1","Cloak And Dagger"],"picked":"Acrobatics+1","floor":48}],"player_experience":1340377,"relics_obtained":[{"floor":6.0,"key":"Whetstone"},{"floor":8.0,"key":"Tingsha"},{"floor":9.0,"key":"Question Card"},{"floor":23.0,"key":"Centennial Puzzle"},{"floor":25.0,"key":"Smiling Mask"},{"floor":26.0,"key":"Toy Ornithopter"},{"floor":29.0,"key":"Happy Flower"},{"floor":41,"key":"Eternal Feather"},{"floor":44,"key":"Art of War"},{"floor":47,"key":"Pen Nib"}],"event_choices":[{"damage_healed":0.0,"max_hp_gain":0.0,"max_hp_loss":0.0,"gold_gain":0.0,"event_name":"Shining Light","player_choice":"Ignored","floor":10.0,"gold_loss":0.0,"damage_taken":0.0},{"damage_healed":0.0,"max_hp_gain":0.0,"max_hp_loss":6.0,"gold_gain":0.0,"event_name":"Golden Idol","player_choice":"Lose Max HP","floor":11.0,"gold_loss":0.0,"damage_taken":0.0,"relics_obtained":["Golden Idol"]},{"damage_healed":0.0,"max_hp_gain":0.0,"max_hp_loss":0.0,"gold_gain":0.0,"event_name":"Living Wall","player_choice":"Grow","floor":12.0,"gold_loss":0.0,"damage_taken":0.0,"cards_upgraded":["Bouncing Flask"]},{"damage_healed":0.0,"max_hp_gain":0.0,"max_hp_loss":0.0,"gold_gain":0.0,"event_name":"Vampires","player_choice":"Ignored","floor":19.0,"gold_loss":0.0,"damage_taken":0.0},{"damage_healed":0.0,"max_hp_gain":0.0,"max_hp_loss":0.0,"gold_gain":0.0,"event_name":"Addict","player_choice":"Obtained Relic","floor":22.0,"gold_loss":85.0,"damage_taken":0.0,"relics_obtained":["PreservedInsect"]},{"damage_healed":0.0,"max_hp_gain":0.0,"max_hp_loss":0.0,"gold_gain":0.0,"event_name":"Back to Basics","player_choice":"Simplicity","floor":31.0,"gold_loss":0.0,"damage_taken":0.0,"cards_upgraded":["Strike_G","Defend_G","Defend_G","Defend_G","Defend_G","Defend_G"]},{"cards_removed":["Strike_G"],"damage_healed":0,"gold_gain":0,"player_choice":"Offered Basic","damage_taken":0,"max_hp_gain":0,"max_hp_loss":0,"event_name":"Bonfire Elementals","floor":36,"gold_loss":0}],"is_beta":false,"boss_relics":[{"not_picked":["Pandora\u0027s Box","Coffee Dripper"],"picked":"Fusion Hammer"},{"not_picked":["Empty Cage","Snecko Eye"],"picked":"Velvet Choker"}],"items_purged_floors":[3,20,24,38],"is_endless":false,"potions_floor_spawned":[1,2,5,14,16,21,23,28,30,33,35,45],"killed_by":"Time Eater","ascension_level":1}}