{"host":"m0bekkrd201b63ug","time":1613060192,"event":{"mods":["AchievementEnabler","BaseMod","Colored Powertips","Minty Spire (QoL Compilation)","Rare Cards Sparkle","StSLib","SuperFastMode","everything is the same but u backflip on backflip","slay the spire mod where everything is the same but ironclad has a cowboy hat"],"gold_per_floor":[115,130,150,75,0,32,32,32,32,32,32,32,32,44,44,122,122,140,155,155,172,21,21,35,35,58,89,89,123,123,137,137,214,214,232,232,250,250,61,61,92,92,92,127,141,141,195,114,114,114],"floor_reached":51,"language":"ENG","playtime":1872,"items_purged":["Setup","All Out Attack"],"score":1360,"play_id":"baec803c-3d29-44c0-b541-e6e66c6e5791","local_time":"20210211141632","is_ascension_mode":true,"campfire_choices":[{"floor":8.0,"key":"REST"},{"data":"Accuracy","floor":11.0,"key":"SMITH"},{"data":"Cloak And Dagger","floor":13.0,"key":"SMITH"},{"data":"Accuracy","floor":15.0,"key":"SMITH"},{"floor":23.0,"key":"REST"},{"floor":28.0,"key":"REST"},{"data":"Cloak And Dagger","floor":30.0,"key":"SMITH"},{"floor":32.0,"key":"REST"},{"data":"After Image","floor":40.0,"key":"SMITH"},{"data":"Cloak And Dagger","floor":42,"key":"SMITH"},{"data":"Accuracy","floor":49,"key":"SMITH"}],"circlet_count":0,"master_deck":["AscendersBane","Survivor","Neutralize+1","Accuracy+1","Cloak And Dagger+1","Deflect","Sucker Punch+1","Malaise+1","Cloak And Dagger+1","Accuracy+1","PiercingWail","Finisher+1","Cloak And Dagger+1","After Image+1","Infinite Blades+1","Backflip","Cloak And Dagger+1","Deadly Poison","Accuracy+1"],"relics":["Pandora\u0027s Box","Bottled Tornado","Molten Egg 2","Runic Pyramid","Whetstone","Tiny Chest","Prayer Wheel","SlaversCollar","Oddly Smooth Stone","Chemical X","Pen Nib","StrikeDummy","Toy Ornithopter"],"acts_visited":["Exordium","TheCity","TheBeyond"],"potions_floor_usage":[41],"damage_taken":[{"damage":0.0,"enemies":"Cultist","floor":1.0,"turns":4.0},{"damage":4.0,"enemies":"Jaw Worm","floor":2.0,"turns":4.0},{"damage":0.0,"enemies":"Small Slimes","floor":3.0,"turns":4.0},{"damage":25.0,"enemies":"Gremlin Nob","floor":6.0,"turns":5.0},{"damage":6.0,"enemies":"Blue Slaver","floor":14.0,"turns":4.0},{"damage":19.0,"enemies":"Hexaghost","floor":16.0,"turns":10.0},{"damage":2.0,"enemies":"Spheric Guardian","floor":18.0,"turns":3.0},{"damage":0.0,"enemies":"3 Byrds","floor":19.0,"turns":4.0},{"damage":17.0,"enemies":"Centurion and Healer","floor":21.0,"turns":5.0},{"damage":0.0,"enemies":"Snake Plant","floor":24.0,"turns":4.0},{"damage":7.0,"enemies":"Book of Stabbing","floor":27.0,"turns":5.0},{"damage":1.0,"enemies":"Gremlin Leader","floor":29.0,"turns":5.0},{"damage":12.0,"enemies":"Sentry and Sphere","floor":31.0,"turns":4.0},{"damage":29.0,"enemies":"Automaton","floor":33.0,"turns":9.0},{"damage":4.0,"enemies":"Orb Walker","floor":35.0,"turns":3.0},{"damage":21.0,"enemies":"3 Shapes","floor":37.0,"turns":5.0},{"damage":4,"enemies":"Nemesis","floor":41,"turns":5},{"damage":0,"enemies":"Reptomancer","floor":44,"turns":5},{"damage":4,"enemies":"3 Darklings","floor":45,"turns":5},{"damage":13,"enemies":"Awakened One","floor":50,"turns":7}],"seed_played":"-500826632462912383","potions_obtained":[{"floor":2.0,"key":"DuplicationPotion"},{"floor":3.0,"key":"Dexterity Potion"},{"floor":14.0,"key":"PowerPotion"},{"floor":16.0,"key":"Fruit Juice"},{"floor":18.0,"key":"Dexterity Potion"},{"floor":27.0,"key":"Swift Potion"},{"floor":37.0,"key":"CunningPotion"},{"floor":41,"key":"Fruit Juice"},{"floor":44,"key":"BlessingOfTheForge"}],"is_trial":false,"path_per_floor":["M","M","M","$","?","E","?","R","T","?","R","$","R","M","R","B",null,"M","M","?","M","$","R","M","?","T","E","R","E","R","M","R","B",null,"M","$","M","?","$","R","E","R","T","E","M","?","T","$","R","B",null],"character_chosen":"THE_SILENT","items_purchased":["Cloak And Dagger","Chemical X","Backflip","Accuracy"],"campfire_rested":4,"item_purchase_floors":[22,39,39,48],"current_hp_per_floor":[59,55,55,55,55,30,10,29,29,51,51,51,51,45,45,31,61,59,59,59,42,42,63,63,43,43,36,58,57,57,45,67,38,67,63,63,42,42,42,42,43,43,43,43,39,39,39,39,39,26],"gold":114,"neow_bonus":"BOSS_RELIC","is_daily":false,"chose_seed":false,"campfire_upgraded":7,"win_rate":0.0,"timestamp":1613060192,"path_taken":["M","M","?","$","?","E","?","R","T","?","R","?","R","M","R","BOSS","M","M","?","?","$","R","?","?","T","E","R","E","R","M","R","BOSS","M","$","M","?","?","R","E","R","T","E","M","?","?","$","R","BOSS"],"items_purchased_type":["Card","Relic","Card","Card"],"build_version":"2020-12-22","purchased_purges":2,"victory":true,"max_hp_per_floor":[66,66,66,66,66,66,66,66,66,66,66,66,66,66,66,71,71,71,71,71,71,71,71,71,76,76,76,76,76,76,76,76,76,76,76,76,76,76,76,76,81,81,81,81,81,81,81,81,81,81],"card_choices":[{"not_picked":["Deadly Poison","Noxious Fumes"],"picked":"Dagger Spray","floor":1.0},{"not_picked":["Well Laid Plans","Heel Hook"],"picked":"Accuracy","floor":2.0},{"not_picked":["Poisoned Stab","Well Laid Plans"],"picked":"PiercingWail","floor":3.0},{"not_picked":["PiercingWail","Dagger Spray","Accuracy"],"picked":"SKIP","floor":6.0},{"not_picked":["Terror","Catalyst"],"picked":"Finisher+1","floor":14.0},{"not_picked":["Quick Slash+1","Acrobatics","Calculated Gamble"],"picked":"SKIP","floor":18.0},{"not_picked":["All Out Attack+1","Dagger Throw+1","Deflect"],"picked":"SKIP","floor":19.0},{"not_picked":["Slice+1","Dagger Spray+1","Deflect"],"picked":"SKIP","floor":21.0},{"not_picked":["Acrobatics","Deflect","Dagger Spray+1"],"picked":"SKIP","floor":24.0},{"not_picked":["Catalyst","Predator+1","Caltrops"],"picked":"SKIP","floor":27.0},{"not_picked":["Tools of the Trade","Sucker Punch+1"],"picked":"PiercingWail","floor":29.0},{"not_picked":["Setup+1","Underhanded Strike+1","Quick Slash+1"],"picked":"SKIP","floor":31.0},{"not_picked":["PiercingWail","Skewer+1","Caltrops+1"],"picked":"SKIP","floor":31.0},{"not_picked":["Envenom","Grand Finale+1"],"picked":"After Image","floor":33.0},{"not_picked":["Slice+1","Outmaneuver"],"picked":"Infinite Blades+1","floor":35.0},{"not_picked":["Finisher+1","Riddle With Holes+1","Noxious Fumes"],"picked":"SKIP","floor":35.0},{"not_picked":["Tactician","Sucker Punch+1","Dagger Spray+1"],"picked":"SKIP","floor":37.0},{"not_picked":["Crippling Poison+1","Flechettes+1","Tactician+1"],"picked":"SKIP","floor":37.0},{"not_picked":["Dash+1","Blur"],"picked":"Cloak And Dagger","floor":41},{"not_picked":["Outmaneuver","Infinite Blades","Backflip"],"picked":"SKIP","floor":44},{"not_picked":["Distraction","Quick Slash+1","Slice+1"],"picked":"SKIP","floor":45},{"not_picked":["PiercingWail","Tactician+1","Unload+1"],"picked":"SKIP","floor":45}],"player_experience":238938,"relics_obtained":[{"floor":6.0,"key":"Bottled Tornado"},{"floor":9.0,"key":"Molten Egg 2"},{"floor":26.0,"key":"Whetstone"},{"floor":27.0,"key":"Tiny Chest"},{"floor":29.0,"key":"Prayer Wheel"},{"floor":41,"key":"Pen Nib"},{"floor":43,"key":"StrikeDummy"},{"floor":44,"key":"Toy Ornithopter"}],"event_choices":[{"cards_removed":["Outmaneuver"],"damage_healed":0.0,"max_hp_gain":0.0,"max_hp_loss":0.0,"gold_gain":0.0,"event_name":"The Cleric","player_choice":"Card Removal","floor":5.0,"gold_loss":75.0,"damage_taken":0.0},{"damage_healed":0.0,"max_hp_gain":0.0,"max_hp_loss":0.0,"gold_gain":0.0,"event_name":"Shining Light","player_choice":"Entered Light","floor":7.0,"gold_loss":0.0,"damage_taken":20.0,"cards_upgraded":["Cloak And Dagger","Malaise"]},{"damage_healed":22.0,"max_hp_gain":0.0,"max_hp_loss":0.0,"gold_gain":0.0,"event_name":"Big Fish","player_choice":"Banana","floor":10.0,"gold_loss":0.0,"damage_taken":0.0},{"cards_removed":["Riddle With Holes"],"damage_healed":0.0,"max_hp_gain":0.0,"max_hp_loss":0.0,"gold_gain":0.0,"event_name":"Purifier","player_choice":"Purged","floor":20.0,"gold_loss":0.0,"damage_taken":0.0},{"damage_healed":0.0,"max_hp_gain":5.0,"max_hp_loss":0.0,"gold_gain":0.0,"event_name":"Forgotten Altar","player_choice":"Shed Blood","floor":25.0,"gold_loss":0.0,"damage_taken":25.0},{"cards_removed":["PiercingWail"],"damage_healed":0.0,"max_hp_gain":0.0,"max_hp_loss":0.0,"gold_gain":0.0,"event_name":"WeMeetAgain","player_choice":"Gave Card","floor":38.0,"gold_loss":0.0,"damage_taken":0.0,"relics_obtained":["Oddly Smooth Stone"]},{"damage_healed":0,"gold_gain":0,"cards_transformed":["Dagger Spray"],"player_choice":"Transformed","damage_taken":0,"max_hp_gain":0,"max_hp_loss":0,"event_name":"Transmorgrifier","floor":46,"gold_loss":0,"cards_obtained":["Deadly Poison"]}],"is_beta":false,"boss_relics":[{"not_picked":["Ectoplasm","Sozu"],"picked":"Runic Pyramid"},{"not_picked":["SacredBark","Tiny House"],"picked":"SlaversCollar"}],"items_purged_floors":[4,22],"is_endless":false,"potions_floor_spawned":[2,3,14,16,18,21,27,31,37,41,44],"ascension_level":16}}