{"host":"mo4d2vii2wc3uyp7","time":1613056105,"event":{"mods":["AchievementEnabler","BaseMod","Colored Map","Highlight Path","Keyboard Shortcuts","Minty Spire (QoL Compilation)","Permanent Neow","Quick Restart","Shop Mod","StSLib","SuperFastMode","everything is the same but u backflip on backflip"],"gold_per_floor":[114,126,138,138,138,164,176,221,310,322,363,375,399,429,441,551,563,591,615,79,90,102,127,127,153,176,208,208,234,234,251,251,251,251],"floor_reached":33,"language":"KOR","playtime":1397,"items_purged":["Strike_G"],"score":389,"play_id":"e5ea5a06-daef-4211-8cbb-41767016de33","local_time":"20210212000825","is_ascension_mode":true,"campfire_choices":[{"data":"Survivor","floor":7.0,"key":"SMITH"},{"floor":10.0,"key":"REST"},{"floor":12.0,"key":"REST"},{"data":"Die Die Die","floor":15.0,"key":"SMITH"},{"data":"Stack","floor":24.0,"key":"SMITH"},{"floor":30.0,"key":"REST"},{"data":"Bullet Time","floor":32.0,"key":"SMITH"}],"circlet_count":0,"master_deck":["Strike_G","Strike_G","Strike_G+1","Strike_G","Defend_G","Defend_G+1","Defend_G","Defend_G+1","Defend_G+1","Survivor+1","Neutralize+1","Dagger Spray","Backflip","Dagger Throw","Die Die Die+1","Bane+1","Tactician","Bullet Time+1","Poisoned Stab+1","Prepared","Melter+1","Stack+1","Flex","Necronomicurse"],"relics":["Ring of the Snake","StoneCalendar","MawBank","Regal Pillow","Molten Egg 2","War Paint","SlaversCollar","Gremlin Horn","PrismaticShard","Snake Skull","Matryoshka","Oddly Smooth Stone","Orichalcum","Potion Belt","Necronomicon","Smiling Mask"],"acts_visited":["Exordium","TheCity"],"potions_floor_usage":[33],"damage_taken":[{"damage":0.0,"enemies":"Small Slimes","floor":1.0,"turns":3.0},{"damage":1.0,"enemies":"Jaw Worm","floor":2.0,"turns":5.0},{"damage":1.0,"enemies":"Cultist","floor":3.0,"turns":4.0},{"damage":14.0,"enemies":"Lagavulin","floor":6.0,"turns":7.0},{"damage":23.0,"enemies":"3 Sentries","floor":8.0,"turns":7.0},{"damage":18.0,"enemies":"Gremlin Nob","floor":11.0,"turns":5.0},{"damage":0.0,"enemies":"Looter","floor":13.0,"turns":2.0},{"damage":6.0,"enemies":"2 Fungi Beasts","floor":14.0,"turns":2.0},{"damage":4.0,"enemies":"Slime Boss","floor":16.0,"turns":7.0},{"damage":0.0,"enemies":"3 Byrds","floor":18.0,"turns":5.0},{"damage":10.0,"enemies":"Shell Parasite","floor":19.0,"turns":7.0},{"damage":13.0,"enemies":"3 Cultists","floor":21.0,"turns":5.0},{"damage":4.0,"enemies":"Chosen and Byrds","floor":22.0,"turns":5.0},{"damage":1.0,"enemies":"Book of Stabbing","floor":23.0,"turns":5.0},{"damage":0.0,"enemies":"Gremlin Leader","floor":25.0,"turns":5.0},{"damage":1.0,"enemies":"Slavers","floor":27.0,"turns":4.0},{"damage":1.0,"enemies":"Book of Stabbing","floor":29.0,"turns":5.0},{"damage":0.0,"enemies":"Sentry and Sphere","floor":31.0,"turns":2.0},{"damage":63,"enemies":"Automaton","floor":33,"turns":12}],"seed_played":"-7854772391449690097","potions_obtained":[{"floor":8.0,"key":"DuplicationPotion"},{"floor":13.0,"key":"Poison Potion"},{"floor":14.0,"key":"BlessingOfTheForge"},{"floor":19.0,"key":"BlessingOfTheForge"},{"floor":23.0,"key":"PowerPotion"},{"floor":27.0,"key":"DuplicationPotion"}],"is_trial":false,"path_per_floor":["M","M","M","?","?","E","R","E","T","R","E","R","M","M","R","B",null,"M","M","$","M","M","E","R","E","T","E","?","E","R","M","R","B"],"character_chosen":"THE_SILENT","items_purchased":["Gremlin Horn","Prepared","PrismaticShard","Strength Potion"],"campfire_rested":3,"item_purchase_floors":[20,20,20,20],"current_hp_per_floor":[70,69,68,61,47,33,33,10,10,46,28,64,64,58,58,54,70,70,60,60,47,43,42,42,42,42,41,25,24,60,60,60,0,0],"gold":251,"neow_bonus":"UPGRADE_CARD","is_daily":false,"chose_seed":false,"campfire_upgraded":4,"win_rate":0.0,"timestamp":1613056105,"path_taken":["M","M","M","?","?","E","R","E","T","R","E","R","M","M","R","BOSS","M","M","$","M","M","E","R","E","T","E","?","E","R","M","R","BOSS"],"items_purchased_type":["Relic","Card","Relic","Potion"],"build_version":"2020-12-22","purchased_purges":1,"victory":false,"max_hp_per_floor":[70,70,70,70,70,70,70,70,70,70,70,70,70,70,70,70,70,70,70,70,70,70,70,70,70,70,70,70,70,70,70,70,70,70],"card_choices":[{"not_picked":["Underhanded Strike","Deflect"],"picked":"Dagger Spray","floor":1.0},{"not_picked":["Blade Dance","Catalyst"],"picked":"Backflip","floor":2.0},{"not_picked":["Concentrate","Leg Sweep","Blade Dance"],"picked":"SKIP","floor":3.0},{"not_picked":["Bouncing Flask","Riddle With Holes"],"picked":"Dagger Throw","floor":6.0},{"not_picked":["Outmaneuver","Slice"],"picked":"Die Die Die","floor":8.0},{"not_picked":["Outmaneuver","Cloak And Dagger","Dagger Throw+1"],"picked":"SKIP","floor":11.0},{"not_picked":["Deflect","Prepared"],"picked":"Bane+1","floor":13.0},{"not_picked":["Bouncing Flask","Backflip"],"picked":"Tactician","floor":14.0},{"not_picked":["Die Die Die+1","Doppelganger"],"picked":"Bullet Time","floor":16.0},{"not_picked":["Outmaneuver","Riddle With Holes+1","Flying Knee+1"],"picked":"SKIP","floor":18.0},{"not_picked":["Flying Knee+1","Underhanded Strike+1"],"picked":"Poisoned Stab+1","floor":19.0},{"not_picked":["Slice+1","Iron Wave+1"],"picked":"Melter+1","floor":21.0},{"not_picked":["Bloodletting","Cold Snap+1"],"picked":"Stack","floor":22.0},{"not_picked":["Spot Weakness","Sucker Punch+1","Bullet Time"],"picked":"SKIP","floor":23.0},{"not_picked":["Beam Cell+1","Recycle","Dagger Spray+1"],"picked":"SKIP","floor":25.0},{"not_picked":["Beam Cell+1","SashWhip+1"],"picked":"Flex","floor":27.0},{"not_picked":["Rupture+1","Perfected Strike+1","Gash+1"],"picked":"SKIP","floor":29.0},{"not_picked":["CutThroughFate+1","Blasphemy","True Grit"],"picked":"SKIP","floor":31.0}],"player_experience":613933,"relics_obtained":[{"floor":6.0,"key":"MawBank"},{"floor":8.0,"key":"Regal Pillow"},{"floor":9.0,"key":"Molten Egg 2"},{"floor":11.0,"key":"War Paint"},{"floor":23.0,"key":"Snake Skull"},{"floor":25.0,"key":"Matryoshka"},{"floor":26.0,"key":"Oddly Smooth Stone"},{"floor":26.0,"key":"Orichalcum"},{"floor":27.0,"key":"Potion Belt"},{"floor":28.0,"key":"Necronomicon"},{"floor":29.0,"key":"Smiling Mask"}],"event_choices":[{"damage_healed":0.0,"max_hp_gain":0.0,"max_hp_loss":0.0,"gold_gain":0.0,"event_name":"Scrap Ooze","player_choice":"Success","floor":4.0,"gold_loss":0.0,"damage_taken":7.0,"relics_obtained":["StoneCalendar"]},{"damage_healed":0.0,"max_hp_gain":0.0,"max_hp_loss":0.0,"gold_gain":0.0,"event_name":"Shining Light","player_choice":"Entered Light","floor":5.0,"gold_loss":0.0,"damage_taken":14.0,"cards_upgraded":["Strike_G","Defend_G"]},{"damage_healed":0.0,"max_hp_gain":0.0,"max_hp_loss":0.0,"gold_gain":0.0,"event_name":"Cursed Tome","player_choice":"Obtained Book","floor":28.0,"gold_loss":0.0,"damage_taken":16.0}],"is_beta":false,"boss_relics":[{"not_picked":["Ectoplasm","Pandora\u0027s Box"],"picked":"SlaversCollar"}],"items_purged_floors":[20],"is_endless":false,"potions_floor_spawned":[8,13,14,19,23,27],"killed_by":"Automaton","ascension_level":1}}