{"host":"8zow35rkxv448q2r","time":1613059714,"event":{"mods":["AchievementEnabler","BaseMod","Colored Map","Colored Powertips","Minty Spire (QoL Compilation)","Relic Stats"],"gold_per_floor":[113,126,126,99203,99215,99249,99259,99286,99286,99317,99317,98601,98601,98626,98626,98730,98730,98741,98757,98757,97930,97945,97945,97964,97993,98045,98075,98087,98087,98087,97222,97222,97322,97322,97322,96412,96426,96445,96445,96445,96474,96491,96491,96505,96516,96530,95817,95851,95851,95851,95851,95851,95101,95129,95129],"floor_reached":56,"language":"ENG","playtime":4827,"items_purged":["Strike_G","PiercingWail","Strike_G","Strike_G","Strike_G","Strike_G"],"score":1728,"play_id":"289ee5e4-4e11-4c9b-8ef7-abee70d919ca","local_time":"20210211110834","is_ascension_mode":true,"campfire_choices":[{"floor":13,"key":"REST"},{"floor":15,"key":"REST"},{"data":"Apotheosis","floor":23,"key":"SMITH"},{"floor":30,"key":"REST"},{"floor":32,"key":"RECALL"},{"floor":40,"key":"REST"},{"floor":49,"key":"REST"},{"floor":52,"key":"REST"}],"circlet_count":0,"master_deck":["Defend_G","Defend_G","Defend_G","Defend_G","Defend_G","Survivor","Neutralize","Slice","Apotheosis+1","Quick Slash","Poisoned Stab","Dagger Spray","Venomology","Bouncing Flask","Malaise","Corpse Explosion","Ghostly","Ghostly","Ghostly","Ghostly","Ghostly","Skewer+1","PiercingWail+1","Dagger Spray+1","Bullet Time+1","Riddle With Holes+1","Madness+1","Madness+1","Catalyst+1","Noxious Fumes","Noxious Fumes"],"relics":["Ring of the Snake","NeowsBlessing","Bag of Preparation","Boot","Toolbox","Centennial Puzzle","MealTicket","White Beast Statue","Singing Bowl","Blood Vial","OrangePellets","Ancient Tea Set","Busted Crown","Mercury Hourglass","Pear","Orrery","Ornamental Fan","Omamori","Snake Skull","Sling","Question Card","Toxic Egg 2","Fusion Hammer","ClockworkSouvenir","Anchor","Dead Branch","Ninja Scroll","Akabeko","Lantern","Toy Ornithopter","DollysMirror","Oddly Smooth Stone","Art of War","TwistedFunnel","Bottled Flame","Bag of Marbles"],"acts_visited":["Exordium","TheCity","TheBeyond","TheEnding"],"potions_floor_usage":[6,6,8,10,14,14,16,16,16,16,18,19,19,22,22,25,25,25,25,25,27,27,28,28,33,33,33,33,33,33,33,35,37,38,41,42,42,44,45,48,48,50,50,50,54,54,55,55],"damage_taken":[{"damage":0,"enemies":"Jaw Worm","floor":1,"turns":1},{"damage":0,"enemies":"Cultist","floor":2,"turns":1},{"damage":0,"enemies":"2 Louse","floor":5,"turns":1},{"damage":21,"enemies":"Lagavulin","floor":6,"turns":6},{"damage":0,"enemies":"Gremlin Gang","floor":7,"turns":4},{"damage":12,"enemies":"Gremlin Nob","floor":8,"turns":4},{"damage":21,"enemies":"Lagavulin","floor":10,"turns":4},{"damage":28,"enemies":"3 Sentries","floor":14,"turns":5},{"damage":31,"enemies":"The Guardian","floor":16,"turns":7},{"damage":29,"enemies":"2 Thieves","floor":18,"turns":3},{"damage":5,"enemies":"Spheric Guardian","floor":19,"turns":4},{"damage":0,"enemies":"Snake Plant","floor":22,"turns":5},{"damage":19,"enemies":"Shelled Parasite and Fungi","floor":24,"turns":6},{"damage":5,"enemies":"Gremlin Leader","floor":25,"turns":4},{"damage":4,"enemies":"Book of Stabbing","floor":27,"turns":6},{"damage":8,"enemies":"Chosen and Byrds","floor":28,"turns":2},{"damage":20,"enemies":"Champ","floor":33,"turns":10},{"damage":0,"enemies":"3 Shapes","floor":35,"turns":1},{"damage":0,"enemies":"3 Darklings","floor":37,"turns":4},{"damage":0,"enemies":"Transient","floor":38,"turns":5},{"damage":0,"enemies":"Giant Head","floor":41,"turns":5},{"damage":0,"enemies":"Maw","floor":42,"turns":7},{"damage":1,"enemies":"Spire Growth","floor":44,"turns":4},{"damage":0,"enemies":"Sphere and 2 Shapes","floor":45,"turns":3},{"damage":0,"enemies":"Jaw Worm Horde","floor":46,"turns":2},{"damage":15,"enemies":"Nemesis","floor":48,"turns":3},{"damage":2,"enemies":"Donu and Deca","floor":50,"turns":5},{"damage":1,"enemies":"Shield and Spear","floor":54,"turns":4},{"damage":7,"enemies":"The Heart","floor":55,"turns":6}],"seed_played":"3199588558191921796","potions_obtained":[{"floor":2,"key":"Block Potion"},{"floor":6,"key":"ColorlessPotion"},{"floor":7,"key":"DistilledChaos"},{"floor":14,"key":"Energy Potion"},{"floor":16,"key":"Energy Potion"},{"floor":18,"key":"DuplicationPotion"},{"floor":19,"key":"EntropicBrew"},{"floor":22,"key":"DuplicationPotion"},{"floor":25,"key":"Fire Potion"},{"floor":27,"key":"CunningPotion"},{"floor":28,"key":"Weak Potion"},{"floor":33,"key":"SmokeBomb"},{"floor":41,"key":"DistilledChaos"},{"floor":42,"key":"FairyPotion"},{"floor":45,"key":"SteroidPotion"},{"floor":48,"key":"CunningPotion"},{"floor":54,"key":"Strength Potion"}],"is_trial":false,"path_per_floor":["M","M","?","$","M","E","M","E","T","E","?","$","R","E","R","B",null,"M","M","?","$","M","R","M","E","T","E","M","?","R","$","R","B",null,"M","$","M","M","?","R","E","M","T","M","M","M","$","E","R","B",null,"R","$","E","B",null],"character_chosen":"THE_SILENT","items_purchased":["Slice","Apotheosis","Bag of Preparation","Boot","Toolbox","Quick Slash","ColorlessPotion","EssenceOfSteel","Fire Potion","BlessingOfTheForge","Singing Bowl","Blood Vial","OrangePellets","Mercury Hourglass","Pear","Ancient Potion","Orrery","Sling","Question Card","Toxic Egg 2","EntropicBrew","ClockworkSouvenir","Anchor","Dead Branch","DistilledChaos","Block Potion","BlessingOfTheForge","Lantern","Toy Ornithopter","Noxious Fumes","DollysMirror","Art of War","TwistedFunnel","Bottled Flame"],"campfire_rested":6,"item_purchase_floors":[4,4,4,4,4,4,4,4,12,12,12,12,12,21,21,21,21,31,31,31,31,36,36,36,36,36,36,47,47,47,47,53,53,53],"current_hp_per_floor":[63,63,63,63,63,42,42,30,30,9,9,24,45,21,42,13,57,32,31,31,54,56,56,39,38,38,38,32,32,50,62,62,42,57,59,62,64,64,56,64,66,66,66,67,70,72,72,59,74,72,74,74,74,75,74],"gold":95129,"neow_bonus":"THREE_ENEMY_KILL","is_daily":false,"chose_seed":false,"campfire_upgraded":1,"win_rate":0.0,"timestamp":1613059714,"path_taken":["M","M","?","$","?","E","M","E","T","E","?","$","R","E","R","BOSS","M","?","?","$","M","R","M","E","T","E","M","?","R","$","R","BOSS","M","$","M","M","?","R","E","M","T","M","M","M","$","E","R","BOSS","R","$","E","BOSS"],"items_purchased_type":["Card","Card","Relic","Relic","Relic","Card","Potion","Potion","Potion","Potion","Relic","Relic","Relic","Relic","Relic","Potion","Relic","Relic","Relic","Relic","Potion","Relic","Relic","Relic","Potion","Potion","Potion","Relic","Relic","Card","Relic","Relic","Relic","Relic"],"build_version":"2020-12-22","purchased_purges":6,"victory":true,"max_hp_per_floor":[70,70,70,70,70,70,70,70,70,70,70,70,70,72,72,72,72,74,76,38,54,56,56,58,60,60,62,62,62,62,62,62,62,62,62,62,64,64,64,64,66,66,66,68,70,72,72,74,74,74,74,74,74,76,76],"relic_stats":{"Singing Bowl":34,"counters":[29,118],"Dead Branch":[145],"Snake Skull":[112],"Bag of Preparation":[36],"Boot":[134],"Question Card":10,"Mercury Hourglass":[229],"Blood Vial":18,"OrangePellets":[7],"Centennial Puzzle":[48],"Busted Crown":44,"Ornamental Fan":[140],"MealTicket":37,"Art of War":[1],"obtain_stats":[{"TwistedFunnel":53,"Lantern":47,"Singing Bowl":12,"Snake Skull":27,"Bag of Preparation":4,"Boot":4,"Ancient Tea Set":14,"Sling":31,"ClockworkSouvenir":36,"Blood Vial":12,"Centennial Puzzle":6,"Ninja Scroll":41,"DollysMirror":47,"Toolbox":4,"MealTicket":8,"Fusion Hammer":34,"Toxic Egg 2":31,"Ring of the Snake":0,"Pear":21,"NeowsBlessing":0,"Dead Branch":36,"Oddly Smooth Stone":48,"Omamori":26,"Question Card":31,"White Beast Statue":10,"Akabeko":43,"Mercury Hourglass":21,"OrangePellets":12,"Anchor":36,"Bottled Flame":53,"Busted Crown":17,"Ornamental Fan":25,"Orrery":21,"Art of War":53,"Bag of Marbles":54,"Toy Ornithopter":47},{"TwistedFunnel":27,"Lantern":25,"Singing Bowl":7,"Snake Skull":15,"Bag of Preparation":2,"Boot":2,"Ancient Tea Set":8,"Sling":16,"ClockworkSouvenir":18,"Blood Vial":7,"Centennial Puzzle":4,"Ninja Scroll":21,"DollysMirror":25,"Toolbox":2,"MealTicket":6,"Fusion Hammer":17,"Toxic Egg 2":16,"Ring of the Snake":0,"Pear":11,"NeowsBlessing":0,"Dead Branch":18,"Oddly Smooth Stone":26,"Omamori":14,"Question Card":16,"White Beast Statue":7,"Akabeko":22,"Mercury Hourglass":11,"OrangePellets":7,"Anchor":18,"Bottled Flame":27,"Busted Crown":9,"Ornamental Fan":14,"Orrery":11,"Art of War":27,"Bag of Marbles":28,"Toy Ornithopter":25},{"TwistedFunnel":109,"Lantern":101,"Singing Bowl":21,"Snake Skull":60,"Bag of Preparation":2,"Boot":2,"Ancient Tea Set":26,"Sling":62,"ClockworkSouvenir":72,"Blood Vial":21,"Centennial Puzzle":9,"Ninja Scroll":85,"DollysMirror":101,"Toolbox":2,"MealTicket":17,"Fusion Hammer":72,"Toxic Egg 2":62,"Ring of the Snake":0,"Pear":40,"NeowsBlessing":0,"Dead Branch":72,"Oddly Smooth Stone":104,"Omamori":54,"Question Card":62,"White Beast Statue":21,"Akabeko":92,"Mercury Hourglass":40,"OrangePellets":21,"Anchor":72,"Bottled Flame":109,"Busted Crown":33,"Ornamental Fan":54,"Orrery":40,"Art of War":109,"Bag of Marbles":113,"Toy Ornithopter":101}],"Toy Ornithopter":5,"Ring of the Snake":[48]},"card_choices":[{"not_picked":["Quick Slash","Outmaneuver","Catalyst"],"picked":"SKIP","floor":1},{"not_picked":["Deflect","Well Laid Plans"],"picked":"PiercingWail","floor":2},{"not_picked":["Concentrate","Well Laid Plans","Storm of Steel"],"picked":"SKIP","floor":5},{"not_picked":["Dodge and Roll","Cloak And Dagger"],"picked":"Poisoned Stab","floor":6},{"not_picked":["Quick Slash","Deadly Poison","Acrobatics"],"picked":"SKIP","floor":7},{"not_picked":["Blade Dance","Sucker Punch"],"picked":"Dagger Spray","floor":8},{"not_picked":["Reflex","Blade Dance"],"picked":"Venomology","floor":10},{"not_picked":["Sucker Punch","Deflect","Poisoned Stab"],"picked":"Singing Bowl","floor":14},{"not_picked":["Bullet Time","Wraith Form v2"],"picked":"Corpse Explosion","floor":16},{"not_picked":["Dodge and Roll"],"picked":"Singing Bowl","floor":18},{"not_picked":["Masterful Stab+1"],"picked":"Singing Bowl","floor":19},{"not_picked":["Setup"],"picked":"Singing Bowl","floor":21},{"not_picked":[],"picked":"Skewer+1","floor":21},{"not_picked":["Distraction"],"picked":"Singing Bowl","floor":21},{"not_picked":[],"picked":"PiercingWail+1","floor":21},{"not_picked":["Deadly Poison"],"picked":"Singing Bowl","floor":21},{"not_picked":["Underhanded Strike"],"picked":"Singing Bowl","floor":22},{"not_picked":["Setup"],"picked":"Singing Bowl","floor":24},{"not_picked":["Quick Slash"],"picked":"Singing Bowl","floor":25},{"not_picked":["Accuracy"],"picked":"Singing Bowl","floor":27},{"not_picked":[],"picked":"Dagger Spray+1","floor":28},{"not_picked":["Storm of Steel+1"],"picked":"Bullet Time+1","floor":33},{"not_picked":["Acrobatics+1","Sucker Punch+1"],"picked":"Singing Bowl","floor":37},{"not_picked":["Tactician+1"],"picked":"Riddle With Holes+1","floor":38},{"not_picked":["Bane","Cloak And Dagger+1"],"picked":"Singing Bowl","floor":41},{"not_picked":["Backflip+1"],"picked":"Catalyst+1","floor":42},{"not_picked":["Poisoned Stab+1","Crippling Poison+1"],"picked":"Singing Bowl","floor":44},{"not_picked":["Deadly Poison+1","All Out Attack+1"],"picked":"Singing Bowl","floor":45},{"not_picked":["Outmaneuver+1","Reflex+1"],"picked":"Singing Bowl","floor":46},{"not_picked":["Cloak And Dagger+1","Concentrate+1"],"picked":"Singing Bowl","floor":48},{"not_picked":["Dodge and Roll+1","Noxious Fumes"],"picked":"Singing Bowl","floor":54}],"player_experience":199352,"relics_obtained":[{"floor":6,"key":"Centennial Puzzle"},{"floor":8,"key":"MealTicket"},{"floor":10,"key":"White Beast Statue"},{"floor":14,"key":"Ancient Tea Set"},{"floor":25,"key":"Ornamental Fan"},{"floor":26,"key":"Omamori"},{"floor":27,"key":"Snake Skull"},{"floor":41,"key":"Ninja Scroll"},{"floor":43,"key":"Akabeko"},{"floor":48,"key":"Oddly Smooth Stone"},{"floor":54,"key":"Bag of Marbles"}],"event_choices":[{"damage_healed":0,"gold_gain":0,"player_choice":"Bought 0 Potions","damage_taken":0,"max_hp_gain":0,"max_hp_loss":0,"event_name":"The Woman in Blue","floor":3,"gold_loss":0},{"damage_healed":0,"gold_gain":0,"player_choice":"2 cards matched","damage_taken":0,"max_hp_gain":0,"max_hp_loss":0,"event_name":"Match and Keep!","floor":11,"gold_loss":0,"cards_obtained":["Bouncing Flask","Malaise"]},{"damage_healed":0,"gold_gain":0,"player_choice":"Became a Ghost","damage_taken":0,"max_hp_gain":0,"max_hp_loss":38,"event_name":"Ghosts","floor":20,"gold_loss":0,"cards_obtained":["Ghostly","Ghostly","Ghostly","Ghostly","Ghostly"]},{"damage_healed":0,"gold_gain":0,"player_choice":"Smashed Altar","damage_taken":0,"max_hp_gain":0,"max_hp_loss":0,"event_name":"Forgotten Altar","floor":29,"gold_loss":0,"cards_obtained":["Decay"]},{"damage_healed":0,"gold_gain":0,"player_choice":"Embrace Madness","damage_taken":8,"max_hp_gain":0,"max_hp_loss":0,"event_name":"Winding Halls","floor":39,"gold_loss":0,"cards_obtained":["Madness","Madness"]}],"is_beta":false,"boss_relics":[{"not_picked":["Astrolabe","Calling Bell"],"picked":"Busted Crown"},{"not_picked":["Coffee Dripper","Sozu"],"picked":"Fusion Hammer"}],"items_purged_floors":[12,21,31,36,47,53],"is_endless":false,"potions_floor_spawned":[2,6,7,14,16,18,19,22,24,25,27,28,33,35,37,38,41,42,44,45,46,48,54],"ascension_level":8}}