{"host":"hx5bui4di82vxq8x","time":1613004127,"event":{"mods":["Act Like it!","Arknights","BaseMod","Colored Powertips","Dota2Spire","Friendly Minions","Minty Spire (QoL Compilation)","Quick Restart","Replay The Spire","Spicy Shops","StSLib"],"gold_per_floor":[114,230,230,240,200,200,219,246,246,263,273,603,623,643,643,748,748,768,786,806,28,28,28,56,69,69,96,113,129,129,60,60,155,155,171,171,182,197,47,73,0,30,54,72,92,92,21,40,40,40],"floor_reached":51,"language":"ZHS","playtime":3749,"items_purged":["Delirium","ats:Strike S","ats:Defend","Injury"],"score":738,"play_id":"c918d991-57bb-4591-9f9b-a2ab3b06e8ec","local_time":"20210211084207","is_ascension_mode":false,"campfire_choices":[{"data":"ats:Sashimi Platter","floor":6.0,"key":"SMITH"},{"data":"ats:Composite Medical Shells","floor":15.0,"key":"SMITH"},{"data":"ats:Calcification","floor":23,"key":"SMITH"},{"data":"ats:Emotion Absorption","floor":30,"key":"SMITH"},{"data":"ats:Flame Of Heaven","floor":32,"key":"PURGE"},{"data":"ats:Shadow Assault","floor":46,"key":"SMITH"},{"data":"ats:Sashimi Platter","floor":49,"key":"SMITH"}],"circlet_count":0,"master_deck":["ats:Strike G","ats:Defend","ats:Defend","ats:Defend","ats:Emotion Absorption+1","ats:Flexible Camouflage","ats:Directed Diagnosis","ats:Hammer On","ats:Sashimi Platter+1","ats:Composite Medical Shells+1","ats:Shell Defense+1","ats:Guard Mode+1","ats:Soul Rend+1","ats:Absolute Focus","ats:Echo Reverb+1","ats:Blood Oath+1","ats:Apocalypse","ats:Calcification+1","ats:Revitalization","ats:Shadow Assault+1","ats:Phantom+1","ats:Sashimi Platter+1","CommonCold","ats:Collapsing Strike","ats:Healing Strengthening+1","ats:Part Time Job+1","Parasite","ats:Magnetic Hammer+1"],"relics":["ats:Sanity","ReplayTheSpireMod:CursedCoin","ats:Originium","Quantum Egg","Replay:Mystery Machine","Old Coin","Runic Pyramid","Guide Book","War Paint","ReplayTheSpireMod:Lightbulb","Replay:Bottled Steam","ats:Hidden Killer","Kintsugi","ats:Berate","Red Mask","CaptainsWheel","Dream Catcher","ats:Assault"],"acts_visited":["Exordium","TheCity","TheBeyond"],"potions_floor_usage":[24,38,50,50,50],"damage_taken":[{"damage":6.0,"enemies":"Jaw Worm","floor":1.0,"turns":3.0},{"damage":0.0,"enemies":"Small Slimes","floor":4.0,"turns":3.0},{"damage":0.0,"enemies":"2 Louse","floor":7.0,"turns":2.0},{"damage":25.0,"enemies":"3 Sentries","floor":8.0,"turns":7.0},{"damage":6.0,"enemies":"Gremlin Gang","floor":10.0,"turns":3.0},{"damage":7.0,"enemies":"3 Louse","floor":11.0,"turns":2.0},{"damage":31.0,"enemies":"Lagavulin","floor":12.0,"turns":5.0},{"damage":11.0,"enemies":"Exordium Wildlife","floor":13.0,"turns":3.0},{"damage":12.0,"enemies":"Blue Slaver","floor":14.0,"turns":3.0},{"damage":68.0,"enemies":"Hexaghost","floor":16.0,"turns":13.0},{"damage":32.0,"enemies":"2 Thieves","floor":18.0,"turns":4.0},{"damage":25.0,"enemies":"Spheric Guardian","floor":19.0,"turns":5.0},{"damage":42.0,"enemies":"Snake Plant","floor":20.0,"turns":6.0},{"damage":53,"enemies":"Slavers","floor":24,"turns":7},{"damage":30,"enemies":"Centurion and Healer","floor":25,"turns":8},{"damage":26,"enemies":"Replay:Snechameleon","floor":27,"turns":7},{"damage":10,"enemies":"Cultist and Chosen","floor":28,"turns":6},{"damage":46,"enemies":"Snecko","floor":29,"turns":7},{"damage":58,"enemies":"Champ","floor":33,"turns":14},{"damage":25,"enemies":"Orb Walker","floor":35,"turns":5},{"damage":13,"enemies":"3 Shapes","floor":37,"turns":6},{"damage":56,"enemies":"Transient","floor":38,"turns":5},{"damage":54,"enemies":"Nemesis","floor":40,"turns":7},{"damage":77,"enemies":"Giant Head","floor":42,"turns":9},{"damage":64,"enemies":"Writhing Mass","floor":44,"turns":6},{"damage":32,"enemies":"Spire Growth","floor":45,"turns":6},{"damage":30,"enemies":"Transient","floor":48,"turns":5},{"damage":128,"enemies":"Time Eater","floor":50,"turns":9}],"seed_played":"-6810367963832088036","potions_obtained":[{"floor":0.0,"key":"Explosive Potion"},{"floor":0.0,"key":"DuplicationPotion"},{"floor":0.0,"key":"Adrenaline Potion"},{"floor":1.0,"key":"Block Potion"},{"floor":12.0,"key":"Energy Potion"},{"floor":16.0,"key":"SkillPotion"},{"floor":18.0,"key":"SmokeBomb"},{"floor":25,"key":"ats:Emergency Sanity Potion"},{"floor":28,"key":"ats:Top Emergency Sanity Potion"},{"floor":40,"key":"Dota2Spire:Clarity"},{"floor":42,"key":"Adrenaline Potion"},{"floor":48,"key":"ats:Emergency Sanity Potion"}],"is_trial":false,"path_per_floor":["M","?","?","M","$","R","M","E","T","M","M","E","M","M","R","B",null,"M","M","M","$","?","R","E","M","T","E","M","M","R","$","R","B",null,"M","?","M","M","$","E","?","E","T","M","M","R","$","M","R","B",null],"character_chosen":"DOCTOR_CLASS","items_purchased":["ReplayTheSpireMod:CursedCoin","ats:Hammer On","ats:Sashimi Platter","Guide Book","War Paint","ats:Calcification","ats:Sashimi Platter","ats:Assault"],"campfire_rested":0,"item_purchase_floors":[5,5,5,21,21,21,31,47],"current_hp_per_floor":[66,66,66,71,71,71,72,70,70,72,72,66,60,56,56,37,72,59,52,41,41,41,41,24,56,56,63,72,55,55,55,55,65,72,72,68,68,46,46,59,59,55,55,45,68,68,68,68,68,49],"gold":40,"neow_bonus":"THREE_SMALL_POTIONS","is_daily":false,"chose_seed":false,"campfire_upgraded":6,"win_rate":0.0,"timestamp":1613004127,"path_taken":["M","?","?","M","$","R","?","E","T","M","M","E","M","M","R","BOSS","M","M","M","$","?","R","E","M","T","E","M","M","R","$","R","BOSS","M","?","M","M","$","E","?","E","T","M","M","R","$","M","R","BOSS"],"items_purchased_type":["Relic","Card","Card","Relic","Relic","Card","Card","Relic"],"build_version":"2020-12-22","purchased_purges":4,"victory":true,"max_hp_per_floor":[72,72,72,72,72,72,72,72,72,72,72,72,72,72,72,72,72,72,72,72,72,72,72,72,72,72,72,72,72,72,72,72,72,72,72,68,68,68,68,68,68,68,68,68,68,68,68,68,68,68],"card_choices":[{"not_picked":["ats:Explosion Area Strengthen","ats:Mental Burst"],"picked":"ats:Burning Ground","floor":1.0},{"not_picked":["ats:Rat Pack","ats:Leaping Hammer"],"picked":"ats:Flexible Camouflage","floor":2.0},{"not_picked":["ats:Magnetic Hammer","ats:Absolute Focus"],"picked":"ats:Directed Diagnosis","floor":2.0},{"not_picked":["ats:Song Of Battle","ats:Apocalypse"],"picked":"ats:Blood Oath","floor":4.0},{"not_picked":["ats:Curse Doll","ats:Automatic Cover"],"picked":"ats:Ignite","floor":7.0},{"not_picked":["ats:Healing Strengthening","ats:Roar Of Ursus"],"picked":"ats:Composite Medical Shells","floor":8.0},{"not_picked":["ats:Cat Scratch","ats:Blood Oath"],"picked":"ats:Shell Defense","floor":10.0},{"not_picked":["ats:Serious Mode","ats:Support Order"],"picked":"ats:Guard Mode","floor":11.0},{"not_picked":["ats:Absolute Focus","ats:Flexible Camouflage"],"picked":"ats:Soul Rend","floor":12.0},{"not_picked":["ats:Poison Spread","ats:Powerful Strike"],"picked":"ats:Absolute Focus","floor":13.0},{"not_picked":["ats:Encircling Forest","ats:Explosion Area Strengthen"],"picked":"ats:Closed Bolt Burst Fire","floor":14.0},{"not_picked":["ats:Nebulous Foxfire","ats:Soul Rend"],"picked":"ats:Echo Reverb","floor":16.0},{"not_picked":["ats:Spore Proliferation+1","ats:Steam Pump"],"picked":"ats:Blood Oath+1","floor":18.0},{"not_picked":["ats:Red Shift","ats:Sword Rain"],"picked":"ats:Apocalypse","floor":19.0},{"not_picked":["ats:Absolute Focus+1","ats:Poison Spread","ats:Apocalypse"],"picked":"SKIP","floor":20.0},{"not_picked":["ats:Shell Defense","ats:Hammer On"],"picked":"ats:Revitalization","floor":24},{"not_picked":["ats:Directed Diagnosis","ats:Curse Doll","ats:Phantom"],"picked":"SKIP","floor":25},{"not_picked":["ats:Flexible Camouflage","ats:Curse Doll"],"picked":"ats:Shadow Assault","floor":27},{"not_picked":["ats:Curse Doll+1","ats:Powerful Strike"],"picked":"ats:Phantom+1","floor":28},{"not_picked":["ats:Support Order","ats:Blood Oath","ats:Guardian Obelisk+1"],"picked":"SKIP","floor":29},{"not_picked":["ats:Powerful Strike","ats:Poison Spread+1","ats:Curse Doll"],"picked":"SKIP","floor":35},{"not_picked":["ats:Consecutive Shot Auto","ats:Apocalypse+1","ats:Very Hot Blade+1"],"picked":"SKIP","floor":37},{"not_picked":["ats:Blood Oath+1","ats:Sword Rain+1"],"picked":"ats:Collapsing Strike","floor":38},{"not_picked":["ats:Disruption Kick","ats:Leaping Hammer+1"],"picked":"ats:Healing Strengthening+1","floor":40},{"not_picked":["ats:Magnetic Hammer","ats:Durian"],"picked":"ats:Part Time Job+1","floor":42},{"not_picked":["ats:Poison Spread","ats:Ignite+1"],"picked":"ats:Magnetic Hammer+1","floor":44},{"not_picked":["ats:Absolute Focus+1","ats:Serious Mode+1","ats:Explosion Area Strengthen"],"picked":"SKIP","floor":45},{"not_picked":["ats:Poison Spread+1","ats:True Silver Slash","ats:Rapid Magazine+1"],"picked":"SKIP","floor":48}],"player_experience":426597,"relics_obtained":[{"floor":8.0,"key":"ats:Originium"},{"floor":8.0,"key":"Quantum Egg"},{"floor":9.0,"key":"Replay:Mystery Machine"},{"floor":12.0,"key":"ats:Originium"},{"floor":12.0,"key":"Old Coin"},{"floor":24,"key":"ats:Originium"},{"floor":24,"key":"ReplayTheSpireMod:Lightbulb"},{"floor":26,"key":"Replay:Bottled Steam"},{"floor":27,"key":"ats:Originium"},{"floor":27,"key":"ats:Hidden Killer"},{"floor":40,"key":"ats:Berate"},{"floor":42,"key":"CaptainsWheel"},{"floor":43,"key":"Dream Catcher"}],"event_choices":[{"cards_removed":["ats:Strike V"],"damage_healed":0.0,"max_hp_gain":0.0,"max_hp_loss":0.0,"gold_gain":0.0,"event_name":"Purifier","player_choice":"Purged","floor":3.0,"gold_loss":0.0,"damage_taken":0.0},{"damage_healed":0,"gold_gain":0,"cards_transformed":["ats:Armor Crushing Shot","ats:Blood Oath"],"player_choice":"Became Test Subject","damage_taken":0,"max_hp_gain":0,"max_hp_loss":0,"event_name":"Drug Dealer","floor":22,"gold_loss":0,"cards_obtained":["ats:Flame Of Heaven","ats:Volcano"]},{"damage_healed":0,"gold_gain":0,"player_choice":"Max HP","damage_taken":0,"max_hp_gain":0,"max_hp_loss":4,"event_name":"Winding Halls","floor":36,"gold_loss":0},{"damage_healed":0,"gold_gain":0,"player_choice":"Paid","damage_taken":0,"relics_obtained":["Red Mask"],"max_hp_gain":0,"max_hp_loss":0,"event_name":"Tomb of Lord Red Mask","floor":41,"gold_loss":73}],"is_beta":false,"boss_relics":[{"not_picked":["Painkiller Herb","Busted Crown"],"picked":"Runic Pyramid"},{"not_picked":["SlaversCollar","Tiny House"],"picked":"Kintsugi"}],"items_purged_floors":[5,21,21,39],"is_endless":false,"potions_floor_spawned":[1,7,11,12,16,18,20,25,28,35,37,40,42,48],"ascension_level":0}}