{"host":"syozzdlzcqop4jia","time":1613085773,"event":{"mods":["AchievementEnabler","BaseMod","Colored Map","Colored Powertips","Minty Spire (QoL Compilation)","Quick Restart"],"gold_per_floor":[112,187,197,197,147,181,181,194,194,194,194,205,225,238,238,334,334,344,10,10,28,39,39,39,39,39,139,153,153,170,185,185,284,284,299,318,70,89,89,89,12,12,85,96,96,113,113,141,141,141,141,141,29,29,29],"floor_reached":54,"language":"ENG","playtime":3454,"items_purged":[],"score":694,"play_id":"83c81d02-020d-4da1-83e6-da36f0751526","local_time":"20210212002253","is_ascension_mode":false,"campfire_choices":[{"floor":7,"key":"RECALL"},{"floor":10,"key":"REST"},{"floor":15,"key":"REST"},{"floor":23,"key":"REST"},{"floor":29,"key":"REST"},{"data":"Chaos","floor":32,"key":"SMITH"},{"data":"Self Repair","floor":40,"key":"SMITH"},{"data":"Biased Cognition","floor":42,"key":"SMITH"},{"floor":45,"key":"REST"},{"data":"Electrodynamics","floor":49,"key":"SMITH"},{"data":"Self Repair","floor":52,"key":"SMITH"}],"circlet_count":0,"master_deck":["Defend_B+1","Defend_B+1","Zap+1","Dualcast","Self Repair+1","Compile Driver","Ball Lightning","White Noise","Sunder","Ball Lightning","Chaos+1","Echo Form","Rebound","Doom and Gloom","Darkness","Biased Cognition+1","Bite","Bite","Bite","Bite","Bite","BootSequence","Tempest","BootSequence","Electrodynamics+1","Cold Snap+1","Self Repair+1","Defragment","Redo","Compile Driver+1","Good Instincts","Melter","All For One+1","Loop","Sunder+1","Chill"],"relics":["Cracked Core","InkBottle","Nuclear Battery","Bottled Tornado","Nilry\u0027s Codex","FossilizedHelix","Ginger","Mercury Hourglass","SlaversCollar","Anchor","Molten Egg 2","Blue Candle"],"acts_visited":["Exordium","TheCity","TheBeyond","TheEnding"],"potions_floor_usage":[16,50],"damage_taken":[{"damage":1,"enemies":"Jaw Worm","floor":1,"turns":4},{"damage":5,"enemies":"2 Louse","floor":3,"turns":2},{"damage":61,"enemies":"3 Sentries","floor":6,"turns":11},{"damage":12,"enemies":"Small Slimes","floor":8,"turns":3},{"damage":9,"enemies":"3 Louse","floor":12,"turns":3},{"damage":7,"enemies":"Blue Slaver","floor":13,"turns":2},{"damage":0,"enemies":"Large Slime","floor":14,"turns":3},{"damage":14,"enemies":"Slime Boss","floor":16,"turns":7},{"damage":30,"enemies":"Shell Parasite","floor":18,"turns":4},{"damage":24,"enemies":"2 Thieves","floor":21,"turns":3},{"damage":30,"enemies":"Snake Plant","floor":22,"turns":4},{"damage":13,"enemies":"Colosseum Slavers","floor":27,"turns":4},{"damage":6,"enemies":"Colosseum Nobs","floor":27,"turns":3},{"damage":12,"enemies":"3 Cultists","floor":28,"turns":4},{"damage":0,"enemies":"Cultist and Chosen","floor":30,"turns":4},{"damage":8,"enemies":"Centurion and Healer","floor":31,"turns":5},{"damage":51,"enemies":"Automaton","floor":33,"turns":7},{"damage":0,"enemies":"3 Darklings","floor":35,"turns":2},{"damage":0,"enemies":"3 Shapes","floor":36,"turns":3},{"damage":0,"enemies":"Transient","floor":38,"turns":5},{"damage":41,"enemies":"Jaw Worm Horde","floor":44,"turns":5},{"damage":23,"enemies":"Maw","floor":46,"turns":7},{"damage":45,"enemies":"Giant Head","floor":48,"turns":8},{"damage":58,"enemies":"Donu and Deca","floor":50,"turns":6},{"damage":70,"enemies":"Shield and Spear","floor":54,"turns":5}],"seed_played":"1923009307736122217","potions_obtained":[{"floor":6,"key":"FocusPotion"},{"floor":13,"key":"GamblersBrew"},{"floor":16,"key":"SneckoOil"},{"floor":21,"key":"SpeedPotion"},{"floor":30,"key":"DistilledChaos"},{"floor":48,"key":"FairyPotion"}],"is_trial":false,"path_per_floor":["M","?","M","?","?","E","R","M","T","R","?","M","M","M","R","B",null,"M","$","?","M","M","R","?","?","T","?","M","R","M","M","R","B",null,"M","M","$","M","?","R","$","R","T","M","R","M","?","E","R","B",null,"R","$","E"],"character_chosen":"DEFECT","items_purchased":["Bottled Tornado","Doom and Gloom","Defragment","Anchor","Redo","Melter","Sunder+1","Chill"],"campfire_rested":5,"item_purchase_floors":[19,19,37,37,37,41,53,53],"current_hp_per_floor":[74,63,65,70,70,16,16,11,11,35,35,33,26,33,57,50,80,64,64,64,40,24,48,48,32,32,35,43,56,56,56,56,19,56,56,56,56,56,56,56,56,56,56,49,56,56,56,40,40,30,56,56,56,0,0],"gold":29,"neow_bonus":"UPGRADE_CARD","is_daily":false,"chose_seed":false,"campfire_upgraded":5,"win_rate":0.0,"timestamp":1613085773,"path_taken":["M","?","M","?","?","E","R","M","T","R","?","M","M","M","R","BOSS","M","$","?","M","M","R","?","?","T","?","?","R","M","M","R","BOSS","M","M","$","M","?","R","$","R","T","M","R","M","?","E","R","BOSS","R","$","E"],"items_purchased_type":["Relic","Card","Card","Relic","Card","Card","Card","Card"],"build_version":"2020-12-22","purchased_purges":0,"victory":false,"max_hp_per_floor":[75,75,75,80,80,80,80,80,80,80,80,80,80,80,80,80,80,80,80,80,80,80,80,56,56,56,56,56,56,56,56,56,56,56,56,56,56,56,56,56,56,56,56,56,56,56,56,56,56,56,56,56,56,56,56],"card_choices":[{"not_picked":["Leap","Sweeping Beam"],"picked":"Self Repair","floor":1},{"not_picked":["Barrage","Gash"],"picked":"Compile Driver","floor":3},{"not_picked":["Stack","BootSequence"],"picked":"Ball Lightning","floor":6},{"not_picked":["Auto Shields","Darkness"],"picked":"White Noise","floor":8},{"not_picked":["Beam Cell","Coolheaded"],"picked":"Sunder","floor":12},{"not_picked":["Rebound","Coolheaded"],"picked":"Ball Lightning","floor":13},{"not_picked":["Redo","Tempest"],"picked":"Chaos","floor":14},{"not_picked":["Core Surge","Creative AI"],"picked":"Echo Form","floor":16},{"not_picked":["Beam Cell","Streamline"],"picked":"Rebound","floor":18},{"not_picked":["Compile Driver+1","Leap"],"picked":"Darkness","floor":21},{"not_picked":["Conserve Battery","Beam Cell"],"picked":"Biased Cognition","floor":22},{"not_picked":["Streamline","Stack+1"],"picked":"BootSequence","floor":27},{"not_picked":["Skim","Beam Cell","Go for the Eyes"],"picked":"SKIP","floor":28},{"not_picked":["Genetic Algorithm","Steam"],"picked":"Tempest","floor":30},{"not_picked":["Beam Cell+1","Auto Shields"],"picked":"BootSequence","floor":31},{"not_picked":["Biased Cognition","Seek"],"picked":"Electrodynamics","floor":33},{"not_picked":["Barrage","Streamline+1"],"picked":"Cold Snap+1","floor":35},{"not_picked":["Redo+1","Loop+1"],"picked":"Self Repair","floor":36},{"not_picked":["Go for the Eyes+1","Gash"],"picked":"Compile Driver+1","floor":38},{"not_picked":["Purity","Impatience"],"picked":"Good Instincts","floor":39},{"not_picked":["Steam","Barrage+1"],"picked":"All For One+1","floor":44},{"not_picked":["Static Discharge","Consume"],"picked":"Loop","floor":46},{"not_picked":["Compile Driver+1","Go for the Eyes+1","Hologram+1"],"picked":"SKIP","floor":48}],"player_experience":690454,"relics_obtained":[{"floor":6,"key":"InkBottle"},{"floor":25,"key":"Nilry\u0027s Codex"},{"floor":26,"key":"FossilizedHelix"},{"floor":27,"key":"Ginger"},{"floor":27,"key":"Mercury Hourglass"},{"floor":43,"key":"Molten Egg 2"},{"floor":48,"key":"Blue Candle"}],"event_choices":[{"damage_healed":0,"gold_gain":75,"player_choice":"Gather Gold","damage_taken":11,"max_hp_gain":0,"max_hp_loss":0,"event_name":"World of Goop","floor":2,"gold_loss":0},{"damage_healed":0,"gold_gain":0,"player_choice":"Donut","damage_taken":0,"max_hp_gain":5,"max_hp_loss":0,"event_name":"Big Fish","floor":4,"gold_loss":0},{"cards_removed":["Defend_B"],"damage_healed":0,"gold_gain":0,"player_choice":"Card Removal","damage_taken":0,"max_hp_gain":0,"max_hp_loss":0,"event_name":"The Cleric","floor":5,"gold_loss":50},{"damage_healed":0,"gold_gain":0,"player_choice":"Ignored","damage_taken":0,"max_hp_gain":0,"max_hp_loss":0,"event_name":"Golden Idol","floor":11,"gold_loss":0},{"damage_healed":0,"gold_gain":0,"player_choice":"Simplicity","damage_taken":0,"max_hp_gain":0,"max_hp_loss":0,"event_name":"Back to Basics","floor":20,"gold_loss":0,"cards_upgraded":["Strike_B","Strike_B","Strike_B","Strike_B","Defend_B","Defend_B","Defend_B"]},{"damage_healed":0,"gold_gain":0,"player_choice":"Became a vampire","damage_taken":0,"max_hp_gain":0,"max_hp_loss":24,"event_name":"Vampires","floor":24,"gold_loss":0,"cards_obtained":["Bite","Bite","Bite","Bite","Bite"]},{"damage_healed":0,"gold_gain":0,"player_choice":"Obtained Book","damage_taken":16,"max_hp_gain":0,"max_hp_loss":0,"event_name":"Cursed Tome","floor":25,"gold_loss":0},{"damage_healed":0,"gold_gain":0,"player_choice":"Fight","damage_taken":0,"max_hp_gain":0,"max_hp_loss":0,"event_name":"Colosseum","floor":27,"gold_loss":0},{"damage_healed":0,"gold_gain":0,"player_choice":"Fought Nobs","damage_taken":0,"max_hp_gain":0,"max_hp_loss":0,"event_name":"Colosseum","floor":27,"gold_loss":0},{"damage_healed":0,"gold_gain":0,"player_choice":"Memory 1","damage_taken":0,"max_hp_gain":0,"max_hp_loss":0,"event_name":"SensoryStone","floor":39,"gold_loss":0},{"cards_removed":["Defend_B"],"damage_healed":0,"gold_gain":0,"player_choice":"Offered Basic","damage_taken":0,"max_hp_gain":0,"max_hp_loss":0,"event_name":"Bonfire Elementals","floor":47,"gold_loss":0}],"is_beta":false,"boss_relics":[{"not_picked":["Cursed Key","Velvet Choker"],"picked":"Nuclear Battery"},{"not_picked":["Astrolabe","Runic Pyramid"],"picked":"SlaversCollar"}],"items_purged_floors":[],"is_endless":false,"potions_floor_spawned":[6,13,16,21,27,27,30,38,44,48],"killed_by":"Shield and Spear","ascension_level":0}}