{"host":"FirstDane","time":1613017644,"event":{"mods":["BaseMod","Bestiary","Highlight Path","Minty Spire (QoL Compilation)","Relic Stats","Slay the Relics Exporter","StSLib"],"gold_per_floor":[17,17,33,47,47,47,70,105,105,105,118,118,154,167,167,262,262,278,15,15,39,39,39],"floor_reached":22,"language":"ENG","playtime":2431,"items_purged":[],"score":392,"play_id":"0d1cce93-cae8-4de9-b109-1e714d9278af","local_time":"20210210222724","is_ascension_mode":true,"campfire_choices":[{"data":"Predator","floor":6,"key":"SMITH"},{"data":"Terror","floor":10,"key":"SMITH"},{"data":"Well Laid Plans","floor":15,"key":"SMITH"}],"circlet_count":0,"master_deck":["AscendersBane","Strike_G","Strike_G","Strike_G","Strike_G","Defend_G","Defend_G","Defend_G","Defend_G","Defend_G","Survivor","Neutralize","Secret Technique","Terror+1","Predator+1","Dagger Throw","Catalyst","Flying Knee","Well Laid Plans+1","Accuracy","Poisoned Stab","Bane+1","Ghostly","Ghostly","Ghostly","Prepared"],"relics":["Ring of the Snake","Golden Idol","Anchor","The Courier","Regal Pillow","The Specimen","Runic Pyramid","FossilizedHelix"],"acts_visited":["Exordium","TheCity"],"potions_floor_usage":[13,16,18,18],"damage_taken":[{"damage":3,"enemies":"Jaw Worm","floor":1,"turns":5},{"damage":0,"enemies":"2 Louse","floor":3,"turns":4},{"damage":0,"enemies":"Cultist","floor":4,"turns":3},{"damage":0,"enemies":"Red Slaver","floor":7,"turns":2},{"damage":8,"enemies":"Gremlin Nob","floor":8,"turns":3},{"damage":0,"enemies":"3 Louse","floor":11,"turns":4},{"damage":10,"enemies":"Lagavulin","floor":13,"turns":6},{"damage":0,"enemies":"Blue Slaver","floor":14,"turns":2},{"damage":12,"enemies":"Hexaghost","floor":16,"turns":9},{"damage":46,"enemies":"3 Byrds","floor":18,"turns":11},{"damage":2,"enemies":"Shell Parasite","floor":21,"turns":6},{"damage":40,"enemies":"Cultist and Chosen","floor":22,"turns":7}],"seed_played":"2004158642356088269","potions_obtained":[{"floor":3,"key":"PowerPotion"},{"floor":4,"key":"Ancient Potion"},{"floor":8,"key":"SteroidPotion"},{"floor":13,"key":"GamblersBrew"},{"floor":16,"key":"Dexterity Potion"}],"is_trial":false,"path_per_floor":["M","?","M","M","?","R","M","E","T","R","M","?","E","M","R","B",null,"M","$","?","M","M"],"character_chosen":"THE_SILENT","items_purchased":["FossilizedHelix"],"campfire_rested":0,"item_purchase_floors":[19],"current_hp_per_floor":[56,56,56,56,51,51,51,43,43,43,43,43,33,33,33,21,50,4,4,4,2,0,0],"gold":39,"neow_bonus":"RANDOM_COLORLESS_2","is_daily":false,"chose_seed":false,"campfire_upgraded":3,"win_rate":0.0,"timestamp":1613017644,"path_taken":["M","?","M","M","?","R","M","E","T","R","M","?","E","?","R","BOSS","M","$","?","M","M"],"items_purchased_type":["Relic"],"build_version":"2020-12-18","purchased_purges":0,"victory":false,"max_hp_per_floor":[66,60,60,60,60,60,60,60,60,60,60,60,60,60,60,60,60,60,60,30,30,30,30],"relic_stats":{"Regal Pillow":0,"counters":[12,62],"Golden Idol":58,"obtain_stats":[{"Anchor":5,"Regal Pillow":9,"The Specimen":13,"Golden Idol":2,"The Courier":8,"FossilizedHelix":19,"Ring of the Snake":0,"Runic Pyramid":17},{"Anchor":3,"Regal Pillow":5,"The Specimen":7,"Golden Idol":1,"The Courier":5,"FossilizedHelix":10,"Ring of the Snake":0,"Runic Pyramid":9},{"Anchor":12,"Regal Pillow":17,"The Specimen":27,"Golden Idol":5,"The Courier":17,"FossilizedHelix":49,"Ring of the Snake":0,"Runic Pyramid":38}],"Ring of the Snake":[24]},"card_choices":[{"not_picked":["Violence","Secret Weapon"],"picked":"Secret Technique","floor":0},{"not_picked":["Finisher","Acrobatics"],"picked":"Terror","floor":1},{"not_picked":["Poisoned Stab","Distraction"],"picked":"Predator","floor":3},{"not_picked":["Catalyst","Predator"],"picked":"Dagger Throw","floor":4},{"not_picked":["Riddle With Holes","Deadly Poison"],"picked":"Catalyst","floor":7},{"not_picked":["Quick Slash","A Thousand Cuts"],"picked":"Flying Knee","floor":8},{"not_picked":["Cloak And Dagger","Distraction"],"picked":"Well Laid Plans","floor":11},{"not_picked":["Backflip","Prepared"],"picked":"Poisoned Stab","floor":13},{"not_picked":["Dodge and Roll","Dagger Spray","Endless Agony"],"picked":"SKIP","floor":14},{"not_picked":["Cloak And Dagger","Sucker Punch"],"picked":"Bane+1","floor":18},{"not_picked":["Heel Hook","Riddle With Holes"],"picked":"Prepared","floor":21}],"player_experience":4097596,"relics_obtained":[{"floor":8,"key":"The Courier"},{"floor":9,"key":"Regal Pillow"},{"floor":13,"key":"The Specimen"}],"event_choices":[{"damage_healed":0,"gold_gain":0,"player_choice":"Lose Max HP","damage_taken":0,"relics_obtained":["Golden Idol"],"max_hp_gain":0,"max_hp_loss":6,"event_name":"Golden Idol","floor":2,"gold_loss":0},{"damage_healed":0,"gold_gain":0,"player_choice":"Success","damage_taken":5,"relics_obtained":["Anchor"],"max_hp_gain":0,"max_hp_loss":0,"event_name":"Scrap Ooze","floor":5,"gold_loss":0},{"damage_healed":0,"gold_gain":0,"cards_transformed":["Strike_G"],"player_choice":"Transformed","damage_taken":0,"max_hp_gain":0,"max_hp_loss":0,"event_name":"Transmorgrifier","floor":12,"gold_loss":0,"cards_obtained":["Accuracy"]},{"damage_healed":0,"gold_gain":0,"player_choice":"Became a Ghost","damage_taken":0,"max_hp_gain":0,"max_hp_loss":30,"event_name":"Ghosts","floor":20,"gold_loss":0,"cards_obtained":["Ghostly","Ghostly","Ghostly"]}],"is_beta":true,"boss_relics":[{"not_picked":["SacredBark","Ring of the Serpent"],"picked":"Runic Pyramid"}],"items_purged_floors":[],"is_endless":false,"potions_floor_spawned":[3,4,8,13,16],"killed_by":"Cultist and Chosen","ascension_level":20}}