{"host":"htqwg582tjjtn9p7","time":1613075703,"event":{"mods":["2.2 Compatiblity","AchievementEnabler","Act Like it!","Aspiration","BaseMod","Better Third Choice","Colored Map","Conspire","Curses Come First","Displayed Cursed Tome","Energized Spire","Force Act Four","Fox Events","GifTheSpireLib","Hermit","Highlight Path","JesterMod","Mad Scientist","Minty Spire (QoL Compilation)","Pale of the Ancients","Permanent Neow","Random Character Button","Relic Stats","Reliquary","Replay The Spire","Robot Space Explorer","Somnambulant","Spicy Shops","Spikes Relics","StSLib","Stuff the Spire","The Blue Laboratory","The Bug Knight","The Forsaken","The Gatherer","The Judge","The Jungle","The Marked","The Runesmith","The Servant 0.9.4","Uncapped"],"gold_per_floor":[117,44,44,57,75,110,110,138,215,215,316,316,87,97,97,194,271,281,291,308,328,48,48,48,48],"floor_reached":24,"language":"ENG","playtime":783,"items_purged":["Strike_P","Strike_P"],"score":357,"play_id":"cc9c0220-4683-420a-91bb-33d147bc182a","local_time":"20210211213503","is_ascension_mode":true,"campfire_choices":[{"data":"Alpha","floor":7,"key":"SMITH"},{"floor":10,"key":"REST"},{"data":"TalkToTheHand","floor":12,"key":"SMITH"},{"data":"ClearTheMind","floor":12,"key":"SMITH"},{"data":"Defend_P","floor":15,"key":"SMITH"},{"data":"Defend_P","floor":15,"key":"SMITH"},{"floor":23,"key":"REST"}],"circlet_count":0,"master_deck":["Strike_P","Strike_P","Defend_P+1","Defend_P+1","Defend_P","Defend_P","Eruption","EmptyBody","ClearTheMind+1","Tantrum+1","TalkToTheHand+1","Alpha+1","Vault","Evaluate+1","Perseverance","Reforge"],"relics":["energizedSpire:BlackCloud","Replay:Wax Seal","foxEvents:LuckyCharm","Replay:Arrowhead","Strawberry","StuffTheSpire:BottledEssence","Replay:Grab Bag","Philosopher\u0027s Stone","CosmicIsotope","conspire:SpecialSausage"],"acts_visited":["Exordium","TheCity"],"potions_floor_usage":[6,8,21],"damage_taken":[{"damage":2,"enemies":"Jaw Worm","floor":1,"turns":3},{"damage":2,"enemies":"2 Louse","floor":4,"turns":2},{"damage":0,"enemies":"Cultist","floor":5,"turns":3},{"damage":0,"enemies":"3 Sentries","floor":6,"turns":4},{"damage":16,"enemies":"Colosseum Slavers","floor":8,"turns":4},{"damage":27,"enemies":"Exordium Thugs","floor":14,"turns":4},{"damage":12,"enemies":"The Guardian","floor":16,"turns":9},{"damage":0,"enemies":"Chosen","floor":18,"turns":4},{"damage":17,"enemies":"2 Thieves","floor":19,"turns":3},{"damage":10,"enemies":"Centurion and Healer","floor":20,"turns":6},{"damage":17,"enemies":"Snake Plant","floor":21,"turns":5},{"damage":50,"enemies":"Gremlin Leader","floor":24,"turns":5}],"seed_played":"-191349447419022507","potions_obtained":[{"floor":1,"key":"Adrenaline Potion"},{"floor":5,"key":"blueLaboratory:AlphaPotion"},{"floor":6,"key":"blueLaboratory:PolymorphPotion"},{"floor":14,"key":"Ancient Potion"}],"is_trial":false,"path_per_floor":["M","$","?","M","M","E","R","?","T","R","T","R","$","M","R","B",null,"M","M","M","M","$","R","E"],"character_chosen":"WATCHER","items_purchased":["ClearTheMind","StuffTheSpire:BottledEssence","Reforge"],"campfire_rested":2,"item_purchase_floors":[2,13,22],"current_hp_per_floor":[63,63,63,61,61,61,61,45,45,66,73,73,73,46,46,34,68,68,51,41,24,24,47,0,0],"gold":48,"neow_bonus":"BOSS_RELIC","is_daily":false,"chose_seed":false,"campfire_upgraded":5,"win_rate":0.0,"timestamp":1613075703,"path_taken":["M","$","?","M","M","E","R","?","T","R","?","R","$","?","R","BOSS","M","M","?","M","$","R","E"],"items_purchased_type":["Card","Relic","Card"],"build_version":"2020-12-22","purchased_purges":2,"victory":false,"max_hp_per_floor":[72,72,72,72,72,72,72,72,72,72,79,79,79,79,79,79,79,79,79,79,79,79,79,79,79],"relic_stats":{"counters":[12,52],"obtain_stats":[{"energizedSpire:BlackCloud":0,"Strawberry":11,"Replay:Grab Bag":17,"Philosopher\u0027s Stone":17,"conspire:SpecialSausage":17,"StuffTheSpire:BottledEssence":13,"foxEvents:LuckyCharm":8,"CosmicIsotope":17,"PureWater":0,"Replay:Wax Seal":6,"Replay:Arrowhead":9},{"energizedSpire:BlackCloud":0,"Strawberry":5,"Replay:Grab Bag":7,"Philosopher\u0027s Stone":7,"conspire:SpecialSausage":7,"StuffTheSpire:BottledEssence":5,"foxEvents:LuckyCharm":5,"CosmicIsotope":7,"PureWater":0,"Replay:Wax Seal":4,"Replay:Arrowhead":5},{"energizedSpire:BlackCloud":0,"Strawberry":16,"Replay:Grab Bag":29,"Philosopher\u0027s Stone":29,"conspire:SpecialSausage":29,"StuffTheSpire:BottledEssence":16,"foxEvents:LuckyCharm":16,"CosmicIsotope":29,"PureWater":0,"Replay:Wax Seal":12,"Replay:Arrowhead":16}]},"card_choices":[{"not_picked":["LikeWater","ForeignInfluence"],"picked":"EmptyBody","floor":1},{"not_picked":["Replay:Cycle","Crescendo"],"picked":"TalkToTheHand","floor":4},{"not_picked":["SashWhip","CrushJoints","Replay:Battleflow"],"picked":"SKIP","floor":5},{"not_picked":["WreathOfFlame","FollowUp"],"picked":"Alpha","floor":6},{"not_picked":["SashWhip","JustLucky","Tantrum"],"picked":"SKIP","floor":14},{"not_picked":["Judgement","Alpha"],"picked":"Vault","floor":16},{"not_picked":["EmptyFist","WheelKick","Halt"],"picked":"SKIP","floor":18},{"not_picked":["Replay:BluntJabs+1","WheelKick","FollowUp"],"picked":"SKIP","floor":19},{"not_picked":["Replay:Battleflow","BowlingBash"],"picked":"Evaluate+1","floor":20},{"not_picked":["Establishment","SignatureMove"],"picked":"Perseverance","floor":21}],"player_experience":2021012,"relics_obtained":[{"floor":6,"key":"Replay:Wax Seal"},{"floor":8,"key":"foxEvents:LuckyCharm"},{"floor":9,"key":"Replay:Arrowhead"},{"floor":11,"key":"Strawberry"}],"event_choices":[],"is_beta":false,"boss_relics":[{"not_picked":["Replay:Fungal Core","Velvet Choker"],"picked":"Replay:Grab Bag"},{"not_picked":["ChewingGum","StuffTheSpire:ModemDavis"],"picked":"Philosopher\u0027s Stone"},{"not_picked":["energizedSpire:RedRose","energizedSpire:DeadBattery"],"picked":"CosmicIsotope"},{"not_picked":["Pandora\u0027s Box","Runic Pyramid"],"picked":"conspire:SpecialSausage"}],"items_purged_floors":[13,22],"is_endless":false,"potions_floor_spawned":[1,5,6,14],"killed_by":"Gremlin Leader","ascension_level":9}}