{"host":"n2havra2dgtcizuw","time":1613050588,"event":{"mods":["100% Spire Juice","ATMod(°¢èªMod)","Bard","BaseMod","Downfall","Marisa£¨ìFÓê¡¡Ä§ÀíÉ³£©","Minty Spire (QoL Compilation)","Permanent Neow","Reliquary","Remilia£¨ÀÙÃ×ÀòÑÇ£©","Replay The Spire","RumiaBox-Â¶Ã×æ«µÄÉñÃØºÐ×Ó","StSLib","TestMod","The Alterego","The Animator","The Servant 0.9.4","[IsaacMod]ÒÔÈö¼âËþ"],"gold_per_floor":[117,133,151,151,151,169,113,141,141,205,229,11,38,50,350,350,350,350,350],"floor_reached":18,"language":"ZHS","playtime":648,"items_purged":[],"score":145,"play_id":"58b09f3f-9fb9-4d56-ab9a-7cdd6d69a596","local_time":"20210211213628","is_ascension_mode":false,"campfire_choices":[{"data":"AT_OneInchPunch","floor":9,"key":"SMITH"},{"floor":17,"key":"REST"}],"circlet_count":0,"master_deck":["Strike_P","Strike_P","Strike_P","Strike_P","Defend_P","Defend_P","Defend_P","Defend_P","Eruption","Vigilance+1","BattleHymn","FollowUp","Replay:BluntJabs","EmptyFist","AT_OneInchPunch+1","FearNoEvil","AT_ChampionKick","CrushJoints","ReplayTheSpireMod:Uncanny Aura","SashWhip+1","AT_RealColorLess","Replay:Hysterical Blindness","FollowUp"],"relics":["testmod-TestBox","HushsDoor","AT_ATBox","testmod-EnergyCheck","Baka","SteamSale","StoneCalendar","StoneCalendar","Juzu Bracelet","DoctorsRemote","DoctorsRemote","ReplayFunnel","testmod-HeartOfStrike","DeadEye"],"acts_visited":["Exordium"],"potions_floor_usage":[18],"damage_taken":[{"damage":0,"enemies":"Cultist","floor":1,"turns":2},{"damage":15,"enemies":"2 Louse","floor":2,"turns":3},{"damage":8,"enemies":"Jaw Worm","floor":3,"turns":3},{"damage":8,"enemies":"Gremlin Gang","floor":6,"turns":4},{"damage":11,"enemies":"Gremlin Nob","floor":8,"turns":3},{"damage":21,"enemies":"Gremlin Nob","floor":10,"turns":3},{"damage":0,"enemies":"3 Sentries","floor":13,"turns":1},{"damage":0,"enemies":"2 Fungi Beasts","floor":14,"turns":2},{"damage":168,"enemies":"Fading Forest","floor":18,"turns":6}],"seed_played":"-4504911180589393529","potions_obtained":[{"floor":3,"key":"PowerPotion"},{"floor":6,"key":"champ:CounterPotion"},{"floor":13,"key":"AttackPotion"}],"is_trial":false,"path_per_floor":["M","M","M","PTL","PTL","M","$","E","R","?","T","$","E","M","?","?","R","B"],"character_chosen":"WATCHER","items_purchased":["AT_OneInchPunch","FearNoEvil","testmod-HeartOfStrike","ReplayTheSpireMod:Uncanny Aura","SashWhip+1"],"campfire_rested":1,"item_purchase_floors":[7,7,12,12,12],"current_hp_per_floor":[72,57,49,49,49,53,53,42,42,21,21,21,21,21,21,21,46,0,0],"gold":350,"neow_bonus":"BOSS_RELIC","is_daily":false,"chose_seed":false,"campfire_upgraded":1,"win_rate":0.0,"timestamp":1613050588,"path_taken":["M","?","M","PTL","PTL","M","$","E","R","?","T","$","E","M","?","?","R","BOSS"],"items_purchased_type":["Card","Card","Relic","Card","Card"],"build_version":"2020-12-22","purchased_purges":0,"victory":false,"max_hp_per_floor":[72,72,72,72,72,84,84,84,84,84,84,84,84,84,84,84,84,84,84],"card_choices":[{"not_picked":[],"picked":"ChaosCard","floor":0},{"not_picked":["PathToVictory","Protect"],"picked":"BattleHymn","floor":1},{"not_picked":["PathToVictory","EmptyBody"],"picked":"FollowUp","floor":2},{"not_picked":["Crescendo","Replay:Hum"],"picked":"Replay:BluntJabs","floor":3},{"not_picked":["AT_ChampionStep","EmptyBody"],"picked":"EmptyFist","floor":6},{"not_picked":["Replay:BluntJabs","Consecrate"],"picked":"AT_ChampionKick","floor":8},{"not_picked":["EmptyBody","LikeWater"],"picked":"CrushJoints","floor":10},{"not_picked":["Tantrum","FlurryOfBlows"],"picked":"AT_RealColorLess","floor":13},{"not_picked":["Replay:Cycle","Replay:AtTheReady"],"picked":"FollowUp","floor":14}],"player_experience":736268,"relics_obtained":[{"floor":1,"key":"Baka"},{"floor":2,"key":"StoneCalendar"},{"floor":2,"key":"StoneCalendar"},{"floor":8,"key":"Juzu Bracelet"},{"floor":10,"key":"DoctorsRemote"},{"floor":11,"key":"ReplayFunnel"},{"floor":13,"key":"DeadEye"}],"event_choices":[{"damage_healed":0,"gold_gain":0,"player_choice":"Searched \u00272\u0027 times","damage_taken":0,"relics_obtained":["DoctorsRemote"],"max_hp_gain":0,"max_hp_loss":0,"event_name":"Dead Adventurer","floor":10,"gold_loss":0}],"is_beta":false,"boss_relics":[],"items_purged_floors":[],"is_endless":false,"potions_floor_spawned":[3,6,13],"killed_by":"Fading Forest","ascension_level":0}}