{"host":"n3yraofadl2d9nwo","time":1613067798,"event":{"mods":["BaseMod","Friendly Minions","Marisa????????","Minty Spire (QoL Compilation)","StSLib","The Animator"],"gold_per_floor":[121,46,62,74,94,127,127,27,27,27,38,67,67,98,98,203,203,218,143,158,10,25,55,55,68,143,159,159,159,159,175,175,275,275,287,302,317,55,55,90,90,106,106,106,106],"floor_reached":44,"language":"ENG","playtime":3856,"items_purged":["animator:Strike","animator:Strike","animator:Defend"],"score":522,"play_id":"631671b7-f24f-4674-bfdf-8c925fabce9d","local_time":"20210211192318","is_ascension_mode":false,"campfire_choices":[{"data":"animator:Sloth","floor":7,"key":"SMITH"},{"data":"animator:Demiurge","floor":10,"key":"SMITH"},{"floor":13,"key":"REST"},{"data":"animator:Berserker","floor":15,"key":"SMITH"},{"data":"animator:Lu","floor":24,"key":"SMITH"},{"floor":30,"key":"REST"},{"data":"animator:Alexander","floor":32,"key":"SMITH"},{"floor":41,"key":"REST"}],"circlet_count":0,"master_deck":["animator:Defend+1","animator:Cocytus+1","animator:Demiurge+1","animator:Sloth+1","animator:Spearman","animator:RoryMercury","animator:Cocytus","animator:Berserker+1","animator:Kaijin","animator:Ainz","animator:Elesis","animator:MetalKnight","animator:Lu+1","animator:Mitsurugi","animator:Shinoa","animator:Shichika","animator:Priestess+1","Bite","Bite","Bite","Bite","Bite","animator:Alexander+1","animator:Albedo+1","animator:CrowleyEusford+1","animator:EmiyaShirou"],"relics":["animator:LivingPicture","animator:TheMissingPiece","animator:PurgingStone","War Paint","Paper Frog","Regal Pillow","Velvet Choker","MealTicket","HornCleat","Empty Cage","Paper Crane","Bag of Marbles"],"acts_visited":["Exordium","TheCity","TheBeyond"],"potions_floor_usage":[6,40],"damage_taken":[{"damage":10,"enemies":"Jaw Worm","floor":1,"turns":4},{"damage":5,"enemies":"Small Slimes","floor":3,"turns":4},{"damage":0,"enemies":"2 Louse","floor":4,"turns":2},{"damage":12,"enemies":"Blue Slaver","floor":5,"turns":3},{"damage":11,"enemies":"Gremlin Nob","floor":6,"turns":4},{"damage":5,"enemies":"Exordium Thugs","floor":11,"turns":6},{"damage":17,"enemies":"Lagavulin","floor":12,"turns":4},{"damage":6,"enemies":"Gremlin Gang","floor":14,"turns":4},{"damage":15,"enemies":"The Guardian","floor":16,"turns":9},{"damage":26,"enemies":"2 Thieves","floor":18,"turns":4},{"damage":9,"enemies":"Chosen","floor":20,"turns":3},{"damage":11,"enemies":"3 Cultists","floor":22,"turns":5},{"damage":0,"enemies":"Gremlin Leader","floor":23,"turns":5},{"damage":13,"enemies":"Snake Plant","floor":25,"turns":3},{"damage":0,"enemies":"Snecko","floor":27,"turns":3},{"damage":0,"enemies":"Centurion and Healer","floor":31,"turns":5},{"damage":30,"enemies":"Collector","floor":33,"turns":7},{"damage":0,"enemies":"3 Shapes","floor":35,"turns":3},{"damage":7,"enemies":"Orb Walker","floor":36,"turns":2},{"damage":12,"enemies":"4 Shapes","floor":37,"turns":4},{"damage":46,"enemies":"Reptomancer","floor":40,"turns":8},{"damage":38,"enemies":"Writhing Mass","floor":42,"turns":6},{"damage":12,"enemies":"Nemesis","floor":44,"turns":1}],"seed_played":"8004908895050274821","potions_obtained":[{"floor":1,"key":"FearPotion"},{"floor":4,"key":"PowerPotion"},{"floor":6,"key":"ColorlessPotion"},{"floor":18,"key":"PowerPotion"},{"floor":22,"key":"LiquidBronze"},{"floor":36,"key":"LiquidBronze"}],"is_trial":false,"path_per_floor":["M","$","M","M","M","E","R","$","T","R","M","E","R","M","R","B",null,"M","?","M","$","M","E","R","M","T","M","?","?","R","M","R","B",null,"M","M","M","$","?","E","R","M","T","E"],"character_chosen":"THE_ANIMATOR","items_purchased":["animator:Mitsurugi","Paper Crane"],"campfire_rested":3,"item_purchase_floors":[21,38],"current_hp_per_floor":[56,56,51,51,39,28,28,28,28,28,23,6,40,34,34,19,66,40,40,31,31,20,20,20,7,7,7,7,7,35,43,43,21,47,47,42,36,47,47,9,38,8,8,0,0],"gold":106,"neow_bonus":"UPGRADE_CARD","is_daily":false,"chose_seed":false,"campfire_upgraded":5,"win_rate":0.0,"timestamp":1613067798,"path_taken":["M","$","M","M","M","E","R","$","T","R","M","E","R","M","R","BOSS","M","?","M","$","M","E","R","M","T","M","?","?","R","M","R","BOSS","M","M","M","$","?","E","R","?","T","E"],"items_purchased_type":["Card","Relic"],"build_version":"2020-12-22","purchased_purges":3,"victory":false,"max_hp_per_floor":[66,66,66,66,66,66,66,66,66,66,66,66,66,66,66,66,66,66,66,66,66,66,66,66,66,66,66,46,46,46,46,46,47,47,47,47,47,47,47,47,47,47,47,47,47],"card_choices":[{"not_picked":["animator:Gillette","animator:Vanir"],"picked":"animator:Sloth","floor":1},{"not_picked":["animator:Mikaela","animator:SuzuneAmano"],"picked":"animator:Spearman","floor":3},{"not_picked":["animator:YunYun","animator:ChaikaBohdan"],"picked":"animator:RoryMercury","floor":4},{"not_picked":["animator:NarberalGamma","animator:PandorasActor"],"picked":"animator:Cocytus","floor":5},{"not_picked":["animator:Illya","animator:UneriGinkaku"],"picked":"animator:Berserker","floor":6},{"not_picked":["animator:GuildGirl","animator:NagisaMomoe","animator:YuiTsuruno"],"picked":"SKIP","floor":11},{"not_picked":["animator:Geryuganshoop","animator:ChlammyZell"],"picked":"animator:Kaijin","floor":12},{"not_picked":["animator:Evileye","animator:PandorasActor"],"picked":"animator:Ainz","floor":14},{"not_picked":["animator:MadokaKaname","animator:GoblinSlayer"],"picked":"animator:Elesis","floor":16},{"not_picked":["animator:SilverFang","animator:Hakurou+1"],"picked":"animator:MetalKnight","floor":18},{"not_picked":["animator:Yoichi","animator:Chris"],"picked":"animator:Lu","floor":20},{"not_picked":["animator:DwarfShaman","animator:Tet"],"picked":"animator:Shinoa","floor":22},{"not_picked":["animator:YaoHaDucy","animator:Eris"],"picked":"animator:Shichika","floor":25},{"not_picked":["animator:Yuuichirou+1","animator:Berserker"],"picked":"animator:Priestess+1","floor":27},{"not_picked":["animator:Cocytus","animator:Hitei"],"picked":"animator:Alexander","floor":31},{"not_picked":["animator:Shizu","animator:Greed"],"picked":"animator:Albedo","floor":33},{"not_picked":["animator:Raven","animator:Viivi","animator:MetalKnight+1"],"picked":"SKIP","floor":36},{"not_picked":["animator:Tatsumaki+1","animator:Guy"],"picked":"animator:CrowleyEusford+1","floor":37},{"not_picked":["animator:Father","animator:Millim"],"picked":"animator:EmiyaShirou","floor":40}],"player_experience":844456,"relics_obtained":[{"floor":6,"key":"War Paint"},{"floor":9,"key":"Paper Frog"},{"floor":12,"key":"Regal Pillow"},{"floor":23,"key":"MealTicket"},{"floor":26,"key":"HornCleat"},{"floor":40,"key":"Bag of Marbles"}],"event_choices":[{"cards_removed":["animator:Strike"],"damage_healed":0,"gold_gain":0,"player_choice":"Gave Gold","damage_taken":0,"max_hp_gain":0,"max_hp_loss":0,"event_name":"Beggar","floor":19,"gold_loss":75},{"damage_healed":0,"gold_gain":0,"player_choice":"Became a vampire","damage_taken":0,"max_hp_gain":0,"max_hp_loss":20,"event_name":"Vampires","floor":28,"gold_loss":0,"cards_obtained":["Bite","Bite","Bite","Bite","Bite"]},{"damage_healed":0,"gold_gain":0,"player_choice":"Ignored","damage_taken":0,"max_hp_gain":0,"max_hp_loss":0,"event_name":"Cursed Tome","floor":29,"gold_loss":0},{"damage_healed":0,"gold_gain":0,"player_choice":"Forge","damage_taken":0,"max_hp_gain":0,"max_hp_loss":0,"event_name":"Accursed Blacksmith","floor":39,"gold_loss":0,"cards_upgraded":["animator:Albedo"]}],"is_beta":false,"boss_relics":[{"not_picked":["Cursed Key","animator:HolyGrailRelic"],"picked":"Velvet Choker"},{"not_picked":["Sozu","Philosopher\u0027s Stone"],"picked":"Empty Cage"}],"items_purged_floors":[2,8,21],"is_endless":false,"potions_floor_spawned":[1,4,6,18,22,27,31,36],"killed_by":"Nemesis","ascension_level":0}}