{"host":"prxrhpgaxnj4om9r","time":1613047146,"event":{"mods":["AchievementEnabler","BaseMod","DeckTracker","Keyboard Shortcuts","Minty Spire (QoL Compilation)"],"gold_per_floor":[118,132,200,200,57,88,88,116,116,116,92,109,109,139,139,139,139],"floor_reached":16,"language":"KOR","playtime":811,"items_purged":[],"score":116,"play_id":"19d5e64a-8933-4dae-97b0-53df2771b44c","local_time":"20210211213906","is_ascension_mode":false,"campfire_choices":[{"floor":7,"key":"REST"},{"floor":10,"key":"REST"},{"data":"Distraction","floor":13,"key":"SMITH"},{"floor":15,"key":"RECALL"}],"circlet_count":0,"master_deck":["Strike_G","Strike_G","Strike_G","Strike_G","Strike_G","Defend_G","Defend_G","Defend_G","Defend_G","Survivor","Neutralize","Dagger Throw","Choke","Backflip","Accuracy","PiercingWail","Distraction+1","Poisoned Stab","Dodge and Roll","Blade Dance"],"relics":["Ring of the Snake","Oddly Smooth Stone","Darkstone Periapt","Regal Pillow","Calipers"],"acts_visited":["Exordium"],"potions_floor_usage":[16,16],"damage_taken":[{"damage":0,"enemies":"Small Slimes","floor":1,"turns":3},{"damage":0,"enemies":"2 Louse","floor":2,"turns":2},{"damage":36,"enemies":"3 Sentries","floor":6,"turns":11},{"damage":30,"enemies":"Lagavulin","floor":8,"turns":8},{"damage":0,"enemies":"Cultist","floor":12,"turns":4},{"damage":14,"enemies":"Gremlin Nob","floor":14,"turns":5},{"damage":47,"enemies":"Hexaghost","floor":16,"turns":16}],"seed_played":"-7820905379247970217","potions_obtained":[{"floor":8,"key":"EssenceOfSteel"},{"floor":14,"key":"Block Potion"}],"is_trial":false,"path_per_floor":["M","M","?","?","$","E","R","E","T","R","$","M","R","E","R","B"],"character_chosen":"THE_SILENT","items_purchased":["Oddly Smooth Stone","Poisoned Stab"],"campfire_rested":2,"item_purchase_floors":[5,11],"current_hp_per_floor":[70,70,70,70,70,34,55,25,25,61,61,61,61,47,47,0,0],"gold":139,"neow_bonus":"THREE_CARDS","is_daily":false,"chose_seed":false,"campfire_upgraded":1,"win_rate":0.0,"timestamp":1613047146,"path_taken":["M","M","?","?","$","E","R","E","T","R","$","M","R","E","R","BOSS"],"items_purchased_type":["Relic","Card"],"build_version":"2020-12-22","purchased_purges":0,"victory":false,"max_hp_per_floor":[70,70,70,70,70,70,70,70,70,70,70,70,70,70,70,70,70],"card_choices":[{"not_picked":["Footwork","Concentrate"],"picked":"Dagger Throw","floor":0},{"not_picked":["Dagger Throw","Sucker Punch"],"picked":"Choke","floor":1},{"not_picked":["Dodge and Roll","Outmaneuver"],"picked":"Backflip","floor":2},{"not_picked":["Concentrate","Caltrops"],"picked":"PiercingWail","floor":6},{"not_picked":["Noxious Fumes","Predator"],"picked":"Distraction","floor":8},{"not_picked":["PiercingWail","Flechettes"],"picked":"Dodge and Roll","floor":12},{"not_picked":["Acrobatics","Setup"],"picked":"Blade Dance","floor":14}],"player_experience":384787,"relics_obtained":[{"floor":6,"key":"Darkstone Periapt"},{"floor":8,"key":"Regal Pillow"},{"floor":14,"key":"Calipers"}],"event_choices":[{"damage_healed":0,"gold_gain":68,"player_choice":"Gained Gold","damage_taken":0,"max_hp_gain":0,"max_hp_loss":0,"event_name":"Golden Wing","floor":3,"gold_loss":0},{"damage_healed":0,"gold_gain":0,"cards_transformed":["Defend_G"],"player_choice":"Change","damage_taken":0,"max_hp_gain":0,"max_hp_loss":0,"event_name":"Living Wall","floor":4,"gold_loss":0,"cards_obtained":["Accuracy"]}],"is_beta":false,"boss_relics":[],"items_purged_floors":[],"is_endless":false,"potions_floor_spawned":[8,14],"killed_by":"Hexaghost","ascension_level":0}}