{"host":"dhlnk6yox2l1s6up","time":1613066807,"event":{"mods":["BaseMod","Minty Spire (QoL Compilation)","Relic Stats","StSLib","ojb\u0027s Info Mod"],"gold_per_floor":[110,110,30,41,16,47,47,76,76,76,91,20,20,46,46,141,141,156,156,156,175,175,208,227,227,227],"floor_reached":25,"language":"ENG","playtime":870,"items_purged":[],"score":403,"play_id":"744584bd-789e-486c-8f1a-1c4abb329c75","local_time":"20210211120647","is_ascension_mode":true,"campfire_choices":[{"data":"Streamline","floor":7.0,"key":"SMITH"},{"data":"Conserve Battery","floor":10.0,"key":"SMITH"},{"data":"Defragment","floor":13.0,"key":"SMITH"},{"data":"Compile Driver","floor":15.0,"key":"SMITH"}],"circlet_count":0,"master_deck":["AscendersBane","Defend_B+1","Defend_B","Defend_B","Defend_B","Zap","Dualcast","Melter","Redo+1","FTL","Conserve Battery+1","Compile Driver+1","Streamline+1","Chaos","Defragment+1","Cold Snap","Leap","Electrodynamics","Skim+1","Aggregate+1","Double Energy+1","Conserve Battery","Ghostly","Ghostly","Ghostly","Ghostly","Ghostly","Doom and Gloom","BootSequence+1","Loop+1"],"relics":["Cracked Core","NeowsBlessing","Eternal Feather","Vajra","Cables","War Paint","Astrolabe","Bronze Scales"],"acts_visited":["Exordium","TheCity"],"potions_floor_usage":[],"damage_taken":[{"damage":0.0,"enemies":"Small Slimes","floor":1.0,"turns":1.0},{"damage":0.0,"enemies":"Cultist","floor":4.0,"turns":1.0},{"damage":0.0,"enemies":"Lagavulin","floor":6.0,"turns":1.0},{"damage":28.0,"enemies":"3 Sentries","floor":8.0,"turns":6.0},{"damage":7.0,"enemies":"Jaw Worm","floor":11.0,"turns":2.0},{"damage":38.0,"enemies":"Hexaghost","floor":16.0,"turns":8.0},{"damage":12.0,"enemies":"2 Thieves","floor":18.0,"turns":3.0},{"damage":0.0,"enemies":"Spheric Guardian","floor":21.0,"turns":1.0},{"damage":2.0,"enemies":"Gremlin Leader","floor":23.0,"turns":8.0},{"damage":6.0,"enemies":"Snake Plant","floor":24.0,"turns":3.0},{"damage":25,"enemies":"Book of Stabbing","floor":25,"turns":3}],"seed_played":"5649829701334823745","potions_obtained":[{"floor":1.0,"key":"Explosive Potion"},{"floor":6.0,"key":"Explosive Potion"},{"floor":11.0,"key":"AttackPotion"},{"floor":16.0,"key":"Ancient Potion"},{"floor":23.0,"key":"Explosive Potion"},{"floor":24.0,"key":"Ancient Potion"}],"is_trial":false,"path_per_floor":["M","?","$","M","$","E","R","E","T","R","M","$","R","T","R","B",null,"M","?","?","M","T","E","M","E"],"character_chosen":"DEFECT","items_purchased":["FTL","Compile Driver","Cold Snap","Leap"],"campfire_rested":0,"item_purchase_floors":[3,5,12,12],"current_hp_per_floor":[68,68,68,68,68,68,75,47,47,56,49,49,61,61,73,35,65,53,37,33,33,33,31,25,0,0],"gold":227,"neow_bonus":"THREE_ENEMY_KILL","is_daily":false,"chose_seed":false,"campfire_upgraded":4,"win_rate":0.0,"timestamp":1613066807,"path_taken":["M","?","$","M","?","E","R","E","T","R","M","$","R","?","R","BOSS","M","?","?","M","?","E","M","E"],"items_purchased_type":["Card","Card","Card","Card"],"build_version":"2020-12-22","purchased_purges":0,"victory":false,"max_hp_per_floor":[75,75,75,75,75,75,75,75,75,75,75,75,75,75,75,75,75,75,37,42,42,42,42,42,42,42],"relic_stats":{"counters":[11,37],"Astrolabe":["Skim","Aggregate","Double Energy"],"Bronze Scales":[33],"Eternal Feather":40,"War Paint":["Defend_B","Redo"],"obtain_stats":[{"NeowsBlessing":0,"Astrolabe":17,"Bronze Scales":23,"Vajra":8,"Eternal Feather":6,"War Paint":14,"Cracked Core":0,"Cables":9},{"NeowsBlessing":0,"Astrolabe":6,"Bronze Scales":9,"Vajra":4,"Eternal Feather":3,"War Paint":5,"Cracked Core":0,"Cables":4},{"NeowsBlessing":0,"Astrolabe":19,"Bronze Scales":31,"Vajra":9,"Eternal Feather":3,"War Paint":11,"Cracked Core":0,"Cables":9}],"Cables":[22,17,1,4,0]},"card_choices":[{"not_picked":["Turbo","Stack"],"picked":"Melter","floor":1.0},{"not_picked":["Leap","Hologram"],"picked":"Conserve Battery","floor":4.0},{"not_picked":["Hologram","Meteor Strike"],"picked":"Streamline","floor":6.0},{"not_picked":["Streamline","Biased Cognition"],"picked":"Chaos","floor":8.0},{"not_picked":["Reinforced Body","Ball Lightning"],"picked":"Defragment","floor":11.0},{"not_picked":["Meteor Strike","All For One"],"picked":"Electrodynamics","floor":16.0},{"not_picked":["White Noise","Barrage"],"picked":"Conserve Battery","floor":18.0},{"not_picked":["Storm","Consume"],"picked":"Doom and Gloom","floor":21.0},{"not_picked":["Rebound","Self Repair"],"picked":"BootSequence+1","floor":23.0},{"not_picked":["Gash","Redo+1"],"picked":"Loop+1","floor":24.0}],"player_experience":6180698,"relics_obtained":[{"floor":6.0,"key":"Eternal Feather"},{"floor":8.0,"key":"Vajra"},{"floor":9.0,"key":"Cables"},{"floor":14.0,"key":"War Paint"},{"floor":23.0,"key":"Bronze Scales"}],"event_choices":[{"damage_healed":0.0,"max_hp_gain":0.0,"max_hp_loss":0.0,"gold_gain":0.0,"cards_transformed":["Strike_B"],"event_name":"Transmorgrifier","player_choice":"Transformed","floor":2.0,"gold_loss":0.0,"damage_taken":0.0,"cards_obtained":["Redo"]},{"damage_healed":0.0,"max_hp_gain":0.0,"max_hp_loss":38.0,"gold_gain":0.0,"event_name":"Ghosts","player_choice":"Became a Ghost","floor":19.0,"gold_loss":0.0,"damage_taken":0.0,"cards_obtained":["Ghostly","Ghostly","Ghostly","Ghostly","Ghostly"]},{"damage_healed":0.0,"max_hp_gain":5.0,"max_hp_loss":0.0,"gold_gain":0.0,"event_name":"Forgotten Altar","player_choice":"Shed Blood","floor":20.0,"gold_loss":0.0,"damage_taken":9.0}],"is_beta":false,"boss_relics":[{"not_picked":["Runic Pyramid","SacredBark"],"picked":"Astrolabe"}],"items_purged_floors":[],"is_endless":false,"potions_floor_spawned":[1,6,11,16,23,24],"killed_by":"Book of Stabbing","ascension_level":10}}