{"host":"3d7yvplr5ovcyppx","time":1613028730,"event":{"mods":["AchievementEnabler","BaseMod","Hermit","Jorbs\u0027s Wanderer Trilogy","Minty Spire (QoL Compilation)","Quick Restart","Somnambulant","StSLib","The Cursed","The Disciple","The Servant 0.9.4"],"gold_per_floor":[112,132,132,148,163,183,258,14,14,49,49,69,69,101,101,101,101],"floor_reached":16,"language":"ENG","playtime":662,"items_purged":[],"score":112,"play_id":"c5ce86f0-1591-4750-9a54-55846f5abaa6","local_time":"20210211130210","is_ascension_mode":false,"campfire_choices":[{"floor":11,"key":"REST"},{"data":"Metamorphosis","floor":13,"key":"SMITH"},{"data":"Redo","floor":15,"key":"SMITH"}],"circlet_count":0,"master_deck":["Strike_B","Strike_B","Strike_B","Strike_B","Defend_B","Defend_B","Defend_B","Defend_B","Zap","Dualcast","White Noise","Self Repair","Streamline","Double Energy","FTL","Metamorphosis+1","All For One","Rainbow","Redo+1","Static Discharge"],"relics":["Cracked Core","Kunai","Blood Vial","Incense Burner"],"acts_visited":["Exordium"],"potions_floor_usage":[4,12,14],"damage_taken":[{"damage":0,"enemies":"Cultist","floor":1,"turns":4},{"damage":2,"enemies":"Jaw Worm","floor":2,"turns":3},{"damage":6,"enemies":"2 Louse","floor":4,"turns":2},{"damage":15,"enemies":"Exordium Wildlife","floor":5,"turns":4},{"damage":21,"enemies":"3 Louse","floor":6,"turns":3},{"damage":39,"enemies":"3 Sentries","floor":10,"turns":6},{"damage":7,"enemies":"Looter","floor":12,"turns":3},{"damage":22,"enemies":"Gremlin Nob","floor":14,"turns":4},{"damage":30,"enemies":"Slime Boss","floor":16,"turns":3}],"seed_played":"-8360566135628572696","potions_obtained":[{"floor":1,"key":"Explosive Potion"},{"floor":4,"key":"Weak Potion"},{"floor":12,"key":"PowerPotion"}],"is_trial":false,"path_per_floor":["M","M","?","M","M","M","?","$","T","E","R","M","R","E","R","B"],"character_chosen":"DEFECT","items_purchased":["Metamorphosis","All For One"],"campfire_rested":1,"item_purchase_floors":[8,8],"current_hp_per_floor":[82,80,80,81,73,59,48,48,48,16,40,35,35,22,22,0,0],"gold":101,"neow_bonus":"TEN_PERCENT_HP_BONUS","is_daily":false,"chose_seed":false,"campfire_upgraded":2,"win_rate":0.0,"timestamp":1613028730,"path_taken":["M","?","?","M","M","M","?","?","T","E","R","M","R","E","R","BOSS"],"items_purchased_type":["Card","Card"],"build_version":"2020-12-22","purchased_purges":0,"victory":false,"max_hp_per_floor":[82,82,82,82,82,82,82,82,82,82,82,82,82,82,82,82,82],"card_choices":[{"not_picked":["Gash","Consume"],"picked":"White Noise","floor":1},{"not_picked":["Barrage","Storm"],"picked":"Self Repair","floor":2},{"not_picked":["Compile Driver","Steam"],"picked":"Streamline","floor":4},{"not_picked":["Rip and Tear","Leap"],"picked":"Double Energy","floor":5},{"not_picked":["Cold Snap","Coolheaded"],"picked":"FTL","floor":6},{"not_picked":["Sweeping Beam","Hello World"],"picked":"Rainbow","floor":10},{"not_picked":["Leap","Stack"],"picked":"Redo","floor":12},{"not_picked":["Beam Cell","White Noise"],"picked":"Static Discharge","floor":14}],"player_experience":5343,"relics_obtained":[{"floor":9,"key":"Kunai"},{"floor":10,"key":"Blood Vial"},{"floor":14,"key":"Incense Burner"}],"event_choices":[{"damage_healed":0,"gold_gain":0,"player_choice":"Ignored","damage_taken":0,"max_hp_gain":0,"max_hp_loss":0,"event_name":"Golden Wing","floor":3,"gold_loss":0},{"damage_healed":0,"gold_gain":75,"player_choice":"Gather Gold","damage_taken":11,"max_hp_gain":0,"max_hp_loss":0,"event_name":"World of Goop","floor":7,"gold_loss":0}],"is_beta":false,"boss_relics":[],"items_purged_floors":[],"is_endless":false,"potions_floor_spawned":[1,4,12],"killed_by":"Slime Boss","ascension_level":0}}