{"host":"4zpqi6gd0xcmibwu","time":1613057199,"event":{"mods":["AchievementEnabler","BaseMod","Better Altar","Better Match","Better Note","Better Skull","Better Third Choice","Block Reminder","Bossed Relics","Colored Map","Colored Powertips","DeckTracker","Displayed Cursed Tome","Googly Eyes","Highlight Path","Infinite Spire","Key Reminder","Minty Spire (QoL Compilation)","Permanent Neow","Quick Restart","Random Character Button","Rare Cards Sparkle","Relic Sorter","Relic Stats","Replay The Spire","ShortenTheSpire","Smile Girya","Spire Arcade","Spire Birthday Party","StSLib","Steal the Spire","SuperFastMode","Uncapped","Unceasing Turn Reminder","Waifu the Spire","everything is the same but u backflip on backflip","slay the spire mod where everything is the same but ironclad has a cowboy hat"],"gold_per_floor":[219,23,37,48,48,48,79,79,79,79,4,21,49,68,68,163,163,178,20,20,20,40,40,51,51,51,85,85,98,131,71,71,174,174,199,199,229,260,295,295,345,345,423,27,89,89,143,185,185],"floor_reached":48,"language":"ENG","playtime":1532,"items_purged":[],"score":914,"play_id":"e77558a5-d478-4dc6-a1e2-7c7f79a39109","local_time":"20210211162639","is_ascension_mode":true,"campfire_choices":[{"data":"Cloak And Dagger","floor":6,"key":"SMITH"},{"data":"Cloak And Dagger","floor":8,"key":"SMITH"},{"data":"Accuracy","floor":10,"key":"SMITH"},{"data":"Storm of Steel","floor":15,"key":"SMITH"},{"data":"infinitespire:Neurotoxin","floor":23,"key":"SMITH"},{"floor":25,"key":"REST"},{"data":"Neutralize","floor":32,"key":"SMITH"},{"data":"Strike_G","floor":40,"key":"PURGE"}],"circlet_count":0,"master_deck":["Strike_G","Strike_G","Defend_G+1","Defend_G","Defend_G+1","Defend_G","Survivor","Neutralize+1","Cloak And Dagger+1","Accuracy+1","Cloak And Dagger+1","Dagger Spray","Die Die Die","Fluid Movement","Storm of Steel+1","Replay:Bag of Tricks","infinitespire:Neurotoxin+1","ReplayTheSpireMod:Speed Training+1","Apotheosis","infinitespire:Gouge","ReplayTheSpireMod:Scrap Shanks+1","ReplayTheSpireMod:The Works","Infinite Blades","Eviscerate","Acrobatics","Tools of the Trade","Cloak And Dagger+1","Hidden Blade","Footwork","A Thousand Cuts"],"relics":["Ring of the Snake","Membership Card","Counterbalance","FossilizedHelix","Medical Kit","Replay:PocketPolymizer","Philosopher\u0027s Stone","infinitespire:Satchel","Blood Vial","HornCleat","Red Mask","Omamori","Tiny Chest","infinitespire:EvilPickle","Busted Crown","Peace Pipe","Simple Rune","Sundial","Quantum Egg","Bottled Tornado","HandDrill","Replay:Bandana","infinitespire:Midas Blood"],"acts_visited":["Exordium","TheCity","TheBeyond"],"potions_floor_usage":[24,48],"damage_taken":[{"damage":0.0,"enemies":"Cultist","floor":1.0,"turns":4.0},{"damage":0,"enemies":"Small Slimes","floor":3,"turns":4},{"damage":0,"enemies":"2 Louse","floor":4,"turns":3},{"damage":30,"enemies":"Gremlin Nob","floor":7,"turns":5},{"damage":0,"enemies":"Large Slime","floor":12,"turns":4},{"damage":4,"enemies":"Lagavulin","floor":13,"turns":7},{"damage":0,"enemies":"Looter","floor":14,"turns":3},{"damage":14,"enemies":"Hexaghost","floor":16,"turns":9},{"damage":12,"enemies":"2 Thieves","floor":18,"turns":3},{"damage":0,"enemies":"3 Byrds","floor":22,"turns":2},{"damage":15,"enemies":"Snake Plant","floor":24,"turns":6},{"damage":0,"enemies":"Masked Bandits","floor":27,"turns":2},{"damage":0,"enemies":"Sentry and Sphere","floor":29,"turns":5},{"damage":0,"enemies":"Book of Stabbing","floor":30,"turns":3},{"damage":39,"enemies":"Pondfish","floor":33,"turns":9},{"damage":0,"enemies":"Orb Walker","floor":35,"turns":3},{"damage":7,"enemies":"3 Darklings","floor":37,"turns":3},{"damage":0,"enemies":"Sphere and 2 Shapes","floor":39,"turns":6},{"damage":0,"enemies":"Nemesis","floor":41,"turns":5},{"damage":0,"enemies":"Giant Head","floor":45,"turns":4},{"damage":0,"enemies":"Spire Growth","floor":47,"turns":3},{"damage":74,"enemies":"Reptomancer","floor":48,"turns":4}],"seed_played":"5602464690109176761","potions_obtained":[{"floor":4,"key":"CunningPotion"},{"floor":13,"key":"Fire Potion"},{"floor":14,"key":"PowerPotion"},{"floor":24,"key":"Fruit Juice"},{"floor":27,"key":"FearPotion"}],"is_trial":false,"path_per_floor":["M","$","M","M","?","R","E","R","T","R","$","M","E","M","R","B",null,"M","$","?","?","M","R","M","R","T","?","T","M","E","?","R","B",null,"M","?","M","?","M","R","E","T","T","$","E","?","M","E"],"character_chosen":"THE_SILENT","items_purchased":["Membership Card","Accuracy","Cloak And Dagger","Medical Kit","infinitespire:Satchel","Apotheosis","Hidden Blade","Footwork","Bottled Tornado","HandDrill","Replay:Bandana","Strength Potion","Reflective Coating"],"campfire_rested":1,"item_purchase_floors":[2,2,2,11,19,19,44,44,44,44,44,44,44],"current_hp_per_floor":[70,70,70,70,70,70,40,40,40,40,40,40,36,36,36,22,70,58,58,41,23,25,25,17,39,39,41,41,43,45,45,45,8,75,75,75,68,50,52,52,54,54,54,54,56,56,58,0,0],"gold":185,"neow_bonus":"HUNDRED_GOLD","is_daily":false,"chose_seed":false,"campfire_upgraded":6,"win_rate":0.0,"timestamp":1613057199,"path_taken":["M","$","M","M","?","R","E","R","T","R","?","M","E","M","R","BOSS","M","$","?","?","M","R","M","R","T","?","?","?","E","?","R","BOSS","M","?","M","?","M","R","E","?","T","$","E","?","M","E"],"items_purchased_type":["Relic","Card","Card","Relic","Relic","Card","Card","Card","Relic","Relic","Relic","Potion","Potion"],"build_version":"2020-12-22","purchased_purges":0,"victory":false,"max_hp_per_floor":[70,70,70,70,70,70,70,70,70,70,70,70,70,70,70,70,70,70,70,70,70,70,70,75,75,75,75,75,75,75,75,75,75,75,75,75,75,75,75,75,75,75,75,75,75,75,75,75,75],"relic_stats":{"Blood Vial":22,"Peace Pipe":1,"Busted Crown":32,"counters":[22,97],"Sundial":[0],"Tiny Chest":1,"HandDrill":[0],"Medical Kit":[1],"obtain_stats":[{"Replay:PocketPolymizer":13,"Counterbalance":7,"Quantum Egg":43,"Omamori":28,"Bottled Tornado":44,"Medical Kit":11,"Blood Vial":21,"infinitespire:EvilPickle":33,"Peace Pipe":38,"Replay:Bandana":44,"HornCleat":26,"Busted Crown":34,"Sundial":42,"infinitespire:Satchel":19,"Philosopher\u0027s Stone":17,"Tiny Chest":30,"Simple Rune":41,"Red Mask":27,"HandDrill":44,"Membership Card":2,"FossilizedHelix":9,"Ring of the Snake":0,"infinitespire:Midas Blood":45},{"Replay:PocketPolymizer":6,"Counterbalance":4,"Quantum Egg":19,"Omamori":12,"Bottled Tornado":19,"Medical Kit":4,"Blood Vial":9,"infinitespire:EvilPickle":15,"Peace Pipe":17,"Replay:Bandana":19,"HornCleat":11,"Busted Crown":15,"Sundial":19,"infinitespire:Satchel":9,"Philosopher\u0027s Stone":8,"Tiny Chest":14,"Simple Rune":19,"Red Mask":12,"HandDrill":19,"Membership Card":1,"FossilizedHelix":4,"Ring of the Snake":0,"infinitespire:Midas Blood":20},{"Replay:PocketPolymizer":27,"Counterbalance":16,"Quantum Egg":86,"Omamori":52,"Bottled Tornado":86,"Medical Kit":16,"Blood Vial":42,"infinitespire:EvilPickle":69,"Peace Pipe":75,"Replay:Bandana":86,"HornCleat":50,"Busted Crown":69,"Sundial":86,"infinitespire:Satchel":42,"Philosopher\u0027s Stone":39,"Tiny Chest":60,"Simple Rune":86,"Red Mask":52,"HandDrill":86,"Membership Card":4,"FossilizedHelix":16,"Ring of the Snake":0,"infinitespire:Midas Blood":90}],"Ring of the Snake":[44]},"card_choices":[{"not_picked":["Blur","Deadly Poison"],"picked":"Cloak And Dagger","floor":1},{"not_picked":["ReplayTheSpireMod:Exploit Weakness","Cloak And Dagger","Sucker Punch"],"picked":"SKIP","floor":3},{"not_picked":["Sneak Up","PiercingWail","Deadly Poison"],"picked":"SKIP","floor":4},{"not_picked":["Deflect","Skewer"],"picked":"Die Die Die","floor":7},{"not_picked":["PiercingWail","Cloak And Dagger"],"picked":"Fluid Movement","floor":12},{"not_picked":["Expertise","Replay:Poison Smokescreen","Prepared"],"picked":"SKIP","floor":13},{"not_picked":["Fluid Movement","Well Laid Plans"],"picked":"Storm of Steel","floor":14},{"not_picked":["ReplayTheSpireMod:Necrosis","Phantasmal Killer"],"picked":"infinitespire:Neurotoxin","floor":16},{"not_picked":["Cloak And Dagger","Bane"],"picked":"ReplayTheSpireMod:Speed Training+1","floor":18},{"not_picked":["infinitespire:FutureSight","Replay:Fractal Strike"],"picked":"infinitespire:Gouge","floor":20},{"not_picked":["Prepared","ReplayTheSpireMod:Shiv Toss"],"picked":"ReplayTheSpireMod:Scrap Shanks+1","floor":22},{"not_picked":["Finisher","Slice+1"],"picked":"Infinite Blades","floor":24},{"not_picked":["Deflect+1","Dagger Spray"],"picked":"Eviscerate","floor":27},{"not_picked":["Flying Knee+1","Reflex+1"],"picked":"Acrobatics","floor":29},{"not_picked":["Quick Slash+1","Poisoned Stab","PiercingWail"],"picked":"SKIP","floor":30},{"not_picked":["Bullet Time","Atom Bomb"],"picked":"Tools of the Trade","floor":33},{"not_picked":[],"picked":"Cloak And Dagger+1","floor":35},{"not_picked":["ReplayTheSpireMod:Speed Training"],"picked":"SKIP","floor":37},{"not_picked":["Doppelganger"],"picked":"SKIP","floor":39},{"not_picked":["Sneak Up+1"],"picked":"SKIP","floor":41},{"not_picked":["Flying Knee"],"picked":"SKIP","floor":45},{"not_picked":["Riddle With Holes"],"picked":"SKIP","floor":47}],"player_experience":64622,"relics_obtained":[{"floor":7,"key":"Counterbalance"},{"floor":9,"key":"FossilizedHelix"},{"floor":13,"key":"Replay:PocketPolymizer"},{"floor":26,"key":"HornCleat"},{"floor":27,"key":"Red Mask"},{"floor":28,"key":"Omamori"},{"floor":30,"key":"Tiny Chest"},{"floor":38,"key":"Peace Pipe"},{"floor":41,"key":"Simple Rune"},{"floor":42,"key":"Sundial"},{"floor":43,"key":"Quantum Egg"},{"floor":45,"key":"infinitespire:Midas Blood"}],"event_choices":[{"damage_healed":0,"gold_gain":0,"cards_transformed":["Strike_G"],"player_choice":"Transformed","damage_taken":0,"max_hp_gain":0,"max_hp_loss":0,"event_name":"Transmorgrifier","floor":5,"gold_loss":0,"cards_obtained":["Dagger Spray"]},{"damage_healed":0,"gold_gain":0,"player_choice":" Vial ","damage_taken":18,"relics_obtained":["Blood Vial"],"max_hp_gain":41,"max_hp_loss":23,"event_name":"betterAltar:BetterAltar","floor":21,"potions_obtained":[],"relics_lost":[],"gold_loss":0},{"damage_healed":0,"gold_gain":0,"player_choice":"Fought Bandits","damage_taken":0,"max_hp_gain":0,"max_hp_loss":0,"event_name":"Masked Bandits","floor":27,"gold_loss":0}],"is_beta":false,"boss_relics":[{"not_picked":["Calling Bell","Fusion Hammer"],"picked":"Philosopher\u0027s Stone"},{"not_picked":["Replay:Drink Me","Painkiller Herb"],"picked":"Busted Crown"}],"items_purged_floors":[],"is_endless":false,"potions_floor_spawned":[4,13,14,24,27,39,47],"killed_by":"Reptomancer","ascension_level":4}}