{"host":"skr63qsdfgeey3it","time":1613006101,"event":{"mods":["BaseMod","Colored Map","Hubris","Minty Spire (QoL Compilation)","Monster B Gone","Reliquary","Replay The Spire","Spicy Shops","StSLib"],"gold_per_floor":[410,410,481,496,496,496,36,36,36,56,76,95,121,141,141,214,214,228,244,26,43,53,79,79,113,140,153,171,204,3,3,3,75,75,94,108,28,28,39,39,39,39,39,39],"floor_reached":43,"language":"ENG","playtime":2314,"items_purged":["Strike_G","Strike_G"],"score":1088,"play_id":"cf3236ff-2d88-41e9-adb9-39b75f04fe7b","local_time":"20210210191501","is_ascension_mode":true,"campfire_choices":[{"floor":6,"key":"REST"},{"floor":15,"key":"REST"},{"data":"Accuracy","floor":24,"key":"SMITH"},{"floor":32,"key":"REST"},{"floor":40,"key":"REST"}],"circlet_count":0,"master_deck":["AscendersBane","Strike_G","Strike_G","Strike_G","Defend_G","Defend_G","Defend_G","Defend_G","Defend_G","Survivor","Neutralize+1","Flying Knee+1","Dagger Throw","Bouncing Flask","Accuracy+1","hubris:EnhanceAbility","Prepared","Blur","Cloak And Dagger","Blade Dance","A Thousand Cuts","Hidden Blade+1","Riddle With Holes","Accuracy","Blade Dance","Leg Sweep+1","Terror","hubris:Counter+1","Hidden Blade+1","Accuracy","After Image","Concentrate","Footwork","Calculated Gamble"],"relics":["Ring of the Snake","Old Coin","reliquary:WeakTea","Bird Faced Urn","reliquary:Firecrackers","Snack Pack","ReplayTheSpireMod:Lightbulb","Painkiller Herb","Omamori","reliquary:Knoch","Gremlin Food","Nunchaku","hubris:CrystalStatue","BargainBundle","Cursed Key","hubris:Icosahedron"],"acts_visited":["Exordium","TheCity","TheBeyond"],"potions_floor_usage":[12,16,28,33,43],"damage_taken":[{"damage":10,"enemies":"Small Slimes","floor":1,"turns":5},{"damage":0,"enemies":"2 Louse","floor":4,"turns":2},{"damage":2,"enemies":"Jaw Worm","floor":10,"turns":5},{"damage":7,"enemies":"Large Slime","floor":11,"turns":8},{"damage":15,"enemies":"Exordium Thugs","floor":12,"turns":8},{"damage":17,"enemies":"3 Sentries","floor":13,"turns":10},{"damage":15,"enemies":"2 Fungi Beasts","floor":14,"turns":3},{"damage":25,"enemies":"Hexaghost","floor":16,"turns":10},{"damage":0,"enemies":"Chosen","floor":18,"turns":4},{"damage":1,"enemies":"Shell Parasite","floor":19,"turns":4},{"damage":25,"enemies":"Cultist and Chosen","floor":21,"turns":5},{"damage":15,"enemies":"Snake Plant","floor":22,"turns":4},{"damage":10,"enemies":"Replay:Snechameleon","floor":23,"turns":5},{"damage":0,"enemies":"Gremlin Leader","floor":25,"turns":7},{"damage":3,"enemies":"Snecko","floor":27,"turns":5},{"damage":19,"enemies":"Chosen and Byrds","floor":28,"turns":5},{"damage":43,"enemies":"Book of Stabbing","floor":29,"turns":6},{"damage":51,"enemies":"Pondfish","floor":33,"turns":7},{"damage":9,"enemies":"3 Shapes","floor":35,"turns":6},{"damage":43,"enemies":"3 Darklings","floor":36,"turns":5},{"damage":18,"enemies":"4 Shapes","floor":39,"turns":5},{"damage":76,"enemies":"Reptomancer","floor":43,"turns":5}],"seed_played":"2367922868591068906","potions_obtained":[{"floor":1,"key":"DuplicationPotion"},{"floor":3,"key":"Energy Potion"},{"floor":14,"key":"Block Potion"},{"floor":23,"key":"Weak Potion"},{"floor":28,"key":"Fruit Juice"},{"floor":36,"key":"BlessingOfTheForge"}],"is_trial":false,"path_per_floor":["M","?","?","M","?","R","$","T","T","M","M","M","E","M","R","B",null,"?","?","T","?","?","E","T","E","T","?","?","E","T","?","T","B",null,"?","?","T","?","?","T","PTL","PTL","E"],"character_chosen":"THE_SILENT","items_purchased":["Accuracy","hubris:EnhanceAbility","Bird Faced Urn","Accuracy","Omamori","BargainBundle","Hidden Blade+1","Accuracy","Milkshake","Footwork"],"campfire_rested":4,"item_purchase_floors":[7,7,7,20,20,30,30,30,30,37],"current_hp_per_floor":[34,34,8,8,30,49,49,49,49,51,50,41,30,21,40,27,56,66,65,65,51,50,52,52,66,66,65,57,26,26,26,47,14,57,66,37,37,37,35,56,56,56,0,0],"gold":39,"neow_bonus":"ONE_RARE_RELIC","is_daily":false,"chose_seed":false,"campfire_upgraded":1,"win_rate":0.0,"timestamp":1613006101,"path_taken":["M","?","?","M","?","R","$","?","T","M","M","M","E","M","R","BOSS","?","?","T","?","?","E","T","E","T","?","?","E","T","?","T","BOSS","?","?","T","?","?","T","PTL","PTL","E"],"items_purchased_type":["Card","Card","Relic","Card","Relic","Relic","Card","Card","Potion","Card"],"build_version":"2020-12-22","purchased_purges":2,"victory":false,"max_hp_per_floor":[66,66,66,66,66,66,66,66,66,66,66,66,66,66,66,66,66,66,66,66,66,66,66,66,66,66,66,71,71,71,71,71,71,71,71,71,71,71,71,71,71,71,71,71],"card_choices":[{"not_picked":["Calculated Gamble","PiercingWail"],"picked":"Flying Knee","floor":1},{"not_picked":["PiercingWail","ReplayTheSpireMod:The Works"],"picked":"Dagger Throw","floor":3},{"not_picked":["Acrobatics","hubris:Counter"],"picked":"Bouncing Flask","floor":4},{"not_picked":["hubris:Counter","Bouncing Flask"],"picked":"Prepared","floor":10},{"not_picked":["Underhanded Strike","Predator"],"picked":"Blur","floor":11},{"not_picked":["ReplayTheSpireMod:Tripwire","Quick Slash"],"picked":"Cloak And Dagger","floor":12},{"not_picked":["Quick Slash","Phantasmal Killer"],"picked":"Blade Dance","floor":13},{"not_picked":["Dagger Throw","Underhanded Strike","Setup"],"picked":"SKIP","floor":14},{"not_picked":["Corpse Explosion","Atom Bomb"],"picked":"A Thousand Cuts","floor":16},{"not_picked":["Distraction+1","Outmaneuver"],"picked":"Hidden Blade+1","floor":18},{"not_picked":["Sucker Punch","PiercingWail"],"picked":"Riddle With Holes","floor":19},{"not_picked":["Hidden Blade","Bouncing Flask"],"picked":"Blade Dance","floor":21},{"not_picked":["PiercingWail","Deadly Poison+1"],"picked":"Leg Sweep+1","floor":22},{"not_picked":["Flying Knee","Expertise","Sneak Up"],"picked":"SKIP","floor":23},{"not_picked":["Sucker Punch","Atom Bomb","hubris:TrickCloak"],"picked":"SKIP","floor":25},{"not_picked":["Distraction","Bane"],"picked":"Terror","floor":27},{"not_picked":["ReplayTheSpireMod:Shiv Toss","Flying Knee","Poisoned Stab"],"picked":"SKIP","floor":28},{"not_picked":["Toxin Wave+1","Dodge and Roll"],"picked":"hubris:Counter","floor":29},{"not_picked":["A Thousand Cuts","Doppelganger"],"picked":"After Image","floor":33},{"not_picked":["Backflip","Hidden Blade+1"],"picked":"Concentrate","floor":35},{"not_picked":["PiercingWail","hubris:TrickCloak","Underhanded Strike"],"picked":"SKIP","floor":36},{"not_picked":["Bouncing Flask","Caltrops"],"picked":"Calculated Gamble","floor":39}],"player_experience":957661,"relics_obtained":[{"floor":3,"key":"reliquary:WeakTea"},{"floor":8,"key":"reliquary:Firecrackers"},{"floor":9,"key":"Snack Pack"},{"floor":13,"key":"ReplayTheSpireMod:Lightbulb"},{"floor":23,"key":"reliquary:Knoch"},{"floor":25,"key":"Gremlin Food"},{"floor":26,"key":"Nunchaku"},{"floor":29,"key":"hubris:CrystalStatue"}],"event_choices":[{"damage_healed":22,"gold_gain":0,"player_choice":"Banana","damage_taken":0,"max_hp_gain":0,"max_hp_loss":0,"event_name":"Big Fish","floor":5,"gold_loss":0}],"is_beta":false,"boss_relics":[{"not_picked":["reliquary:Ember","Ring of the Serpent"],"picked":"Painkiller Herb"},{"not_picked":["reliquary:RedPaperclip","hubris:GrandSneckoEye"],"picked":"Cursed Key"}],"items_purged_floors":[20,30],"is_endless":false,"potions_floor_spawned":[1,10,14,23,27,28,36],"killed_by":"Reptomancer","ascension_level":14}}