{"host":"j6zw0keom7jkztct","time":1613034563,"event":{"mods":["BaseMod","Marisa£®ÏF”Í°°ƒß¿Ì…≥£©","Minty Spire (QoL Compilation)","Quick Restart"],"gold_per_floor":[118,129,204,224,241,241,257,257,283,283,298,316,330,348,348,348,348],"floor_reached":16,"language":"ZHS","playtime":871,"items_purged":[],"score":98,"play_id":"bf684fda-dc8f-43cf-aa2c-28fc07205c81","local_time":"20210211170923","is_ascension_mode":false,"campfire_choices":[{"data":"UpSweep","floor":6,"key":"SMITH"},{"data":"Singularity","floor":8,"key":"SMITH"},{"data":"Occultation","floor":15,"key":"SMITH"}],"circlet_count":0,"master_deck":["Strike_MRS","Strike_MRS","Strike_MRS","Strike_MRS","Defend_MRS","Defend_MRS","Defend_MRS","Defend_MRS","MasterSpark","UpSweep+1","Acceleration","ShootingEcho","TreasureHunter","SuperPerseids","Singularity+1","Decay","DoubleSpark","FairyDestructionRay","PowerUp","Occultation+1"],"relics":["MiniHakkero","Bird Faced Urn","Bronze Scales"],"acts_visited":["Exordium"],"potions_floor_usage":[],"damage_taken":[{"damage":1,"enemies":"Cultist","floor":1,"turns":3},{"damage":0,"enemies":"2 Louse","floor":2,"turns":3},{"damage":0,"enemies":"Small Slimes","floor":4,"turns":3},{"damage":8,"enemies":"3 Louse","floor":5,"turns":3},{"damage":0,"enemies":"Looter","floor":7,"turns":2},{"damage":7,"enemies":"Blue Slaver","floor":11,"turns":2},{"damage":6,"enemies":"2 Fungi Beasts","floor":12,"turns":3},{"damage":6,"enemies":"Exordium Wildlife","floor":13,"turns":3},{"damage":18,"enemies":"Exordium Thugs","floor":14,"turns":4},{"damage":17,"enemies":"The Guardian","floor":16,"turns":2}],"seed_played":"2824200552386110289","potions_obtained":[{"floor":7,"key":"Block Potion"},{"floor":11,"key":"FearPotion"},{"floor":13,"key":"ShroomBrew"}],"is_trial":false,"path_per_floor":["M","M","?","M","M","R","M","R","T","?","M","M","M","M","R","B"],"character_chosen":"MARISA","items_purchased":[],"campfire_rested":0,"item_purchase_floors":[],"current_hp_per_floor":[67,67,56,56,48,48,48,48,48,48,41,35,29,13,13,0,0],"gold":348,"neow_bonus":"ONE_RARE_RELIC","is_daily":false,"chose_seed":false,"campfire_upgraded":3,"win_rate":0.0,"timestamp":1613034563,"path_taken":["M","M","?","M","M","R","M","R","T","?","M","M","M","M","R","BOSS"],"items_purchased_type":[],"build_version":"2020-12-22","purchased_purges":0,"victory":false,"max_hp_per_floor":[68,68,68,68,68,68,68,68,68,68,68,68,68,68,68,68,68],"card_choices":[{"not_picked":["UnstableBomb","GalacticHalo"],"picked":"Acceleration","floor":1},{"not_picked":["DoubleSpark","DC"],"picked":"ShootingEcho","floor":2},{"not_picked":["GrandCross","RefractionSpark"],"picked":"TreasureHunter","floor":4},{"not_picked":["Occultation","Acceleration"],"picked":"SuperPerseids","floor":5},{"not_picked":["DoubleSpark","PowerUp"],"picked":"Singularity","floor":7},{"not_picked":["DragonMeteor","ChargeUpSpray"],"picked":"DoubleSpark","floor":11},{"not_picked":["Orbital","Occultation"],"picked":"FairyDestructionRay","floor":12},{"not_picked":["AsteroidBelt","AlicesGift"],"picked":"PowerUp","floor":13},{"not_picked":["DragonMeteor","IllusionStar"],"picked":"Occultation","floor":14}],"player_experience":579141,"relics_obtained":[{"floor":9,"key":"Bronze Scales"}],"event_choices":[{"damage_healed":0,"gold_gain":75,"player_choice":"Gather Gold","damage_taken":11,"max_hp_gain":0,"max_hp_loss":0,"event_name":"World of Goop","floor":3,"gold_loss":0},{"damage_healed":0,"gold_gain":0,"player_choice":"Cursed","damage_taken":0,"max_hp_gain":0,"max_hp_loss":0,"event_name":"Wheel of Change","floor":10,"gold_loss":0,"cards_obtained":["Decay"]}],"is_beta":false,"boss_relics":[],"items_purged_floors":[],"is_endless":false,"potions_floor_spawned":[7,11,13],"killed_by":"The Guardian","ascension_level":0}}