{"host":"kus77a2a5wkqnr3x","time":1613039139,"event":{"mods":["AchievementEnabler","BaseMod","Jorbs\u0027s Wanderer Trilogy","Minty Spire (QoL Compilation)","StSLib"],"gold_per_floor":[122,138,157,173,190,207,207,226,226,226,243,243,271,271,271,369,369,388,13,25,40,139,139,204,218,218,247,261,261,271,271,271,374,374,391,82,82,94,112,112,112,131,131,131,141,152,152,152],"floor_reached":47,"language":"ENG","playtime":5935,"items_purged":["Pain"],"score":500,"play_id":"d42021ba-98e6-4cb5-aec2-deeb736ba4d1","local_time":"20210211042539","is_ascension_mode":false,"campfire_choices":[{"data":"stsjorbsmod:Channel","floor":7,"key":"SMITH"},{"data":"stsjorbsmod:EyeOfTheStorm","floor":10,"key":"SMITH"},{"data":"stsjorbsmod:Mending","floor":12,"key":"SMITH"},{"data":"stsjorbsmod:Firebolt","floor":15,"key":"SMITH"},{"data":"Enlightenment","floor":23,"key":"SMITH"},{"data":"stsjorbsmod:BookOfTongues","floor":29,"key":"SMITH"},{"floor":32,"key":"REST"},{"floor":40,"key":"REST"},{"floor":44,"key":"REST"}],"circlet_count":0,"master_deck":["stsjorbsmod:ForbiddenGrimoire+1","stsjorbsmod:Strike_Wanderer+1","stsjorbsmod:Defend_Wanderer","stsjorbsmod:FreshAdventure","stsjorbsmod:EyeOfTheStorm+1","stsjorbsmod:Mending+1","stsjorbsmod:Channel+1","stsjorbsmod:FracturedMind","stsjorbsmod:MageArmor","stsjorbsmod:RefuseToForget","stsjorbsmod:Firebolt+1","stsjorbsmod:Patron+1","stsjorbsmod:Message","stsjorbsmod:Pyromancy+1","stsjorbsmod:Stalwart+1","stsjorbsmod:ParryingBlow+1","stsjorbsmod:HedgeWizard+1","Enlightenment+1","stsjorbsmod:Materialize","stsjorbsmod:Mindworm","stsjorbsmod:ColorSpray","stsjorbsmod:WanderingMind","stsjorbsmod:BookOfTongues+1","stsjorbsmod:FlameWard+1","stsjorbsmod:GatherPower","stsjorbsmod:DoubleCheck+1","stsjorbsmod:BlackTentacles+1","Iron Wave","stsjorbsmod:BurningFlask","stsjorbsmod:MageArmor+1"],"relics":["stsjorbsmod:GrimoireRelic","InkBottle","Pocketwatch","WarpedTongs","Astrolabe","Art of War","Whetstone","Dream Catcher","Empty Cage","HornCleat","Toxic Egg 2"],"acts_visited":["Exordium","TheCity","TheBeyond"],"potions_floor_usage":[16,30],"damage_taken":[{"damage":2,"enemies":"Cultist","floor":1,"turns":4},{"damage":0,"enemies":"2 Louse","floor":2,"turns":2},{"damage":0,"enemies":"Small Slimes","floor":3,"turns":3},{"damage":3,"enemies":"2 Fungi Beasts","floor":4,"turns":5},{"damage":2,"enemies":"3 Louse","floor":5,"turns":4},{"damage":5,"enemies":"Lots of Slimes","floor":6,"turns":7},{"damage":0,"enemies":"Exordium Wildlife","floor":8,"turns":3},{"damage":6,"enemies":"2 Fungi Beasts","floor":11,"turns":4},{"damage":13,"enemies":"Gremlin Nob","floor":13,"turns":4},{"damage":29,"enemies":"The Guardian","floor":16,"turns":8},{"damage":7,"enemies":"Shell Parasite","floor":18,"turns":4},{"damage":0,"enemies":"Chosen","floor":20,"turns":5},{"damage":8,"enemies":"Snecko","floor":21,"turns":5},{"damage":25,"enemies":"Slavers","floor":24,"turns":6},{"damage":0,"enemies":"3 Cultists","floor":25,"turns":4},{"damage":6,"enemies":"Gremlin Leader","floor":27,"turns":6},{"damage":10,"enemies":"Cultist and Chosen","floor":28,"turns":6},{"damage":3,"enemies":"Sentry and Sphere","floor":30,"turns":5},{"damage":42,"enemies":"Automaton","floor":33,"turns":8},{"damage":23,"enemies":"3 Darklings","floor":35,"turns":6},{"damage":4,"enemies":"Orb Walker","floor":38,"turns":5},{"damage":43,"enemies":"Sphere and 2 Shapes","floor":39,"turns":7},{"damage":39,"enemies":"Jaw Worm Horde","floor":42,"turns":4},{"damage":0,"enemies":"Maw","floor":45,"turns":6},{"damage":0,"enemies":"3 Darklings","floor":46,"turns":4},{"damage":41,"enemies":"Reptomancer","floor":47,"turns":2}],"seed_played":"-2398103179717704999","potions_obtained":[{"floor":2,"key":"ColorlessPotion"},{"floor":3,"key":"CultistPotion"},{"floor":6,"key":"CultistPotion"},{"floor":18,"key":"Fire Potion"}],"is_trial":false,"path_per_floor":["M","M","M","M","M","M","R","M","T","R","M","R","E","?","R","B",null,"M","$","M","M","?","R","E","M","T","E","M","R","M","?","R","B",null,"M","$","?","M","M","R","?","M","T","R","M","M","E"],"character_chosen":"WANDERER","items_purchased":["Enlightenment","Art of War","stsjorbsmod:Materialize","HornCleat","stsjorbsmod:BurningPotion"],"campfire_rested":3,"item_purchase_floors":[19,19,19,36,36],"current_hp_per_floor":[73,76,76,74,75,74,74,75,75,75,70,70,59,59,59,34,76,74,74,77,78,78,78,58,60,60,56,52,52,55,55,79,37,80,60,60,60,62,19,43,43,9,9,34,37,39,0,0],"gold":152,"neow_bonus":"TEN_PERCENT_HP_BONUS","is_daily":false,"chose_seed":false,"campfire_upgraded":6,"win_rate":0.0,"timestamp":1613039139,"path_taken":["M","M","M","M","?","M","R","M","T","R","M","R","E","?","R","BOSS","M","$","M","?","?","R","E","M","T","E","M","R","M","?","R","BOSS","M","$","?","M","M","R","?","M","T","R","M","?","E"],"items_purchased_type":["Card","Relic","Card","Relic","Potion"],"build_version":"2020-12-22","purchased_purges":1,"victory":false,"max_hp_per_floor":[74,76,76,76,76,76,76,76,76,76,76,76,76,76,76,76,76,78,78,78,78,78,78,78,78,78,78,80,80,80,80,80,80,80,80,80,80,80,80,80,80,84,84,84,84,84,84,84],"card_choices":[{"not_picked":["stsjorbsmod:Hibernate","stsjorbsmod:Prepare"],"picked":"stsjorbsmod:Mending","floor":1},{"not_picked":["stsjorbsmod:Patron","stsjorbsmod:Stalwart"],"picked":"stsjorbsmod:Channel","floor":2},{"not_picked":["stsjorbsmod:DisguiseSelf","stsjorbsmod:DeathThroes"],"picked":"stsjorbsmod:FracturedMind","floor":3},{"not_picked":["stsjorbsmod:TrueStrike","stsjorbsmod:Will"],"picked":"stsjorbsmod:MageArmor","floor":4},{"not_picked":["stsjorbsmod:Mending","stsjorbsmod:ScorchingRay"],"picked":"stsjorbsmod:RefuseToForget","floor":5},{"not_picked":["stsjorbsmod:SmithingStrike","stsjorbsmod:ParryingBlow"],"picked":"stsjorbsmod:Firebolt","floor":6},{"not_picked":["stsjorbsmod:FracturedMind","stsjorbsmod:Channel","stsjorbsmod:Counterspell"],"picked":"SKIP","floor":8},{"not_picked":["stsjorbsmod:DisguiseSelf","stsjorbsmod:FlameWard"],"picked":"stsjorbsmod:Patron","floor":11},{"not_picked":["stsjorbsmod:ThirstingSword","stsjorbsmod:LoseGrip"],"picked":"stsjorbsmod:Message","floor":13},{"not_picked":["stsjorbsmod:ThirstingSword","stsjorbsmod:Determination"],"picked":"stsjorbsmod:Pyromancy","floor":16},{"not_picked":["stsjorbsmod:Mending+1","stsjorbsmod:Hibernate+1"],"picked":"stsjorbsmod:HedgeWizard+1","floor":18},{"not_picked":["stsjorbsmod:TrueStrike","stsjorbsmod:FracturedMind"],"picked":"stsjorbsmod:Mindworm","floor":20},{"not_picked":["stsjorbsmod:ChatteringStrike","stsjorbsmod:Mindworm","stsjorbsmod:Channel"],"picked":"SKIP","floor":21},{"not_picked":["stsjorbsmod:ChainLightning","stsjorbsmod:ScorchingRay"],"picked":"stsjorbsmod:ColorSpray","floor":24},{"not_picked":["stsjorbsmod:FracturedMind","stsjorbsmod:Materialize","stsjorbsmod:Mending"],"picked":"SKIP","floor":25},{"not_picked":["stsjorbsmod:DisguiseSelf","stsjorbsmod:BurningFlask"],"picked":"stsjorbsmod:WanderingMind","floor":27},{"not_picked":["stsjorbsmod:Materialize","stsjorbsmod:Rest+1"],"picked":"stsjorbsmod:BookOfTongues","floor":28},{"not_picked":["stsjorbsmod:DoubleCheck","stsjorbsmod:UnseenServant+1","stsjorbsmod:Channel"],"picked":"SKIP","floor":30},{"not_picked":["stsjorbsmod:ParryingBlow+1","stsjorbsmod:FaerieFire"],"picked":"stsjorbsmod:FlameWard+1","floor":32},{"not_picked":["stsjorbsmod:PurgeMind","stsjorbsmod:CorrodingBarrier"],"picked":"stsjorbsmod:GatherPower","floor":33},{"not_picked":["stsjorbsmod:Stalwart","stsjorbsmod:RefuseToForget","stsjorbsmod:Hurt"],"picked":"SKIP","floor":35},{"not_picked":["stsjorbsmod:Mending","stsjorbsmod:OldPocket"],"picked":"stsjorbsmod:DoubleCheck+1","floor":38},{"not_picked":["stsjorbsmod:AnimateObjects","stsjorbsmod:ParryingBlow","stsjorbsmod:WanderingMind"],"picked":"SKIP","floor":39},{"not_picked":["stsjorbsmod:TrueStrike","stsjorbsmod:Materialize+1"],"picked":"stsjorbsmod:BlackTentacles+1","floor":40},{"not_picked":["stsjorbsmod:Fear","stsjorbsmod:WeightOfMemory+1"],"picked":"stsjorbsmod:BurningFlask","floor":42},{"not_picked":["stsjorbsmod:SmithingStrike+1","stsjorbsmod:Rest+1"],"picked":"stsjorbsmod:MageArmor+1","floor":44},{"not_picked":["stsjorbsmod:Mindworm+1","stsjorbsmod:BlackTentacles","stsjorbsmod:ParryingBlow"],"picked":"SKIP","floor":45},{"not_picked":["stsjorbsmod:ChainLightning+1","stsjorbsmod:DisguiseSelf+1","stsjorbsmod:SmithingStrike"],"picked":"SKIP","floor":46}],"player_experience":68330,"relics_obtained":[{"floor":9,"key":"InkBottle"},{"floor":13,"key":"Pocketwatch"},{"floor":24,"key":"Whetstone"},{"floor":27,"key":"Dream Catcher"},{"floor":43,"key":"Toxic Egg 2"}],"event_choices":[{"damage_healed":0,"gold_gain":0,"player_choice":"Rummage","damage_taken":0,"relics_obtained":["WarpedTongs"],"max_hp_gain":0,"max_hp_loss":0,"event_name":"Accursed Blacksmith","floor":14,"gold_loss":0,"cards_obtained":["Pain"]},{"damage_healed":0,"gold_gain":99,"player_choice":"Stole From Cult","damage_taken":0,"max_hp_gain":0,"max_hp_loss":0,"event_name":"Nest","floor":22,"gold_loss":0},{"damage_healed":0,"gold_gain":0,"player_choice":"Ignored","damage_taken":0,"max_hp_gain":0,"max_hp_loss":0,"event_name":"Ghosts","floor":31,"gold_loss":0},{"cards_removed":["stsjorbsmod:MagicMirror"],"damage_healed":0,"gold_gain":0,"player_choice":"Removed Power","damage_taken":0,"max_hp_gain":0,"max_hp_loss":0,"event_name":"Falling","floor":37,"gold_loss":0},{"cards_removed":["stsjorbsmod:Strike_Wanderer"],"damage_healed":0,"gold_gain":0,"player_choice":"Took Card","damage_taken":0,"max_hp_gain":0,"max_hp_loss":0,"event_name":"NoteForYourself","floor":41,"gold_loss":0,"cards_obtained":["Iron Wave"]}],"is_beta":false,"boss_relics":[{"not_picked":["SacredBark","Velvet Choker"],"picked":"Astrolabe"},{"not_picked":["Sozu","SlaversCollar"],"picked":"Empty Cage"}],"items_purged_floors":[19],"is_endless":false,"potions_floor_spawned":[2,3,6,8,18,24,25,27,28,39,42,46],"killed_by":"Reptomancer","ascension_level":0}}