{"host":"kfd0jpqqxt101ydt","time":1613051166,"event":{"mods":["BaseMod","Downfall","Googly Eyes","Highlight Path","Minty Spire (QoL Compilation)","StSLib"],"gold_per_floor":[349,449,466,484,484,519,545,58,91,91,109,109,137,237,254,357,357,357,377,387,72,72,72,150,235,235,253,284,284,314,91,104,206,206,106,124,24,37,37,37,63,93,168,200,200,200,200,200],"floor_reached":46,"language":"ENG","playtime":2807,"items_purged":["Doubt","Regret"],"score":683,"play_id":"8a267620-4d71-48f0-a209-11fa95bf13a7","local_time":"20210211154606","is_ascension_mode":true,"campfire_choices":[{"data":"Slimebound:Split","floor":1,"key":"SMITH"},{"data":"Slimebound:MassRepurpose","floor":10,"key":"SMITH"},{"data":"Slimebound:GoopTackle","floor":12,"key":"SMITH"},{"data":"Slimebound:MassFeed","floor":18,"key":"SMITH"},{"floor":26,"key":"REST"},{"data":"Apotheosis","floor":35,"key":"SMITH"},{"floor":40,"key":"RECALL"}],"circlet_count":0,"master_deck":["Slimebound:Tackle","Slimebound:Defend_Slimebound","Slimebound:Defend_Slimebound","Slimebound:Defend_Slimebound","Slimebound:Defend_Slimebound","Slimebound:Split+1","Slimebound:CorrosiveSpit","Slimebound:LeechLife","Clumsy","Slimebound:LeechEnergy","Slimebound:ProtectTheBoss","Slimebound:Dissolve+1","Slimebound:MassRepurpose+1","Slimebound:ServeAndProtect","Slimebound:GoopTackle+1","Slimebound:RainOfGoop","Slimebound:SplitBruiser","Slimebound:Chomp","Slimebound:MassFeed+1","Slimebound:FinishingTackle","Slimebound:RejuvenatingLick","Slimebound:Tackle+1","Slimebound:Tackle+1","Slimebound:Tackle+1","Slimebound:Repurpose","Apotheosis+1","Slimebound:DouseInSlime","Slimebound:SelfFormingGoo","CurseOfTheBell","Slimebound:DuplicatedForm"],"relics":["Slimebound:AbsorbEndCombat","Du-Vu Doll","Happy Flower","Regal Pillow","Slimebound:MaxSlimesRelic","Slimebound:SelfDamagePreventRelic","Vajra","Pantograph","Black Star","TungstenRod","Bottled Flame","Ginger","WingedGreaves","Bronze Scales","Strawberry","Incense Burner","Calling Bell","MealTicket","Matryoshka","CaptainsWheel","downfall:HeartBlessingGreen","Potion Belt","Pen Nib","Orichalcum","Juzu Bracelet","White Beast Statue","Peace Pipe","Centennial Puzzle"],"acts_visited":["Exordium","TheCity","TheBeyond"],"potions_floor_usage":[6,13,13,13,30,30,33,46],"damage_taken":[{"damage":0,"enemies":"2 Louse","floor":3,"turns":1},{"damage":13,"enemies":"Small Slimes","floor":4,"turns":3},{"damage":8,"enemies":"Lagavulin","floor":6,"turns":6},{"damage":3,"enemies":"downfall:FleeingMerchant","floor":8,"turns":4},{"damage":8,"enemies":"3 Sentries","floor":9,"turns":7},{"damage":0,"enemies":"Cultist","floor":11,"turns":4},{"damage":1,"enemies":"Lagavulin","floor":13,"turns":3},{"damage":17,"enemies":"downfall:Heads","floor":14,"turns":7},{"damage":0,"enemies":"3 Louse","floor":15,"turns":4},{"damage":4,"enemies":"WA_ARCHETYPE_RETAIN","floor":16,"turns":5},{"damage":19,"enemies":"3 Byrds","floor":19,"turns":3},{"damage":15,"enemies":"Shell Parasite","floor":20,"turns":4},{"damage":3,"enemies":"downfall:FleeingMerchant","floor":21,"turns":4},{"damage":10,"enemies":"Snecko","floor":27,"turns":3},{"damage":43,"enemies":"Slavers","floor":28,"turns":6},{"damage":14,"enemies":"Gremlin Leader","floor":30,"turns":3},{"damage":14,"enemies":"downfall:FleeingMerchant","floor":31,"turns":3},{"damage":16,"enemies":"Shelled Parasite and Fungi","floor":32,"turns":3},{"damage":28,"enemies":"SI_MIRROR_ARCHETYPE","floor":33,"turns":7},{"damage":5,"enemies":"3 Shapes","floor":36,"turns":8},{"damage":18,"enemies":"Orb Walker","floor":38,"turns":3},{"damage":30,"enemies":"Reptomancer","floor":42,"turns":6},{"damage":100,"enemies":"Giant Head","floor":44,"turns":8},{"damage":38,"enemies":"Nemesis","floor":46,"turns":4}],"seed_played":"-7833177079827171201","potions_obtained":[{"floor":3,"key":"FearPotion"},{"floor":4,"key":"FearPotion"},{"floor":5,"key":"Block Potion"},{"floor":5,"key":"SteroidPotion"},{"floor":6,"key":"Slimebound:ThreeZeroPotion"},{"floor":15,"key":"BlessingOfTheForge"},{"floor":27,"key":"bronze:BurnAndBuffPotion"},{"floor":28,"key":"Energy Potion"},{"floor":32,"key":"Fire Potion"},{"floor":36,"key":"PowerPotion"},{"floor":42,"key":"Fire Potion"},{"floor":44,"key":"LiquidBronze"}],"is_trial":false,"path_per_floor":["R","?","M","M","?","E","T","$","E","R","M","R","E","?","M","B",null,"R","M","M","$","?","?","T","?","R","M","E","?","E","$","M","B",null,"R","M","$","M","?","R","T","E","?","E","?","E"],"character_chosen":"SLIMEBOUND","items_purchased":["Slimebound:MaxSlimesRelic","Slimebound:ServeAndProtect","Slimebound:SelfDamagePreventRelic","TungstenRod","Incense Burner","Apotheosis"],"campfire_rested":1,"item_purchase_floors":[8,8,8,21,31,31],"current_hp_per_floor":[47,52,54,43,43,53,53,58,50,50,52,52,55,46,48,70,70,70,57,54,55,55,42,42,31,69,63,30,30,27,17,7,20,90,90,91,94,94,94,94,94,94,94,17,17,0,0,0],"gold":200,"neow_bonus":"TWO_FIFTY_GOLD","is_daily":false,"chose_seed":false,"campfire_upgraded":5,"win_rate":0.0,"timestamp":1613051166,"path_taken":["R","?","M","M","?","E","T","$","E","R","?","R","E","?","M","BOSS","R","M","M","$","?","?","T","?","R","M","E","?","E","$","M","BOSS","R","M","$","M","?","R","T","E","?","E","?","E"],"items_purchased_type":["Relic","Card","Relic","Relic","Relic","Card"],"build_version":"2020-12-22","purchased_purges":2,"victory":false,"max_hp_per_floor":[65,70,70,70,70,70,70,70,70,70,70,70,70,70,70,70,70,70,74,74,74,74,79,79,79,79,79,79,79,86,86,90,90,90,90,94,94,94,94,94,94,94,94,94,94,94,94,94],"card_choices":[{"not_picked":["Slimebound:Grow","Slimebound:ItLooksTasty"],"picked":"Slimebound:LeechEnergy","floor":3},{"not_picked":["Slimebound:ComboTackle","Slimebound:GrowthPunch"],"picked":"Slimebound:ProtectTheBoss","floor":4},{"not_picked":["Slimebound:SpikyOuterGoop","Slimebound:LeechingTouch"],"picked":"Slimebound:Dissolve","floor":6},{"not_picked":["Slimebound:Prepare","Slimebound:FormOfPuddle"],"picked":"Slimebound:MassRepurpose","floor":8},{"not_picked":["Slimebound:ForwardTackle","Slimebound:FormOfPuddle","Slimebound:ViciousTackle"],"picked":"SKIP","floor":9},{"not_picked":["Slimebound:SplitLeeching","Slimebound:LivingWall"],"picked":"Slimebound:GoopTackle","floor":11},{"not_picked":["Slimebound:SlimeBrawl","Slimebound:Gluttony"],"picked":"Slimebound:RainOfGoop","floor":13},{"not_picked":["Slimebound:Grow","Slimebound:SplitLeeching"],"picked":"Slimebound:SplitBruiser","floor":14},{"not_picked":["Slimebound:PrepareCrush","Slimebound:Dissolve"],"picked":"Slimebound:Chomp","floor":15},{"not_picked":["Slimebound:SlimeSlap","Slimebound:DouseInSlime"],"picked":"Slimebound:MassFeed","floor":16},{"not_picked":["Slimebound:Prepare","Slimebound:BestDefense"],"picked":"Slimebound:FinishingTackle","floor":19},{"not_picked":["Slimebound:FlameTackle","Slimebound:FinishingTackle","Slimebound:AcidTongue"],"picked":"SKIP","floor":20},{"not_picked":["Slimebound:Equalize","Slimebound:Prepare+1"],"picked":"Slimebound:RejuvenatingLick","floor":21},{"not_picked":["Slimebound:SplitMire","Slimebound:SlimeSpikes+1","Slimebound:LeechEnergy+1"],"picked":"SKIP","floor":27},{"not_picked":["Slimebound:MegaLick+1","Slimebound:DisruptingSlam"],"picked":"Slimebound:Repurpose","floor":28},{"not_picked":["Slimebound:SplitBruiser+1","Slimebound:Dissolve","Slimebound:Schlurp"],"picked":"SKIP","floor":30},{"not_picked":["Slimebound:SplitLeeching+1","Slimebound:Dissolve","Slimebound:HauntingLick"],"picked":"SKIP","floor":31},{"not_picked":["Slimebound:GoopTackle","Slimebound:HauntingLick"],"picked":"Slimebound:DouseInSlime","floor":32},{"not_picked":["Slimebound:CheckThePlaybook","Slimebound:FirmFortitude"],"picked":"Slimebound:SelfFormingGoo","floor":33},{"not_picked":["Slimebound:ComboTackle","Slimebound:ItLooksTasty","Slimebound:Prepare+1"],"picked":"SKIP","floor":36},{"not_picked":["Slimebound:SplitLeeching+1","Slimebound:SamplingLick+1","Slimebound:ForwardTackle"],"picked":"SKIP","floor":38},{"not_picked":["Slimebound:Schlurp+1","Slimebound:Overexert"],"picked":"Slimebound:DuplicatedForm","floor":42},{"not_picked":["Slimebound:GrowthPunch+1","Slimebound:ItLooksTasty+1","Slimebound:TongueLash+1"],"picked":"SKIP","floor":44}],"player_experience":22039,"relics_obtained":[{"floor":6,"key":"Happy Flower"},{"floor":7,"key":"Regal Pillow"},{"floor":9,"key":"Vajra"},{"floor":13,"key":"Pantograph"},{"floor":24,"key":"Bottled Flame"},{"floor":28,"key":"Ginger"},{"floor":28,"key":"WingedGreaves"},{"floor":30,"key":"Bronze Scales"},{"floor":30,"key":"Strawberry"},{"floor":34,"key":"MealTicket"},{"floor":34,"key":"Matryoshka"},{"floor":34,"key":"CaptainsWheel"},{"floor":41,"key":"Potion Belt"},{"floor":42,"key":"Pen Nib"},{"floor":42,"key":"Orichalcum"},{"floor":43,"key":"Juzu Bracelet"},{"floor":43,"key":"White Beast Statue"},{"floor":44,"key":"Peace Pipe"},{"floor":44,"key":"Centennial Puzzle"}],"event_choices":[{"damage_healed":0,"gold_gain":0,"player_choice":"Got Potions","damage_taken":0,"max_hp_gain":0,"max_hp_loss":0,"event_name":"Lab","floor":5,"gold_loss":0}],"is_beta":false,"boss_relics":[{"not_picked":["Astrolabe","Runic Dome"],"picked":"Black Star"},{"not_picked":["Cursed Key","Snecko Eye"],"picked":"Calling Bell"}],"items_purged_floors":[31,37],"is_endless":false,"potions_floor_spawned":[3,4,6,11,15,27,28,32,36,42,44],"killed_by":"Nemesis","ascension_level":1}}