{"host":"fj5i6t4nkss7815d","time":1613010732,"event":{"mods":["AchievementEnabler","BaseMod","Minty Spire (QoL Compilation)","Quick Restart","Relic Stats"],"gold_per_floor":[12,22,38,53,64,93,93,124,179,6,17,52,64,76,76,155,155,165,165,165,181,181,181,214,233,233,233,233],"floor_reached":27,"language":"ENG","playtime":1931,"items_purged":[],"score":579,"play_id":"91b888b1-223f-47f7-91a2-e1f4766c1966","local_time":"20210210183212","is_ascension_mode":true,"campfire_choices":[{"data":"Tools of the Trade","floor":7.0,"key":"SMITH"},{"floor":15.0,"key":"REST"},{"floor":23.0,"key":"REST"}],"circlet_count":0,"master_deck":["AscendersBane","Strike_G","Strike_G","Strike_G","Defend_G","Defend_G","Defend_G","Defend_G","Survivor","Neutralize","Dagger Throw","Blade Dance","Dagger Spray","Dash","Flying Knee","Tools of the Trade+1","Bane","Phantasmal Killer","Blade Dance","A Thousand Cuts","Blur+1","Underhanded Strike+1","Corpse Explosion+1","Choke","Noxious Fumes","Eviscerate+1","Cloak And Dagger+1"],"relics":["Ring of the Snake","Tiny Chest","Thread and Needle","Bag of Preparation","Toolbox","The Courier","Astrolabe","Strawberry","HornCleat"],"acts_visited":["Exordium","TheCity"],"potions_floor_usage":[27],"damage_taken":[{"damage":3.0,"enemies":"2 Louse","floor":1.0,"turns":3.0},{"damage":1.0,"enemies":"Small Slimes","floor":2.0,"turns":4.0},{"damage":0.0,"enemies":"Cultist","floor":3.0,"turns":4.0},{"damage":5.0,"enemies":"Large Slime","floor":4.0,"turns":6.0},{"damage":4.0,"enemies":"3 Louse","floor":5.0,"turns":3.0},{"damage":6.0,"enemies":"Gremlin Nob","floor":6.0,"turns":3.0},{"damage":7.0,"enemies":"3 Sentries","floor":8.0,"turns":7.0},{"damage":0.0,"enemies":"Lots of Slimes","floor":11.0,"turns":3.0},{"damage":4.0,"enemies":"Lagavulin","floor":12.0,"turns":5.0},{"damage":9.0,"enemies":"Blue Slaver","floor":13.0,"turns":4.0},{"damage":0.0,"enemies":"2 Fungi Beasts","floor":14.0,"turns":3.0},{"damage":35.0,"enemies":"Slime Boss","floor":16.0,"turns":7.0},{"damage":0.0,"enemies":"Chosen","floor":18.0,"turns":3.0},{"damage":0.0,"enemies":"Shell Parasite","floor":19.0,"turns":1.0},{"damage":20.0,"enemies":"Centurion and Healer","floor":21.0,"turns":5.0},{"damage":10.0,"enemies":"Gremlin Leader","floor":24.0,"turns":6.0},{"damage":34.0,"enemies":"Chosen and Byrds","floor":25.0,"turns":7.0},{"damage":2,"enemies":"Sentry and Sphere","floor":27,"turns":5}],"seed_played":"3085573661571944375","potions_obtained":[{"floor":3.0,"key":"ColorlessPotion"},{"floor":5.0,"key":"Poison Potion"},{"floor":8.0,"key":"Poison Potion"},{"floor":11.0,"key":"Dexterity Potion"},{"floor":13.0,"key":"SmokeBomb"},{"floor":16.0,"key":"LiquidMemories"},{"floor":21.0,"key":"ColorlessPotion"},{"floor":25.0,"key":"Ancient Potion"}],"is_trial":false,"path_per_floor":["M","M","M","M","M","E","R","E","T","$","M","E","M","M","R","B",null,"M","M","?","M","?","R","E","M","T","M"],"character_chosen":"THE_SILENT","items_purchased":["Toolbox"],"campfire_rested":2,"item_purchase_floors":[10],"current_hp_per_floor":[68,67,67,62,58,52,52,45,45,45,45,41,32,32,55,20,64,64,64,64,44,22,46,43,9,9,7,7],"gold":233,"neow_bonus":"TWENTY_PERCENT_HP_BONUS","is_daily":false,"chose_seed":false,"campfire_upgraded":1,"win_rate":0.0,"timestamp":1613010732,"path_taken":["M","M","M","M","M","E","R","E","T","$","M","E","M","M","R","BOSS","M","M","?","M","?","R","E","M","T","M"],"items_purchased_type":["Relic"],"build_version":"2020-12-22","purchased_purges":0,"victory":false,"max_hp_per_floor":[78,78,78,78,78,78,78,78,78,78,78,78,78,78,78,78,78,78,78,78,78,83,83,90,90,90,90,90],"relic_stats":{"counters":[18,79],"Astrolabe":["Blur","Underhanded Strike","Corpse Explosion"],"Tiny Chest":0,"Bag of Preparation":[22],"obtain_stats":[{"HornCleat":26,"Astrolabe":17,"Strawberry":24,"Toolbox":10,"Tiny Chest":6,"Thread and Needle":8,"The Courier":12,"Bag of Preparation":9,"Ring of the Snake":0},{"HornCleat":17,"Astrolabe":12,"Strawberry":16,"Toolbox":7,"Tiny Chest":6,"Thread and Needle":7,"The Courier":9,"Bag of Preparation":7,"Ring of the Snake":0},{"HornCleat":74,"Astrolabe":52,"Strawberry":67,"Toolbox":30,"Tiny Chest":23,"Thread and Needle":30,"The Courier":38,"Bag of Preparation":30,"Ring of the Snake":0}],"Ring of the Snake":[36]},"card_choices":[{"not_picked":["Choke","Outmaneuver"],"picked":"Dagger Throw","floor":1.0},{"not_picked":["PiercingWail","Deflect"],"picked":"Blade Dance","floor":2.0},{"not_picked":["Quick Slash","Grand Finale"],"picked":"Dagger Spray","floor":3.0},{"not_picked":["Accuracy","Deadly Poison"],"picked":"Dash","floor":4.0},{"not_picked":["Dash","Deflect"],"picked":"Flying Knee","floor":5.0},{"not_picked":["Acrobatics","Well Laid Plans"],"picked":"Tools of the Trade","floor":6.0},{"not_picked":["Flechettes","Quick Slash"],"picked":"Bane","floor":8.0},{"not_picked":["Dodge and Roll","Outmaneuver","Wraith Form v2"],"picked":"SKIP","floor":11.0},{"not_picked":["Finisher","Prepared"],"picked":"Phantasmal Killer","floor":12.0},{"not_picked":["Distraction","Prepared"],"picked":"Blade Dance","floor":13.0},{"not_picked":["Dodge and Roll","Backflip","Deadly Poison"],"picked":"SKIP","floor":14.0},{"not_picked":["Burst","Wraith Form v2"],"picked":"A Thousand Cuts","floor":16.0},{"not_picked":["Dodge and Roll","Escape Plan"],"picked":"Choke","floor":18.0},{"not_picked":["Deadly Poison","Dash"],"picked":"Eviscerate+1","floor":21.0},{"not_picked":["Choke","Corpse Explosion","Doppelganger"],"picked":"SKIP","floor":24.0},{"not_picked":["Finisher","Quick Slash"],"picked":"Cloak And Dagger+1","floor":25.0}],"player_experience":1033596,"relics_obtained":[{"floor":6.0,"key":"Tiny Chest"},{"floor":8.0,"key":"Thread and Needle"},{"floor":9.0,"key":"Bag of Preparation"},{"floor":12.0,"key":"The Courier"},{"floor":24.0,"key":"Strawberry"},{"floor":26.0,"key":"HornCleat"}],"event_choices":[{"damage_healed":0.0,"max_hp_gain":0.0,"max_hp_loss":0.0,"gold_gain":0.0,"event_name":"The Library","player_choice":"Read","floor":20.0,"gold_loss":0.0,"damage_taken":0.0,"cards_obtained":["Noxious Fumes"]},{"damage_healed":0.0,"max_hp_gain":5.0,"max_hp_loss":0.0,"gold_gain":0.0,"event_name":"Forgotten Altar","player_choice":"Shed Blood","floor":22.0,"gold_loss":0.0,"damage_taken":27.0}],"is_beta":false,"boss_relics":[{"not_picked":["Ectoplasm","Cursed Key"],"picked":"Astrolabe"}],"items_purged_floors":[],"is_endless":false,"potions_floor_spawned":[3,5,8,11,13,16,21,25],"killed_by":"Sentry and Sphere","ascension_level":19}}