{"host":"rtw1tnr74gozsrw1","time":1613010634,"event":{"mods":["BaseMod","Colored Map","Colored Powertips","Highlight Path","Infinite Spire","Minty Spire (QoL Compilation)","StSLib","The Jungle"],"gold_per_floor":[112,126,56,56,56,56,56,56,81,81,106,106,123,48,48,146,146,163,163,188,198,198,224,224,71,71,105,119,119,146,164,164,262,262,278,328,339,356,372,406,158,158,204,204,204,204,204,216,216,216],"floor_reached":51,"language":"ENG","playtime":2380,"items_purged":["Strike_G","Strike_G","Strike_G","Defend_G","Strike_G"],"score":924,"play_id":"f8ee9c33-a1d8-485f-bbc9-c6c3cd88688c","local_time":"20210211033034","is_ascension_mode":true,"campfire_choices":[{"data":"Noxious Fumes","floor":6,"key":"SMITH"},{"data":"Noxious Fumes","floor":8,"key":"SMITH"},{"data":"Bouncing Flask","floor":15,"key":"SMITH"},{"floor":24,"key":"REST"},{"floor":32,"key":"REST"},{"floor":42,"key":"REST"},{"floor":44,"key":"RECALL"},{"floor":49,"key":"REST"}],"circlet_count":0,"master_deck":["Defend_G","Defend_G","Defend_G","Defend_G","Survivor","Neutralize","Noxious Fumes+1","Noxious Fumes+1","Bouncing Flask+1","Tools of the Trade","Venomology","infinitespire:Fortify","Footwork+1","Footwork","Poisoned Stab","Footwork","Bandage Up+1","Backstab","Footwork","Venomology+1","Distraction+1","Noxious Fumes","Deadly Poison"],"relics":["Ring of the Snake","NeowsBlessing","Tingsha","Dream Catcher","Boot","Fusion Hammer","Eternal Feather","Red Mask","infinitespire:Joker Card","Pantograph","Strawberry","infinitespire:WardingShard","HoveringKite","Turnip","Girya","War Paint","Art of War"],"acts_visited":["Exordium","TheCity","TheBeyond"],"potions_floor_usage":[18,20,20,23,23,27,28,33,35,35,36,37,37,38,38,39,40,40,47,47,50,50,50],"damage_taken":[{"damage":0,"enemies":"Small Slimes","floor":1,"turns":1},{"damage":0,"enemies":"Jaw Worm","floor":2,"turns":1},{"damage":0,"enemies":"3 Sentries","floor":11,"turns":1},{"damage":0,"enemies":"2 Louse","floor":13,"turns":3},{"damage":35,"enemies":"Slime Boss","floor":16,"turns":8},{"damage":0,"enemies":"Spheric Guardian","floor":18,"turns":3},{"damage":25,"enemies":"Masked Bandits","floor":20,"turns":4},{"damage":3,"enemies":"Shell Parasite","floor":21,"turns":5},{"damage":5,"enemies":"Slavers","floor":23,"turns":5},{"damage":0,"enemies":"Book of Stabbing","floor":27,"turns":6},{"damage":0,"enemies":"Snecko","floor":28,"turns":5},{"damage":0,"enemies":"Gremlin Leader","floor":30,"turns":7},{"damage":18,"enemies":"Shelled Parasite and Fungi","floor":31,"turns":5},{"damage":32,"enemies":"Collector","floor":33,"turns":10},{"damage":15,"enemies":"3 Darklings","floor":35,"turns":6},{"damage":28,"enemies":"Mind Bloom Boss Battle","floor":36,"turns":6},{"damage":4,"enemies":"Orb Walker","floor":37,"turns":5},{"damage":8,"enemies":"Transient","floor":38,"turns":5},{"damage":1,"enemies":"Jaw Worm Horde","floor":39,"turns":6},{"damage":18,"enemies":"Nightmare","floor":40,"turns":6},{"damage":3,"enemies":"Reptomancer","floor":47,"turns":2},{"damage":44,"enemies":"Sphere and 2 Shapes","floor":48,"turns":5},{"damage":83,"enemies":"Awakened One","floor":50,"turns":14}],"seed_played":"-6273210303713854006","potions_obtained":[{"floor":2,"key":"Fruit Juice"},{"floor":13,"key":"Strength Potion"},{"floor":18,"key":"Fire Potion"},{"floor":21,"key":"ColorlessPotion"},{"floor":27,"key":"DuplicationPotion"},{"floor":28,"key":"BlessingOfTheForge"},{"floor":40,"key":"Poison Potion"}],"is_trial":false,"path_per_floor":["M","M","$","?","T","R","?","R","T","?","E","?","M","$","R","B",null,"M","AVR","?","M","?","E","R","$","T","E","M","?","E","M","R","B",null,"M","?","M","M","M","NM","$","R","T","R","AVR","?","E","M","R","B",null],"character_chosen":"THE_SILENT","items_purchased":["Noxious Fumes","Poisoned Stab","Noxious Fumes","Deadly Poison"],"campfire_rested":4,"item_purchase_floors":[3,25,41,41],"current_hp_per_floor":[70,70,70,70,70,70,70,70,70,70,70,70,70,70,70,35,70,75,75,50,47,47,42,73,73,73,80,80,80,82,64,82,54,82,81,58,58,54,57,43,43,79,79,82,82,82,82,38,74,7],"gold":216,"neow_bonus":"THREE_ENEMY_KILL","is_daily":false,"chose_seed":false,"campfire_upgraded":3,"win_rate":0.0,"timestamp":1613010634,"path_taken":["M","M","$","?","?","R","?","R","T","?","E","?","?","$","R","BOSS","M","AVR","?","M","?","E","R","$","T","E","M","?","E","M","R","BOSS","M","?","M","M","M","NM","$","R","T","R","AVR","?","E","M","R","BOSS"],"items_purchased_type":["Card","Card","Card","Card"],"build_version":"2020-12-22","purchased_purges":5,"victory":true,"max_hp_per_floor":[70,70,70,70,70,70,70,70,70,70,70,70,70,70,70,70,70,75,75,75,75,75,75,75,75,75,82,82,82,82,82,82,82,82,82,82,82,82,82,82,82,82,82,82,82,82,82,82,82,82],"card_choices":[{"not_picked":["Catalyst","PiercingWail"],"picked":"Noxious Fumes","floor":1},{"not_picked":["Backflip","Bane","Reflex"],"picked":"SKIP","floor":2},{"not_picked":["Slice","Well Laid Plans"],"picked":"Bouncing Flask","floor":11},{"not_picked":["Caltrops","Acrobatics"],"picked":"Tools of the Trade","floor":13},{"not_picked":["Die Die Die","Glass Knife"],"picked":"Venomology","floor":16},{"not_picked":["Heel Hook","Endless Agony+1","Cloak And Dagger"],"picked":"SKIP","floor":18},{"not_picked":["Infinite Blades","Skewer"],"picked":"Footwork+1","floor":21},{"not_picked":["Envenom","Blur+1"],"picked":"Footwork","floor":23},{"not_picked":["Poisoned Stab","Quick Slash"],"picked":"Footwork","floor":27},{"not_picked":["Dagger Spray","Dagger Throw","Accuracy+1"],"picked":"SKIP","floor":28},{"not_picked":["Glass Knife","Caltrops"],"picked":"Backstab","floor":30},{"not_picked":["Sucker Punch","Dodge and Roll","Cloak And Dagger+1"],"picked":"SKIP","floor":31},{"not_picked":["Doppelganger","Sucker Punch"],"picked":"Footwork","floor":32},{"not_picked":["A Thousand Cuts","Doppelganger"],"picked":"Venomology","floor":33},{"not_picked":["Escape Plan","Dodge and Roll","Skewer+1"],"picked":"SKIP","floor":35},{"not_picked":["Riddle With Holes+1","Heel Hook"],"picked":"Distraction+1","floor":37},{"not_picked":["Dagger Spray","Heel Hook","Slice"],"picked":"SKIP","floor":38},{"not_picked":["Flying Knee+1","Riddle With Holes","Sucker Punch"],"picked":"SKIP","floor":39},{"not_picked":["Cloak And Dagger","Tactician+1","Acrobatics"],"picked":"SKIP","floor":40},{"not_picked":["Acrobatics","Flying Knee","Sucker Punch"],"picked":"SKIP","floor":48}],"player_experience":122075,"relics_obtained":[{"floor":5,"key":"Tingsha"},{"floor":9,"key":"Dream Catcher"},{"floor":11,"key":"Boot"},{"floor":20,"key":"Red Mask"},{"floor":23,"key":"infinitespire:Joker Card"},{"floor":26,"key":"Pantograph"},{"floor":27,"key":"Strawberry"},{"floor":30,"key":"infinitespire:WardingShard"},{"floor":36,"key":"Turnip"},{"floor":40,"key":"Girya"},{"floor":43,"key":"War Paint"}],"event_choices":[{"damage_healed":0,"gold_gain":0,"player_choice":"Ignored","damage_taken":0,"max_hp_gain":0,"max_hp_loss":0,"event_name":"Liars Game","floor":4,"gold_loss":0},{"damage_healed":0,"gold_gain":0,"player_choice":"Ignored","damage_taken":0,"max_hp_gain":0,"max_hp_loss":0,"event_name":"Golden Idol","floor":7,"gold_loss":0},{"damage_healed":0,"gold_gain":0,"player_choice":"Searched \u00270\u0027 times","damage_taken":0,"max_hp_gain":0,"max_hp_loss":0,"event_name":"Dead Adventurer","floor":10,"gold_loss":0},{"cards_removed":["Strike_G"],"damage_healed":0,"gold_gain":0,"player_choice":"Forget","damage_taken":0,"max_hp_gain":0,"max_hp_loss":0,"event_name":"Living Wall","floor":12,"gold_loss":0},{"damage_healed":0,"gold_gain":0,"player_choice":"Fought Bandits","damage_taken":0,"max_hp_gain":0,"max_hp_loss":0,"event_name":"Masked Bandits","floor":20,"gold_loss":0},{"damage_healed":0,"gold_gain":0,"player_choice":"Ignored","damage_taken":0,"max_hp_gain":0,"max_hp_loss":0,"event_name":"The Mausoleum","floor":22,"gold_loss":0},{"damage_healed":0,"gold_gain":0,"player_choice":"1 cards matched","damage_taken":0,"max_hp_gain":0,"max_hp_loss":0,"event_name":"Match and Keep!","floor":29,"gold_loss":0,"cards_obtained":["Bandage Up"]},{"damage_healed":0,"gold_gain":0,"player_choice":"Fight","damage_taken":0,"max_hp_gain":0,"max_hp_loss":0,"event_name":"MindBloom","floor":36,"gold_loss":0},{"damage_healed":0,"gold_gain":0,"player_choice":"Memory 1","damage_taken":0,"max_hp_gain":0,"max_hp_loss":0,"event_name":"SensoryStone","floor":46,"gold_loss":0}],"is_beta":false,"boss_relics":[{"not_picked":["WristBlade","Runic Dome"],"picked":"Fusion Hammer"},{"not_picked":["Velvet Choker","Ring of the Serpent"],"picked":"HoveringKite"}],"items_purged_floors":[14,19,25,41,45],"is_endless":false,"potions_floor_spawned":[2,13,18,21,27,28,31,35,36,40,47],"ascension_level":1}}