{"host":"uafoej811sw8via1","time":1613020336,"event":{"mods":["BaseMod","Minty Spire (QoL Compilation)","Relic Stats","StSLib"],"gold_per_floor":[117,127,127,127,147,173,183,212,266,231,62,92,106,117,117,194,194,212,32,51,70,70,95,95,127,127,52,52,71,96,129,129,201,201,214,214,225,16,0,30,30,43,43,54,66,79,112,112,112,112,112,112,112,2,31,31,31],"floor_reached":56,"language":"ENG","playtime":4480,"items_purged":["Strike_R","Strike_R"],"score":1924,"play_id":"04f3ea98-300d-4984-a056-220998511862","local_time":"20210211001216","is_ascension_mode":true,"campfire_choices":[{"floor":15.0,"key":"RECALL"},{"floor":24.0,"key":"REST"},{"floor":28.0,"key":"REST"},{"floor":32.0,"key":"REST"},{"floor":41.0,"key":"REST"},{"floor":49.0,"key":"REST"},{"floor":53.0,"key":"REST"}],"circlet_count":0,"master_deck":["AscendersBane","Strike_R","Strike_R","Defend_R","Defend_R","Defend_R","Defend_R","Bash","Power Through","Clothesline","True Grit","Bludgeon","Evolve","Impervious","Fire Breathing","Twin Strike","Power Through","Shrug It Off","Reaper","Thunderclap+1","Dark Embrace","Battle Trance","Decay","Corruption","Sever Soul","Juggernaut","Second Wind","Feel No Pain+1","Pommel Strike+1","Wild Strike","Iron Wave+1","Shrug It Off","Power Through","Body Slam+1"],"relics":["Fusion Hammer","Bronze Scales","Pear","Tiny Chest","Red Skull","Orrery","FossilizedHelix","SacredBark","Letter Opener","Pantograph","Charon\u0027s Ashes","Oddly Smooth Stone","The Courier","Mark of Pain","Membership Card","Red Mask","CaptainsWheel","Juzu Bracelet","Unceasing Top","Ornamental Fan"],"acts_visited":["Exordium","TheCity","TheBeyond","TheEnding"],"potions_floor_usage":[56,56],"damage_taken":[{"damage":7.0,"enemies":"Small Slimes","floor":1.0,"turns":3.0},{"damage":2.0,"enemies":"2 Louse","floor":2.0,"turns":4.0},{"damage":0.0,"enemies":"Jaw Worm","floor":5.0,"turns":3.0},{"damage":10.0,"enemies":"Gremlin Nob","floor":6.0,"turns":4.0},{"damage":0.0,"enemies":"3 Louse","floor":7.0,"turns":3.0},{"damage":20.0,"enemies":"Lagavulin","floor":8.0,"turns":7.0},{"damage":8.0,"enemies":"Gremlin Nob","floor":12.0,"turns":3.0},{"damage":0.0,"enemies":"Blue Slaver","floor":13.0,"turns":2.0},{"damage":0.0,"enemies":"Exordium Thugs","floor":14.0,"turns":4.0},{"damage":9.0,"enemies":"Hexaghost","floor":16.0,"turns":8.0},{"damage":34.0,"enemies":"Shell Parasite","floor":18.0,"turns":8.0},{"damage":5.0,"enemies":"3 Byrds","floor":20.0,"turns":4.0},{"damage":22.0,"enemies":"Snake Plant","floor":21.0,"turns":6.0},{"damage":57.0,"enemies":"Book of Stabbing","floor":23.0,"turns":7.0},{"damage":59.0,"enemies":"Gremlin Leader","floor":25.0,"turns":9.0},{"damage":9.0,"enemies":"Cultist and Chosen","floor":29.0,"turns":5.0},{"damage":34.0,"enemies":"Book of Stabbing","floor":31.0,"turns":5.0},{"damage":35.0,"enemies":"Champ","floor":33.0,"turns":15.0},{"damage":0.0,"enemies":"Orb Walker","floor":35.0,"turns":3.0},{"damage":21.0,"enemies":"3 Darklings","floor":37.0,"turns":5.0},{"damage":17.0,"enemies":"Nemesis","floor":40.0,"turns":9.0},{"damage":0.0,"enemies":"Writhing Mass","floor":42.0,"turns":5.0},{"damage":3.0,"enemies":"Maw","floor":44.0,"turns":5.0},{"damage":0.0,"enemies":"4 Shapes","floor":45.0,"turns":3.0},{"damage":0.0,"enemies":"Jaw Worm Horde","floor":46.0,"turns":4.0},{"damage":18.0,"enemies":"Giant Head","floor":47.0,"turns":7.0},{"damage":39.0,"enemies":"Donu and Deca","floor":50.0,"turns":7.0},{"damage":123.0,"enemies":"Awakened One","floor":51.0,"turns":12.0},{"damage":60.0,"enemies":"Shield and Spear","floor":55.0,"turns":6.0},{"damage":50,"enemies":"The Heart","floor":56,"turns":6}],"seed_played":"7972726164477452274","potions_obtained":[{"floor":2.0,"key":"AttackPotion"},{"floor":5.0,"key":"FearPotion"},{"floor":6.0,"key":"Ancient Potion"},{"floor":7.0,"key":"FearPotion"},{"floor":13.0,"key":"PowerPotion"},{"floor":16.0,"key":"SpeedPotion"},{"floor":21.0,"key":"Fire Potion"},{"floor":29.0,"key":"SteroidPotion"},{"floor":35.0,"key":"Block Potion"},{"floor":42.0,"key":"Fire Potion"},{"floor":46.0,"key":"GamblersBrew"},{"floor":55.0,"key":"EssenceOfSteel"}],"is_trial":false,"path_per_floor":["M","M","?","?","M","E","M","E","T","?","$","E","M","M","R","B",null,"M","$","M","M","?","E","R","E","T","?","R","M","T","E","R","B",null,"M","?","M","$","?","E","R","M","T","M","M","M","E","T","R","B","B",null,"R","$","E","B"],"character_chosen":"IRONCLAD","items_purchased":["Orrery","FairyPotion","Membership Card","Regen Potion","Swift Potion","ElixirPotion","Shrug It Off","Power Through"],"campfire_rested":6,"item_purchase_floors":[11,19,38,38,54,54,54,54],"current_hp_per_floor":[61,59,64,38,38,38,38,18,18,40,40,32,32,32,32,23,73,43,43,40,25,25,31,58,24,24,24,51,48,48,24,51,41,78,82,82,61,61,61,44,69,69,69,69,69,73,62,62,85,54,17,68,85,85,25,0,0],"gold":31,"neow_bonus":"BOSS_RELIC","is_daily":false,"chose_seed":false,"campfire_upgraded":0,"win_rate":0.0,"timestamp":1613020336,"path_taken":["M","M","?","?","M","E","M","E","T","?","$","E","M","M","R","BOSS","M","$","M","M","?","E","R","E","T","?","R","M","?","E","R","BOSS","M","?","M","?","?","E","R","M","T","M","M","M","E","?","R","BOSS","BOSS","R","$","E","BOSS"],"items_purchased_type":["Relic","Potion","Relic","Potion","Potion","Potion","Card","Card"],"build_version":"2020-12-22","purchased_purges":2,"victory":false,"max_hp_per_floor":[75,75,80,80,80,90,90,90,90,90,90,90,90,90,90,90,90,90,90,90,90,90,90,90,90,90,90,90,90,90,90,90,90,90,90,85,85,85,85,85,85,85,85,85,85,85,85,85,85,85,85,85,85,85,85,85,85],"relic_stats":{"counters":[30,172],"Ornamental Fan":[0],"Bronze Scales":[656],"Pantograph":75,"Tiny Chest":2,"Charon\u0027s Ashes":[674],"Juzu Bracelet":0,"Letter Opener":[175],"obtain_stats":[{"Pear":6,"SacredBark":17,"Oddly Smooth Stone":30,"Charon\u0027s Ashes":26,"The Courier":31,"Juzu Bracelet":47,"Letter Opener":23,"Burning Blood":0,"CaptainsWheel":40,"Ornamental Fan":55,"Bronze Scales":4,"Pantograph":25,"Orrery":11,"Tiny Chest":8,"Fusion Hammer":0,"Mark of Pain":34,"Red Mask":39,"Membership Card":38,"Red Skull":9,"FossilizedHelix":12,"Unceasing Top":48},{"Pear":4,"SacredBark":10,"Oddly Smooth Stone":16,"Charon\u0027s Ashes":15,"The Courier":17,"Juzu Bracelet":26,"Letter Opener":14,"Burning Blood":0,"CaptainsWheel":21,"Ornamental Fan":29,"Bronze Scales":2,"Pantograph":15,"Orrery":6,"Tiny Chest":6,"Fusion Hammer":0,"Mark of Pain":18,"Red Mask":20,"Membership Card":20,"Red Skull":6,"FossilizedHelix":7,"Unceasing Top":26},{"Pear":14,"SacredBark":41,"Oddly Smooth Stone":80,"Charon\u0027s Ashes":75,"The Courier":85,"Juzu Bracelet":141,"Letter Opener":66,"Burning Blood":0,"CaptainsWheel":117,"Ornamental Fan":166,"Bronze Scales":7,"Pantograph":75,"Orrery":24,"Tiny Chest":24,"Fusion Hammer":0,"Mark of Pain":100,"Red Mask":108,"Membership Card":108,"Red Skull":24,"FossilizedHelix":27,"Unceasing Top":141}],"Unceasing Top":[2]},"card_choices":[{"not_picked":["Anger","Havoc"],"picked":"Power Through","floor":1.0},{"not_picked":["Sword Boomerang","Rampage"],"picked":"Clothesline","floor":2.0},{"not_picked":["Anger","Corruption"],"picked":"True Grit","floor":5.0},{"not_picked":["Uppercut","Demon Form"],"picked":"Bludgeon","floor":6.0},{"not_picked":["Twin Strike","Anger"],"picked":"Evolve","floor":7.0},{"not_picked":["Body Slam","Uppercut","Combust"],"picked":"SKIP","floor":8.0},{"not_picked":["Iron Wave","True Grit"],"picked":"Impervious","floor":11.0},{"not_picked":["Flex","Iron Wave"],"picked":"Fire Breathing","floor":11.0},{"not_picked":["Perfected Strike","Uppercut"],"picked":"Twin Strike","floor":11.0},{"not_picked":["Blood for Blood","Headbutt"],"picked":"Power Through","floor":12.0},{"not_picked":["Wild Strike","Heavy Blade"],"picked":"Shrug It Off","floor":13.0},{"not_picked":["Anger","Body Slam","Flex"],"picked":"SKIP","floor":14.0},{"not_picked":["Brutality","Corruption"],"picked":"Reaper","floor":16.0},{"not_picked":["Blood for Blood","Armaments"],"picked":"Thunderclap+1","floor":18.0},{"not_picked":["Shrug It Off","Pommel Strike"],"picked":"Dark Embrace","floor":20.0},{"not_picked":["Searing Blow","Body Slam"],"picked":"Battle Trance","floor":21.0},{"not_picked":["Perfected Strike","Thunderclap"],"picked":"Corruption","floor":23.0},{"not_picked":["Headbutt","Twin Strike"],"picked":"Sever Soul","floor":25.0},{"not_picked":["Anger","Wild Strike","Perfected Strike"],"picked":"SKIP","floor":29.0},{"not_picked":["Entrench","Infernal Blade","Evolve"],"picked":"SKIP","floor":31.0},{"not_picked":["Offering","Exhume"],"picked":"Juggernaut","floor":33.0},{"not_picked":["Rage","Warcry","True Grit"],"picked":"SKIP","floor":35.0},{"not_picked":["Twin Strike","Rampage"],"picked":"Second Wind","floor":37.0},{"not_picked":["Headbutt","Searing Blow","Cleave"],"picked":"SKIP","floor":40.0},{"not_picked":["Searing Blow","Thunderclap"],"picked":"Feel No Pain+1","floor":42.0},{"not_picked":["Sever Soul","Shrug It Off"],"picked":"Pommel Strike+1","floor":44.0},{"not_picked":["Clash","Havoc","Clothesline"],"picked":"SKIP","floor":45.0},{"not_picked":["Evolve","Iron Wave+1"],"picked":"Wild Strike","floor":46.0},{"not_picked":["Clothesline","Heavy Blade+1"],"picked":"Iron Wave+1","floor":47.0},{"not_picked":["Twin Strike","Headbutt"],"picked":"Body Slam+1","floor":55.0}],"player_experience":1025335,"relics_obtained":[{"floor":6.0,"key":"Pear"},{"floor":8.0,"key":"Tiny Chest"},{"floor":9.0,"key":"Red Skull"},{"floor":12.0,"key":"FossilizedHelix"},{"floor":23.0,"key":"Letter Opener"},{"floor":25.0,"key":"Pantograph"},{"floor":26.0,"key":"Charon\u0027s Ashes"},{"floor":30.0,"key":"Oddly Smooth Stone"},{"floor":31.0,"key":"The Courier"},{"floor":40.0,"key":"CaptainsWheel"},{"floor":47.0,"key":"Juzu Bracelet"},{"floor":48.0,"key":"Unceasing Top"},{"floor":55.0,"key":"Ornamental Fan"}],"event_choices":[{"damage_healed":0.0,"max_hp_gain":5.0,"max_hp_loss":0.0,"gold_gain":0.0,"event_name":"Big Fish","player_choice":"Donut","floor":3.0,"gold_loss":0.0,"damage_taken":0.0},{"damage_healed":0.0,"max_hp_gain":0.0,"max_hp_loss":0.0,"gold_gain":0.0,"event_name":"Scrap Ooze","player_choice":"Success","floor":4.0,"gold_loss":0.0,"damage_taken":26.0,"relics_obtained":["Bronze Scales"]},{"damage_healed":22.0,"max_hp_gain":0.0,"max_hp_loss":0.0,"gold_gain":0.0,"event_name":"The Cleric","player_choice":"Healed","floor":10.0,"gold_loss":35.0,"damage_taken":0.0},{"damage_healed":0.0,"max_hp_gain":0.0,"max_hp_loss":0.0,"gold_gain":0.0,"event_name":"Forgotten Altar","player_choice":"Smashed Altar","floor":22.0,"gold_loss":0.0,"damage_taken":0.0,"cards_obtained":["Decay"]},{"cards_removed":["Strike_R"],"damage_healed":0.0,"max_hp_gain":0.0,"max_hp_loss":0.0,"gold_gain":0.0,"event_name":"Beggar","player_choice":"Gave Gold","floor":27.0,"gold_loss":75.0,"damage_taken":0.0},{"damage_healed":0.0,"max_hp_gain":0.0,"max_hp_loss":5.0,"gold_gain":0.0,"event_name":"Winding Halls","player_choice":"Max HP","floor":36.0,"gold_loss":0.0,"damage_taken":0.0},{"damage_healed":0.0,"max_hp_gain":0.0,"max_hp_loss":0.0,"gold_gain":0.0,"event_name":"Tomb of Lord Red Mask","player_choice":"Paid","floor":39.0,"gold_loss":16.0,"damage_taken":0.0,"relics_obtained":["Red Mask"]}],"is_beta":false,"boss_relics":[{"not_picked":["Cursed Key","Runic Dome"],"picked":"SacredBark"},{"not_picked":["Tiny House","Runic Cube"],"picked":"Mark of Pain"}],"items_purged_floors":[19,38],"is_endless":false,"potions_floor_spawned":[2,5,6,7,13,16,21,29,31,35,42,44,46,55],"killed_by":"The Heart","ascension_level":20}}