{"host":"dvpvhz1t6etneyb3","time":1613009555,"event":{"mods":["AchievementEnabler","BaseMod","Colored Map","Highlight Path","Minty Spire (QoL Compilation)","Permanent Neow","Quick Restart"],"gold_per_floor":[118,133,143,68,68,100,113,113,113,113,131,165,165,47,47,125,125,141,161,178,178,103,103,117,129,201,201,232,232,26,59,59,133,133,152,152,171,171,187,212,212,245,245,245,263,294,30,30,30,30,30,30],"floor_reached":51,"language":"ENG","playtime":2980,"items_purged":["Strike_B"],"score":1426,"play_id":"5ed611be-42a8-42d2-b738-f91fc0cd819b","local_time":"20210210211235","is_ascension_mode":true,"campfire_choices":[{"data":"Dualcast","floor":8.0,"key":"SMITH"},{"data":"Zap","floor":10.0,"key":"SMITH"},{"data":"Ball Lightning","floor":13.0,"key":"SMITH"},{"data":"Capacitor","floor":15.0,"key":"SMITH"},{"floor":23.0,"key":"REST"},{"floor":27.0,"key":"REST"},{"data":"Glacier","floor":29.0,"key":"SMITH"},{"floor":32.0,"key":"REST"},{"floor":41.0,"key":"REST"},{"floor":49.0,"key":"RECALL"}],"circlet_count":0,"master_deck":["AscendersBane","Defend_B+1","Defend_B+1","Zap+1","Dualcast+1","Melter","Ball Lightning+1","Ball Lightning","Glacier+1","Ball Lightning","Coolheaded+1","Capacitor+1","Fission+1","Darkness+1","White Noise+1","Coolheaded+1","Go for the Eyes+1","Creative AI","Hologram+1","Echo Form","Jack Of All Trades+1","Bandage Up+1","Hologram+1","Barrage+1","Rainbow+1","Turbo+1","Madness+1","Madness+1"],"relics":["Cracked Core","Boot","Mercury Hourglass","Toxic Egg 2","Philosopher\u0027s Stone","Matryoshka","Red Mask","Peace Pipe","Fusion Hammer","Letter Opener","Turnip","Bronze Scales","Darkstone Periapt","Eternal Feather"],"acts_visited":["Exordium","TheCity","TheBeyond"],"potions_floor_usage":[50,51],"damage_taken":[{"damage":0.0,"enemies":"2 Louse","floor":1.0,"turns":3.0},{"damage":5.0,"enemies":"Small Slimes","floor":2.0,"turns":3.0},{"damage":0.0,"enemies":"Cultist","floor":3.0,"turns":3.0},{"damage":30.0,"enemies":"3 Sentries","floor":6.0,"turns":7.0},{"damage":1.0,"enemies":"3 Louse","floor":7.0,"turns":3.0},{"damage":0.0,"enemies":"Blue Slaver","floor":11.0,"turns":2.0},{"damage":6.0,"enemies":"Lagavulin","floor":12.0,"turns":4.0},{"damage":17.0,"enemies":"Hexaghost","floor":16.0,"turns":8.0},{"damage":3.0,"enemies":"Shell Parasite","floor":18.0,"turns":5.0},{"damage":0.0,"enemies":"Spheric Guardian","floor":19.0,"turns":3.0},{"damage":31.0,"enemies":"Shelled Parasite and Fungi","floor":20.0,"turns":4.0},{"damage":9.0,"enemies":"Chosen and Byrds","floor":24.0,"turns":3.0},{"damage":0.0,"enemies":"3 Cultists","floor":25.0,"turns":4.0},{"damage":5.0,"enemies":"Masked Bandits","floor":28.0,"turns":3.0},{"damage":15.0,"enemies":"Slavers","floor":31.0,"turns":3.0},{"damage":24.0,"enemies":"Collector","floor":33.0,"turns":10.0},{"damage":11.0,"enemies":"3 Darklings","floor":35.0,"turns":6.0},{"damage":12.0,"enemies":"Orb Walker","floor":37.0,"turns":3.0},{"damage":18.0,"enemies":"3 Darklings","floor":39.0,"turns":4.0},{"damage":18.0,"enemies":"Reptomancer","floor":40.0,"turns":7.0},{"damage":13.0,"enemies":"Nemesis","floor":42.0,"turns":5.0},{"damage":0.0,"enemies":"Transient","floor":45.0,"turns":6.0},{"damage":10.0,"enemies":"Giant Head","floor":46.0,"turns":7.0},{"damage":66,"enemies":"Awakened One","floor":50,"turns":12},{"damage":26,"enemies":"Donu and Deca","floor":51,"turns":2}],"seed_played":"1659136822356737688","potions_obtained":[{"floor":1.0,"key":"BlessingOfTheForge"},{"floor":3.0,"key":"Ancient Potion"},{"floor":12.0,"key":"Regen Potion"},{"floor":31.0,"key":"PotionOfCapacity"},{"floor":33.0,"key":"LiquidBronze"},{"floor":40.0,"key":"Regen Potion"},{"floor":42.0,"key":"SneckoOil"},{"floor":45.0,"key":"PotionOfCapacity"}],"is_trial":false,"path_per_floor":["M","M","M","?","?","E","M","R","T","R","M","E","R","$","R","B",null,"M","M","M","?","?","R","M","M","T","R","?","R","$","E","R","B",null,"M","?","M","?","M","E","R","E","T","?","M","E","$","?","R","B","B"],"character_chosen":"DEFECT","items_purchased":["Capacitor","Creative AI","Swift Potion","Eternal Feather"],"campfire_rested":4,"item_purchase_floors":[14,30,30,47],"current_hp_per_floor":[71,66,66,66,59,29,28,28,28,28,28,22,22,22,22,5,60,57,57,35,35,35,58,49,49,49,72,67,67,67,52,75,51,71,60,55,49,49,37,25,48,55,55,55,67,69,69,55,70,10,0,0],"gold":30,"neow_bonus":"TEN_PERCENT_HP_BONUS","is_daily":false,"chose_seed":false,"campfire_upgraded":5,"win_rate":0.0,"timestamp":1613009555,"path_taken":["M","M","M","?","?","E","M","R","T","R","M","E","R","$","R","BOSS","M","M","M","?","?","R","M","M","T","R","?","R","$","E","R","BOSS","M","?","M","?","M","E","R","E","T","?","?","E","$","?","R","BOSS","BOSS"],"items_purchased_type":["Card","Card","Potion","Relic"],"build_version":"2020-12-22","purchased_purges":1,"victory":false,"max_hp_per_floor":[78,78,78,78,78,78,78,78,78,78,78,78,78,78,78,78,78,78,78,78,78,78,78,78,78,78,78,78,78,78,78,78,78,78,78,78,78,78,78,78,78,78,78,78,78,78,78,78,78,78,78,78],"card_choices":[{"not_picked":["Stack","Rebound"],"picked":"Melter","floor":1.0},{"not_picked":["Rebound","Turbo"],"picked":"Ball Lightning","floor":2.0},{"not_picked":["Stack","Turbo"],"picked":"Ball Lightning","floor":3.0},{"not_picked":["Core Surge","Gash"],"picked":"Glacier","floor":6.0},{"not_picked":["Reprogram","Cold Snap"],"picked":"Ball Lightning","floor":7.0},{"not_picked":["Darkness","Coolheaded","Redo"],"picked":"SKIP","floor":11.0},{"not_picked":["Streamline","White Noise+1"],"picked":"Coolheaded+1","floor":12.0},{"not_picked":["Machine Learning","Reboot+1"],"picked":"Fission+1","floor":16.0},{"not_picked":["Steam+1","Skim+1"],"picked":"Darkness+1","floor":18.0},{"not_picked":["Gash","Cold Snap"],"picked":"White Noise+1","floor":19.0},{"not_picked":["Gash","Capacitor"],"picked":"Coolheaded+1","floor":20.0},{"not_picked":["Beam Cell","Sweeping Beam"],"picked":"Go for the Eyes+1","floor":24.0},{"not_picked":["Ball Lightning+1","Machine Learning","Steam+1"],"picked":"SKIP","floor":25.0},{"not_picked":["Coolheaded+1","Cold Snap+1"],"picked":"Hologram+1","floor":31.0},{"not_picked":["Thunder Strike","Core Surge"],"picked":"Echo Form","floor":33.0},{"not_picked":["Compile Driver","Sweeping Beam","Ball Lightning"],"picked":"SKIP","floor":35.0},{"not_picked":["Mind Blast","Swift Strike"],"picked":"Jack Of All Trades+1","floor":36.0},{"not_picked":["Apotheosis+1","Purity+1"],"picked":"Bandage Up+1","floor":36.0},{"not_picked":["Steam+1","Barrage","Leap+1"],"picked":"SKIP","floor":37.0},{"not_picked":["Static Discharge","Sunder+1"],"picked":"Hologram+1","floor":39.0},{"not_picked":["Cold Snap+1","BootSequence+1"],"picked":"Barrage+1","floor":40.0},{"not_picked":["Auto Shields+1","Conserve Battery+1"],"picked":"Rainbow+1","floor":42.0},{"not_picked":["Streamline","Go for the Eyes","Gash"],"picked":"SKIP","floor":45.0},{"not_picked":["Blizzard","Loop"],"picked":"Turbo+1","floor":46.0}],"player_experience":2186170,"relics_obtained":[{"floor":6.0,"key":"Boot"},{"floor":9.0,"key":"Mercury Hourglass"},{"floor":12.0,"key":"Toxic Egg 2"},{"floor":26.0,"key":"Matryoshka"},{"floor":28.0,"key":"Red Mask"},{"floor":31.0,"key":"Peace Pipe"},{"floor":40.0,"key":"Letter Opener"},{"floor":42.0,"key":"Turnip"},{"floor":43.0,"key":"Bronze Scales"},{"floor":46.0,"key":"Darkstone Periapt"}],"event_choices":[{"cards_removed":["Strike_B"],"damage_healed":0.0,"max_hp_gain":0.0,"max_hp_loss":0.0,"gold_gain":0.0,"event_name":"The Cleric","player_choice":"Card Removal","floor":4.0,"gold_loss":75.0,"damage_taken":0.0},{"cards_removed":["Strike_B"],"damage_healed":0.0,"max_hp_gain":0.0,"max_hp_loss":0.0,"gold_gain":0.0,"event_name":"Golden Wing","player_choice":"Card Removal","floor":5.0,"gold_loss":0.0,"damage_taken":7.0},{"damage_healed":0.0,"max_hp_gain":0.0,"max_hp_loss":0.0,"gold_gain":0.0,"event_name":"Back to Basics","player_choice":"Simplicity","floor":21.0,"gold_loss":0.0,"damage_taken":0.0,"cards_upgraded":["Strike_B","Defend_B","Defend_B","Defend_B","Defend_B"]},{"cards_removed":["Strike_B"],"damage_healed":0.0,"max_hp_gain":0.0,"max_hp_loss":0.0,"gold_gain":0.0,"event_name":"Beggar","player_choice":"Gave Gold","floor":22.0,"gold_loss":75.0,"damage_taken":0.0},{"damage_healed":0.0,"max_hp_gain":0.0,"max_hp_loss":0.0,"gold_gain":0.0,"event_name":"Masked Bandits","player_choice":"Fought Bandits","floor":28.0,"gold_loss":0.0,"damage_taken":0.0},{"damage_healed":0.0,"max_hp_gain":0.0,"max_hp_loss":0.0,"gold_gain":0.0,"event_name":"SensoryStone","player_choice":"Memory 2","floor":36.0,"gold_loss":0.0,"damage_taken":5.0},{"cards_removed":["Defend_B"],"damage_healed":0.0,"max_hp_gain":0.0,"max_hp_loss":0.0,"gold_gain":0.0,"event_name":"Falling","player_choice":"Removed Skill","floor":38.0,"gold_loss":0.0,"damage_taken":0.0},{"cards_removed":["Defend_B"],"damage_healed":0.0,"max_hp_gain":0.0,"max_hp_loss":0.0,"gold_gain":0.0,"event_name":"Purifier","player_choice":"Purged","floor":44.0,"gold_loss":0.0,"damage_taken":0.0},{"damage_healed":0.0,"max_hp_gain":0.0,"max_hp_loss":0.0,"gold_gain":0.0,"event_name":"Winding Halls","player_choice":"Embrace Madness","floor":48.0,"gold_loss":0.0,"damage_taken":14.0,"cards_obtained":["Madness","Madness"]}],"is_beta":false,"boss_relics":[{"not_picked":["Sozu","SacredBark"],"picked":"Philosopher\u0027s Stone"},{"not_picked":["Coffee Dripper","Velvet Choker"],"picked":"Fusion Hammer"}],"items_purged_floors":[14],"is_endless":false,"potions_floor_spawned":[1,3,12,16,18,31,33,40,42,45],"killed_by":"Donu and Deca","ascension_level":20}}