{"host":"kda2p2afd6bvz6qo","time":1613078385,"event":{"mods":["BaseMod","Colored Map","Minty Spire (QoL Compilation)","Relic Stats"],"gold_per_floor":[117,117,130,55,205,240,240,8,84,110,70,70,98,118,118,193,193,212,232,251,251,251,276,276,310,334,349,380,380,396,423,423,500,500,515,515,527,552,1,36,56,0,0,33,33,44,44,75,75,75,75,75,75,25,53,53,53],"floor_reached":56,"language":"ENG","playtime":3932,"items_purged":["Doubt","Injury","Injury"],"score":2208,"play_id":"375b258a-eaa5-4c8f-8c3f-6f3eae1a6af4","local_time":"20210211211945","is_ascension_mode":true,"campfire_choices":[{"data":"Deadly Poison","floor":7.0,"key":"SMITH"},{"data":"Malaise","floor":12.0,"key":"SMITH"},{"data":"Footwork","floor":15.0,"key":"SMITH"},{"data":"J.A.X.","floor":29.0,"key":"SMITH"},{"data":"Leg Sweep","floor":32.0,"key":"SMITH"},{"floor":47.0,"key":"RECALL"},{"data":"Leg Sweep","floor":49.0,"key":"SMITH"},{"data":"After Image","floor":53.0,"key":"SMITH"}],"circlet_count":0,"master_deck":["AscendersBane","Defend_G+1","Defend_G+1","Defend_G+1","Defend_G+1","Survivor+1","Neutralize","Footwork+1","Deadly Poison+1","Malaise+1","Bane+1","Bane+1","After Image","Skewer+1","Blade Dance+1","J.A.X.+1","Bite+1","Bite+1","Bite+1","Bite+1","Bite+1","Acrobatics+1","Predator+1","Leg Sweep+1","Escape Plan+1","After Image+1","Riddle With Holes+1","Terror","Footwork+1","Leg Sweep+1","Dodge and Roll+1"],"relics":["Ring of the Snake","NeowsBlessing","PreservedInsect","Lantern","Eternal Feather","Molten Egg 2","Strawberry","Cursed Key","Pen Nib","Pocketwatch","Toy Ornithopter","Vajra","Question Card","Coffee Dripper","StoneCalendar","Membership Card","War Paint","Frozen Egg 2","Oddly Smooth Stone","Red Mask","Tingsha","Smiling Mask","Nunchaku"],"acts_visited":["Exordium","TheCity","TheBeyond","TheEnding"],"potions_floor_usage":[55,55],"damage_taken":[{"damage":0.0,"enemies":"Small Slimes","floor":1.0,"turns":1.0},{"damage":0.0,"enemies":"2 Louse","floor":3.0,"turns":2.0},{"damage":0.0,"enemies":"Gremlin Nob","floor":6.0,"turns":1.0},{"damage":29.0,"enemies":"3 Sentries","floor":10.0,"turns":11.0},{"damage":7.0,"enemies":"Lagavulin","floor":13.0,"turns":7.0},{"damage":0.0,"enemies":"Cultist","floor":14.0,"turns":3.0},{"damage":18.0,"enemies":"The Guardian","floor":16.0,"turns":11.0},{"damage":10.0,"enemies":"Spheric Guardian","floor":18.0,"turns":4.0},{"damage":0.0,"enemies":"2 Thieves","floor":19.0,"turns":4.0},{"damage":19.0,"enemies":"Sentry and Sphere","floor":20.0,"turns":10.0},{"damage":7.0,"enemies":"Book of Stabbing","floor":23.0,"turns":5.0},{"damage":17.0,"enemies":"Slavers","floor":25.0,"turns":4.0},{"damage":0.0,"enemies":"Centurion and Healer","floor":27.0,"turns":6.0},{"damage":3.0,"enemies":"Book of Stabbing","floor":28.0,"turns":1.0},{"damage":3.0,"enemies":"3 Cultists","floor":30.0,"turns":5.0},{"damage":18.0,"enemies":"Slavers","floor":31.0,"turns":3.0},{"damage":7.0,"enemies":"Champ","floor":33.0,"turns":9.0},{"damage":0.0,"enemies":"3 Shapes","floor":35.0,"turns":4.0},{"damage":6.0,"enemies":"3 Darklings","floor":37.0,"turns":6.0},{"damage":3.0,"enemies":"Mind Bloom Boss Battle","floor":38.0,"turns":6.0},{"damage":24.0,"enemies":"Reptomancer","floor":40.0,"turns":5.0},{"damage":0.0,"enemies":"Sphere and 2 Shapes","floor":41.0,"turns":3.0},{"damage":3.0,"enemies":"Giant Head","floor":44.0,"turns":6.0},{"damage":6.0,"enemies":"Transient","floor":46.0,"turns":6.0},{"damage":22.0,"enemies":"Reptomancer","floor":48.0,"turns":8.0},{"damage":46.0,"enemies":"Time Eater","floor":50.0,"turns":8.0},{"damage":33.0,"enemies":"Awakened One","floor":51.0,"turns":12.0},{"damage":52,"enemies":"Shield and Spear","floor":55,"turns":8},{"damage":50,"enemies":"The Heart","floor":56,"turns":2}],"seed_played":"2106218664897854739","potions_obtained":[{"floor":6.0,"key":"DistilledChaos"},{"floor":11.0,"key":"Fruit Juice"},{"floor":11.0,"key":"SkillPotion"},{"floor":16.0,"key":"Strength Potion"},{"floor":23.0,"key":"Weak Potion"},{"floor":27.0,"key":"BlessingOfTheForge"},{"floor":28.0,"key":"Fruit Juice"},{"floor":30.0,"key":"LiquidMemories"}],"is_trial":false,"path_per_floor":["M","?","M","?","?","E","R","$","T","E","?","R","E","M","R","B",null,"M","M","M","?","?","E","?","E","T","M","E","R","M","E","R","B",null,"M","?","M","?","$","E","M","?","T","E","$","M","R","E","R","B","B",null,"R","$","E","B"],"character_chosen":"THE_SILENT","items_purchased":["Lantern","Membership Card","Terror","War Paint","Frozen Egg 2","Footwork+1","CultistPotion"],"campfire_rested":0,"item_purchase_floors":[8,39,39,39,39,39,39],"current_hp_per_floor":[59,52,52,52,52,52,52,52,52,23,23,37,37,37,46,28,66,56,56,37,37,37,48,48,49,49,54,59,59,59,50,59,59,59,59,59,59,59,59,53,59,59,59,59,59,59,59,52,59,34,37,54,59,59,19,0,0],"gold":53,"neow_bonus":"THREE_ENEMY_KILL","is_daily":false,"chose_seed":false,"campfire_upgraded":7,"win_rate":0.0,"timestamp":1613078385,"path_taken":["M","?","M","?","?","E","R","$","T","E","?","R","E","?","R","BOSS","M","M","M","?","?","E","?","E","T","M","E","R","M","E","R","BOSS","M","?","M","?","?","E","?","?","T","E","?","M","R","E","R","BOSS","BOSS","R","$","E","BOSS"],"items_purchased_type":["Relic","Relic","Card","Relic","Relic","Card","Potion"],"build_version":"2020-12-22","purchased_purges":3,"victory":false,"max_hp_per_floor":[66,66,66,66,66,66,66,66,66,66,66,71,78,78,78,78,78,78,78,78,78,54,54,54,54,54,54,59,59,59,59,59,59,59,59,59,59,59,59,59,59,59,59,59,59,59,59,59,59,59,59,59,59,59,59,59,59],"relic_stats":{"counters":[29,161],"Eternal Feather":39,"StoneCalendar":[255],"Tingsha":[30],"PreservedInsect":555,"Pen Nib":[26],"War Paint":["Survivor","Acrobatics"],"Cursed Key":2,"Question Card":10,"Smiling Mask":13,"Nunchaku":[0],"obtain_stats":[{"Lantern":8,"NeowsBlessing":0,"Vajra":28,"Oddly Smooth Stone":40,"Eternal Feather":9,"StoneCalendar":38,"Tingsha":44,"PreservedInsect":6,"Pen Nib":23,"War Paint":39,"Frozen Egg 2":39,"Cursed Key":17,"Question Card":31,"Smiling Mask":48,"Nunchaku":55,"Strawberry":13,"Molten Egg 2":10,"Coffee Dripper":34,"Red Mask":42,"Membership Card":39,"Toy Ornithopter":26,"Ring of the Snake":0,"Pocketwatch":25},{"Lantern":3,"NeowsBlessing":0,"Vajra":14,"Oddly Smooth Stone":21,"Eternal Feather":3,"StoneCalendar":20,"Tingsha":23,"PreservedInsect":3,"Pen Nib":11,"War Paint":20,"Frozen Egg 2":20,"Cursed Key":7,"Question Card":16,"Smiling Mask":25,"Nunchaku":28,"Strawberry":5,"Molten Egg 2":4,"Coffee Dripper":17,"Red Mask":22,"Membership Card":20,"Toy Ornithopter":12,"Ring of the Snake":0,"Pocketwatch":12},{"Lantern":4,"NeowsBlessing":0,"Vajra":70,"Oddly Smooth Stone":108,"Eternal Feather":4,"StoneCalendar":103,"Tingsha":117,"PreservedInsect":4,"Pen Nib":59,"War Paint":103,"Frozen Egg 2":103,"Cursed Key":36,"Question Card":78,"Smiling Mask":131,"Nunchaku":159,"Strawberry":22,"Molten Egg 2":15,"Coffee Dripper":87,"Red Mask":111,"Membership Card":103,"Toy Ornithopter":63,"Ring of the Snake":0,"Pocketwatch":63}],"Toy Ornithopter":3,"Ring of the Snake":[58],"Pocketwatch":[69]},"card_choices":[{"not_picked":["Sucker Punch","Setup"],"picked":"Footwork","floor":1.0},{"not_picked":["Quick Slash","Backflip"],"picked":"Deadly Poison","floor":3.0},{"not_picked":["Dagger Throw","Outmaneuver"],"picked":"Malaise","floor":6.0},{"not_picked":["Prepared","Tactician"],"picked":"Eviscerate+1","floor":10.0},{"not_picked":["Prepared","Poisoned Stab+1"],"picked":"Bane+1","floor":13.0},{"not_picked":["Masterful Stab+1","Backflip"],"picked":"Bane+1","floor":14.0},{"not_picked":["Phantasmal Killer","Storm of Steel"],"picked":"After Image","floor":16.0},{"not_picked":["All Out Attack+1","Eviscerate+1"],"picked":"Skewer+1","floor":18.0},{"not_picked":["Deadly Poison","Acrobatics","Setup"],"picked":"SKIP","floor":19.0},{"not_picked":["Tactician","All Out Attack+1"],"picked":"Blade Dance+1","floor":20.0},{"not_picked":["Flying Knee+1","Bullet Time"],"picked":"Acrobatics","floor":23.0},{"not_picked":["All Out Attack+1","Prepared","Catalyst"],"picked":"SKIP","floor":25.0},{"not_picked":["Cloak And Dagger","Flechettes+1"],"picked":"Predator+1","floor":27.0},{"not_picked":["Dagger Spray+1","Distraction","Flechettes+1"],"picked":"SKIP","floor":28.0},{"not_picked":["Backflip","Quick Slash+1"],"picked":"Leg Sweep","floor":30.0},{"not_picked":["Acrobatics","Catalyst"],"picked":"Escape Plan+1","floor":31.0},{"not_picked":["Phantasmal Killer","Unload+1","Adrenaline"],"picked":"After Image","floor":33.0},{"not_picked":["Deadly Poison","Bane+1","Dodge and Roll+1"],"picked":"Riddle With Holes+1","floor":35.0},{"not_picked":["Slice+1","Crippling Poison","Underhanded Strike+1","Finisher+1"],"picked":"SKIP","floor":37.0},{"not_picked":["Prepared+1","Distraction","Flechettes+1","Underhanded Strike+1"],"picked":"SKIP","floor":40.0},{"not_picked":["Quick Slash+1","Cloak And Dagger","Flying Knee+1","Prepared"],"picked":"SKIP","floor":41.0},{"not_picked":["Deadly Poison","Dodge and Roll","Endless Agony+1","Terror"],"picked":"SKIP","floor":44.0},{"not_picked":["Eviscerate+1","Dagger Throw+1","Dagger Spray+1","Outmaneuver"],"picked":"SKIP","floor":46.0},{"not_picked":["Burst","Dagger Throw+1","Underhanded Strike+1"],"picked":"Leg Sweep","floor":48.0},{"not_picked":["Glass Knife+1","Poisoned Stab+1","Outmaneuver"],"picked":"Dodge and Roll+1","floor":55}],"player_experience":243138,"relics_obtained":[{"floor":6.0,"key":"PreservedInsect"},{"floor":9.0,"key":"Eternal Feather"},{"floor":10.0,"key":"Molten Egg 2"},{"floor":13.0,"key":"Strawberry"},{"floor":23.0,"key":"Pen Nib"},{"floor":25.0,"key":"Pocketwatch"},{"floor":26.0,"key":"Toy Ornithopter"},{"floor":28.0,"key":"Vajra"},{"floor":31.0,"key":"Question Card"},{"floor":38.0,"key":"StoneCalendar"},{"floor":40.0,"key":"Oddly Smooth Stone"},{"floor":44.0,"key":"Tingsha"},{"floor":48.0,"key":"Smiling Mask"},{"floor":55,"key":"Nunchaku"}],"event_choices":[{"cards_removed":["Defend_G"],"damage_healed":0.0,"max_hp_gain":0.0,"max_hp_loss":0.0,"gold_gain":0.0,"event_name":"Golden Wing","player_choice":"Card Removal","floor":2.0,"gold_loss":0.0,"damage_taken":7.0},{"cards_removed":["Strike_G"],"damage_healed":0.0,"max_hp_gain":0.0,"max_hp_loss":0.0,"gold_gain":0.0,"event_name":"The Cleric","player_choice":"Card Removal","floor":4.0,"gold_loss":75.0,"damage_taken":0.0},{"damage_healed":0.0,"max_hp_gain":0.0,"max_hp_loss":0.0,"gold_gain":150.0,"event_name":"Liars Game","player_choice":"AGREE","floor":5.0,"gold_loss":0.0,"damage_taken":0.0,"cards_obtained":["Doubt"]},{"damage_healed":0.0,"max_hp_gain":0.0,"max_hp_loss":0.0,"gold_gain":0.0,"event_name":"The Woman in Blue","player_choice":"Bought 3 Potions","floor":11.0,"gold_loss":0.0,"damage_taken":0.0},{"damage_healed":0.0,"max_hp_gain":0.0,"max_hp_loss":0.0,"gold_gain":0.0,"event_name":"Drug Dealer","player_choice":"Obtain J.A.X.","floor":21.0,"gold_loss":0.0,"damage_taken":0.0,"cards_obtained":["J.A.X."]},{"damage_healed":0.0,"max_hp_gain":0.0,"max_hp_loss":24.0,"gold_gain":0.0,"event_name":"Vampires","player_choice":"Became a vampire","floor":22.0,"gold_loss":0.0,"damage_taken":0.0,"cards_obtained":["Bite","Bite","Bite","Bite","Bite"]},{"damage_healed":0.0,"max_hp_gain":0.0,"max_hp_loss":0.0,"gold_gain":0.0,"event_name":"Back to Basics","player_choice":"Simplicity","floor":24.0,"gold_loss":0.0,"damage_taken":0.0,"cards_upgraded":["Defend_G","Defend_G","Defend_G","Defend_G"]},{"cards_removed":["Eviscerate"],"damage_healed":0.0,"max_hp_gain":0.0,"max_hp_loss":0.0,"gold_gain":0.0,"event_name":"Falling","player_choice":"Removed Attack","floor":36.0,"gold_loss":0.0,"damage_taken":0.0},{"damage_healed":0.0,"max_hp_gain":0.0,"max_hp_loss":0.0,"gold_gain":0.0,"event_name":"MindBloom","player_choice":"Fight","floor":38.0,"gold_loss":0.0,"damage_taken":0.0},{"damage_healed":0.0,"max_hp_gain":0.0,"max_hp_loss":0.0,"gold_gain":0.0,"event_name":"Tomb of Lord Red Mask","player_choice":"Paid","floor":42.0,"gold_loss":56.0,"damage_taken":0.0,"relics_obtained":["Red Mask"]}],"is_beta":false,"boss_relics":[{"not_picked":["HoveringKite","SlaversCollar"],"picked":"Cursed Key"},{"not_picked":["Fusion Hammer","Velvet Choker"],"picked":"Coffee Dripper"}],"items_purged_floors":[8,39,54],"is_endless":false,"potions_floor_spawned":[6,16,23,27,28,30,38,40,44,46,48],"killed_by":"The Heart","ascension_level":20}}