{"host":"ocll6kdfqxraqtza","time":1613023916,"event":{"mods":["2.2 Compatiblity","Act Like it!","Arknights","Aspiration","BaseMod","Better Third Choice","Gensokyo","Hallownest","Hermit","Hubris","Jorbs\u0027s Wanderer Trilogy","Luminous","Marisa（霧雨　魔理沙）","Minty Spire (QoL Compilation)","Reimu（博??梦）","Reliquary","Replay The Spire","Shade Mod","StSLib","The Alterego","The Bug Knight","The Cursed","The Hierophant","The Marked","The Runesmith","TheBandit","Wandering Minibosses"],"gold_per_floor":[110,110,110,110,28,28,38,38,38,72,88,106,36,36,36,132,132,142,110,122,72,322,337,337,355,379,379,406,419,419,445,445,445,445],"floor_reached":33,"language":"ENG","playtime":1867,"items_purged":[],"score":308,"play_id":"70fb59d9-66e9-4214-9fed-8d901d063a83","local_time":"20210211141156","is_ascension_mode":false,"campfire_choices":[{"data":"Sneak Up","floor":6.0,"key":"SMITH"},{"data":"ats:Soul Absorption","floor":8.0,"key":"SMITH"},{"data":"Dash","floor":24,"key":"SMITH"},{"data":"ats:Emotion Absorption","floor":27,"key":"SMITH"},{"data":"ats:Apocalypse","floor":30,"key":"SMITH"},{"floor":32,"key":"REST"}],"circlet_count":0,"master_deck":["ats:Strike G","ats:Strike S","ats:Strike V","ats:Armor Crushing Shot","ats:Defend","ats:Defend","ats:Emotion Absorption+1","ats:Literary Storm+1","ats:Leaping Hammer","ats:Sunburst","Sneak Up+1","Dash+1","ats:Soul Absorption+1","ats:Hammer On","ats:Healing Drone","ats:Wolf Pack","ats:Cat Scratch","ats:Calcification","ats:Thermite Blade","ats:Poison Spread+1","ats:Guard Mode","ats:Nebulous Foxfire","ats:Guardian Obelisk+1","ats:Magnetic Hammer","ats:Apocalypse+1","ats:Overload"],"relics":["ats:Sanity","NeowsBlessing","aspiration:SeaSaltIceCream","Replay:Baseball","Onion Ring","ats:Originium","Pen Nib","Ginger","reliquary:WritOfMandamus","Bag of Preparation","Blood Vial"],"acts_visited":["Gensokyo:Gensokyo","Gensokyo:Gensokyoer"],"potions_floor_usage":[28,28,33],"damage_taken":[{"damage":0.0,"enemies":"Gensokyo:2_Kodama","floor":1.0,"turns":1.0},{"damage":0.0,"enemies":"Gensokyo:3_Fairies","floor":7.0,"turns":2.0},{"damage":0.0,"enemies":"Gensokyo:Mamizou","floor":10.0,"turns":2.0},{"damage":0.0,"enemies":"Gensokyo:Python","floor":11.0,"turns":2.0},{"damage":0.0,"enemies":"Gensokyo:LivingMonolith","floor":12.0,"turns":3.0},{"damage":51,"enemies":"Gensokyo:Kokoro","floor":16,"turns":13},{"damage":0,"enemies":"Gensokyo:Chomper","floor":18,"turns":3},{"damage":3,"enemies":"Gensokyo:3_Dogs","floor":20,"turns":6},{"damage":3,"enemies":"Gensokyo:3_Gloops","floor":23,"turns":6},{"damage":1,"enemies":"Gensokyo:Swordslinger","floor":25,"turns":3},{"damage":77,"enemies":"Gensokyo:Reisen","floor":28,"turns":9},{"damage":1,"enemies":"Gensokyo:Slime_Group","floor":29,"turns":5},{"damage":24,"enemies":"Gensokyo:Tenshi","floor":31,"turns":5},{"damage":104,"enemies":"Gensokyo:Eternal_Rivals","floor":33,"turns":11}],"seed_played":"-8244284528850779834","potions_obtained":[{"floor":7.0,"key":"SkillPotion"},{"floor":10.0,"key":"Reflective Coating"},{"floor":11.0,"key":"FearPotion"},{"floor":18,"key":"LiquidBronze"},{"floor":31,"key":"SteroidPotion"}],"is_trial":false,"path_per_floor":["M","?","?","?","COS","R","M","R","T","E","M","M","?","$","R","B",null,"M","COS","M","?","?","M","R","M","T","R","E","M","R","E","R","B"],"character_chosen":"DOCTOR_CLASS","items_purchased":[],"campfire_rested":1,"item_purchase_floors":[],"current_hp_per_floor":[72,72,72,72,72,72,72,72,72,72,72,72,72,72,72,33,72,72,72,70,77,75,75,75,75,75,75,4,16,16,8,30,0,0],"gold":445,"neow_bonus":"THREE_ENEMY_KILL","is_daily":false,"chose_seed":false,"campfire_upgraded":5,"win_rate":0.0,"timestamp":1613023916,"path_taken":["M","?","?","?","COS","R","M","R","T","E","M","?","?","?","R","BOSS","M","COS","M","?","?","M","R","M","T","R","E","M","R","E","R","BOSS"],"items_purchased_type":[],"build_version":"2020-12-22","purchased_purges":0,"victory":false,"max_hp_per_floor":[72,72,72,72,72,72,72,72,72,72,72,72,72,72,72,72,72,72,72,72,79,75,75,75,75,75,75,75,75,75,75,75,75,75],"card_choices":[{"not_picked":["ats:Explosion Area Strengthen","ats:Guard Mode"],"picked":"ats:Literary Storm","floor":1.0},{"not_picked":["ats:Directed Diagnosis","ats:Support Order"],"picked":"ats:Leaping Hammer","floor":2.0},{"not_picked":["ats:Flexible Camouflage","ats:Cat Scratch"],"picked":"ats:Sunburst","floor":2.0},{"not_picked":["ats:Song Of Battle","ats:Leaping Hammer"],"picked":"ats:Soul Absorption","floor":7.0},{"not_picked":["ats:Counter Healing Mode","ats:Flexible Camouflage"],"picked":"ats:Hammer On","floor":10.0},{"not_picked":["ats:Absolute Focus","ats:Explosion Area Strengthen"],"picked":"ats:Healing Drone","floor":11.0},{"not_picked":["ats:Leaping Hammer","ats:Thorns"],"picked":"ats:Wolf Pack","floor":12.0},{"not_picked":["ats:Dogmatic Field","ats:True Silver Slash"],"picked":"ats:Calcification","floor":16},{"not_picked":["ats:Ignite","ats:Guard Mode"],"picked":"ats:Thermite Blade","floor":18},{"not_picked":["ats:Cat Scratch+1","ats:Revitalization+1"],"picked":"ats:Poison Spread+1","floor":20},{"not_picked":["ats:Closed Bolt Burst Fire","ats:Consecutive Shot Auto"],"picked":"ats:Guard Mode","floor":20},{"not_picked":["ats:Guard Mode+1","ats:Charging Defense"],"picked":"ats:Nebulous Foxfire","floor":23},{"not_picked":["ats:Counter Healing Mode","ats:Shell Defense"],"picked":"ats:Guardian Obelisk+1","floor":25},{"not_picked":["ats:Blood Oath","ats:True Silver Slash"],"picked":"ats:Magnetic Hammer","floor":28},{"not_picked":["ats:Literary Storm+1","ats:Flexible Camouflage"],"picked":"ats:Apocalypse","floor":29},{"not_picked":["ats:Curse Doll","ats:Powerful Strike"],"picked":"ats:Overload","floor":31}],"player_experience":519830,"relics_obtained":[{"floor":9.0,"key":"aspiration:SeaSaltIceCream"},{"floor":10.0,"key":"Onion Ring"},{"floor":10.0,"key":"ats:Originium"},{"floor":28,"key":"Bag of Preparation"},{"floor":28,"key":"ats:Originium"},{"floor":31,"key":"ats:Originium"},{"floor":31,"key":"Blood Vial"}],"event_choices":[],"is_beta":false,"boss_relics":[{"not_picked":["hubris:ScarierMask","Honey Jar"],"picked":"reliquary:WritOfMandamus"}],"items_purged_floors":[],"is_endless":false,"potions_floor_spawned":[7,10,11,18,20,23,31],"killed_by":"Gensokyo:Eternal_Rivals","ascension_level":0}}