{"host":"8d3fefv2347kqkpz","time":1613014169,"event":{"mods":["AchievementEnabler","Act Like it!","BaseMod","Better Vampires","Colored Map","Colored Powertips","Downfall","GifTheSpireLib","Highlight Path","Minty Spire (QoL Compilation)","Quick Restart","Rare Cards Sparkle","Relic Stats","Replay The Spire","Spicy Shops","StSLib","Waifu the Spire"],"gold_per_floor":[117,127,127,202,47,62,97,97,177,177,206,2,2,16,16,116,116,131,149,15,27,40,40,59,70,149,149,149],"floor_reached":27,"language":"ZHS","playtime":1025,"items_purged":["Strike_G","Strike_G","Strike_G"],"score":225,"play_id":"537619d3-4262-4bc4-ac71-83a4d956c510","local_time":"20210211112929","is_ascension_mode":false,"campfire_choices":[{"floor":8.0,"key":"REST"},{"data":"Heel Hook","floor":10.0,"key":"SMITH"},{"floor":15.0,"key":"REST"},{"data":"Envenom","floor":23.0,"key":"SMITH"}],"circlet_count":0,"master_deck":["Strike_G+1","Defend_G","Defend_G","Defend_G","Defend_G","Defend_G","Survivor","Neutralize+1","Blade Dance","Toxin Wave+1","Heel Hook+1","Noxious Fumes","Adrenaline","Envenom+1","Bouncing Flask+1","Catalyst"],"relics":["Ring of the Snake","Replay:Wax Seal","Regal Pillow","White Beast Statue","Pen Nib","Membership Card","Pantograph"],"acts_visited":["Exordium","TheCity"],"potions_floor_usage":[],"damage_taken":[{"damage":0.0,"enemies":"Cultist","floor":1.0,"turns":4.0},{"damage":0.0,"enemies":"Jaw Worm","floor":2.0,"turns":4.0},{"damage":0.0,"enemies":"Small Slimes","floor":6.0,"turns":3.0},{"damage":35.0,"enemies":"Lagavulin","floor":7.0,"turns":9.0},{"damage":24.0,"enemies":"Gremlin Nob","floor":11.0,"turns":5.0},{"damage":5.0,"enemies":"Gremlin Gang","floor":14.0,"turns":4.0},{"damage":15.0,"enemies":"The Guardian","floor":16.0,"turns":11.0},{"damage":12.0,"enemies":"Chosen","floor":18.0,"turns":6.0},{"damage":21.0,"enemies":"2 Thieves","floor":19.0,"turns":4.0},{"damage":0.0,"enemies":"Centurion and Healer","floor":21.0,"turns":5.0},{"damage":2.0,"enemies":"Snake Plant","floor":22.0,"turns":4.0},{"damage":31.0,"enemies":"Cultist and Chosen","floor":24.0,"turns":7.0},{"damage":10.0,"enemies":"Shelled Parasite and Fungi","floor":25.0,"turns":6.0},{"damage":20,"enemies":"Snake Plant","floor":27,"turns":3}],"seed_played":"7097490613828185750","potions_obtained":[{"floor":7.0,"key":"AttackPotion"},{"floor":11.0,"key":"DistilledChaos"},{"floor":14.0,"key":"Dexterity Potion"},{"floor":16.0,"key":"Strength Potion"},{"floor":19.0,"key":"Venom Potion"},{"floor":21.0,"key":"LifebloodPotion"},{"floor":22.0,"key":"Milkshake"},{"floor":25.0,"key":"Venom Potion"}],"is_trial":false,"path_per_floor":["M","M","?","?","$","M","E","R","T","R","E","$","?","M","R","B",null,"M","M","$","M","M","R","M","M","T","M"],"character_chosen":"THE_SILENT","items_purchased":["Replay:Wax Seal","Membership Card","Catalyst","FairyPotion"],"campfire_rested":2,"item_purchase_floors":[5,12,20,20],"current_hp_per_floor":[70,70,56,45,45,45,10,46,46,46,22,22,22,17,53,38,70,58,37,37,37,35,35,4,17,17,0,0],"gold":149,"neow_bonus":"UPGRADE_CARD","is_daily":false,"chose_seed":false,"campfire_upgraded":2,"win_rate":0.0,"timestamp":1613014169,"path_taken":["M","M","?","?","$","M","E","R","T","R","E","?","?","M","R","BOSS","M","?","$","M","M","R","M","M","T","M"],"items_purchased_type":["Relic","Relic","Card","Potion"],"build_version":"2020-12-22","purchased_purges":3,"victory":false,"max_hp_per_floor":[70,70,70,70,70,70,70,70,70,70,70,70,70,70,70,70,70,70,70,70,70,70,70,70,70,70,70,70],"relic_stats":{"Regal Pillow":30,"counters":[14,75],"Pantograph":0,"Pen Nib":[7],"obtain_stats":[{"Regal Pillow":7,"Pantograph":26,"Pen Nib":11,"Membership Card":12,"Replay:Wax Seal":5,"White Beast Statue":9,"Ring of the Snake":0},{"Regal Pillow":4,"Pantograph":13,"Pen Nib":5,"Membership Card":5,"Replay:Wax Seal":2,"White Beast Statue":4,"Ring of the Snake":0},{"Regal Pillow":20,"Pantograph":72,"Pen Nib":25,"Membership Card":25,"Replay:Wax Seal":8,"White Beast Statue":20,"Ring of the Snake":0}],"Ring of the Snake":[28]},"card_choices":[{"not_picked":["Prepared","PiercingWail"],"picked":"Blade Dance","floor":1.0},{"not_picked":["Prepared","Dagger Throw"],"picked":"Toxin Wave","floor":2.0},{"not_picked":["Well Laid Plans","Bane","Acrobatics"],"picked":"SKIP","floor":6.0},{"not_picked":["Infinite Blades","Outmaneuver"],"picked":"Heel Hook","floor":7.0},{"not_picked":["Hidden Blade","Prepared","Eviscerate"],"picked":"SKIP","floor":11.0},{"not_picked":["Flying Knee","Outmaneuver"],"picked":"Adrenaline","floor":14.0},{"not_picked":["Venomology","After Image"],"picked":"Envenom","floor":16.0},{"not_picked":["Prepared","ReplayTheSpireMod:Exploit Weakness","Backflip"],"picked":"SKIP","floor":18.0},{"not_picked":["PiercingWail","Blur"],"picked":"Bouncing Flask+1","floor":19.0},{"not_picked":["Backflip","Prepared+1","Draining Mist"],"picked":"SKIP","floor":21.0},{"not_picked":["Backflip","Reflex","Glass Knife"],"picked":"SKIP","floor":22.0},{"not_picked":["Slice","Deadly Poison+1","PiercingWail"],"picked":"SKIP","floor":24.0},{"not_picked":["Fluid Movement+1","Deadly Poison+1","Underhanded Strike"],"picked":"SKIP","floor":25.0}],"player_experience":348048,"relics_obtained":[{"floor":7.0,"key":"Regal Pillow"},{"floor":9.0,"key":"White Beast Statue"},{"floor":11.0,"key":"Pen Nib"},{"floor":26.0,"key":"Pantograph"}],"event_choices":[{"damage_healed":0.0,"max_hp_gain":0.0,"max_hp_loss":0.0,"gold_gain":0.0,"event_name":"Shining Light","player_choice":"Entered Light","floor":3.0,"gold_loss":0.0,"damage_taken":14.0,"cards_upgraded":["Toxin Wave","Strike_G"]},{"damage_healed":0.0,"max_hp_gain":0.0,"max_hp_loss":0.0,"gold_gain":75.0,"event_name":"World of Goop","player_choice":"Gather Gold","floor":4.0,"gold_loss":0.0,"damage_taken":11.0},{"damage_healed":0.0,"max_hp_gain":0.0,"max_hp_loss":0.0,"gold_gain":0.0,"cards_transformed":["Strike_G"],"event_name":"Transmorgrifier","player_choice":"Transformed","floor":13.0,"gold_loss":0.0,"damage_taken":0.0,"cards_obtained":["Noxious Fumes"]}],"is_beta":false,"boss_relics":[{"not_picked":["Snecko Scales","Fusion Hammer","Snecko Heart"]}],"items_purged_floors":[5,12,20],"is_endless":false,"potions_floor_spawned":[7,11,14,16,18,19,21,22,24,25],"killed_by":"Snake Plant","ascension_level":0}}