{"host":"gin1e6e6f2y0ngxx","time":1613058909,"event":{"mods":["AchievementEnabler","Act Like it!","BaseMod","Downfall","Hallownest","Infinite Spire","Minty Spire (QoL Compilation)","StSLib","The Bug Knight","The Cursed","The Hierophant","The Necromancer","The Runesmith","TheWitcher"],"gold_per_floor":[113,126,146,164,177,188,206,222,301,358,370,370,370,36,36,140,140,157,176,192,204,222,222,248,248,274,305,320,331,345,357,357,453,453,466,72,86,136,150,478,478,478,478,478,489,499,499,511,511,511,511],"floor_reached":50,"language":"ENG","playtime":3954,"items_purged":[],"score":693,"play_id":"c7660809-cf9c-418a-aa15-04bc5c277223","local_time":"20210211055509","is_ascension_mode":false,"campfire_choices":[{"floor":15,"key":"REST"},{"floor":23,"key":"REST"},{"data":"Requiem","floor":32,"key":"SMITH"},{"floor":41,"key":"REST"},{"data":"Summon_Death_Knight","floor":41,"key":"SMITH"},{"floor":49,"key":"REST"},{"data":"infinitespire:NeuralNetwork","floor":49,"key":"SMITH"}],"circlet_count":0,"master_deck":["Strike_W","Strike_W","Strike_W","Strike_W","Defend_W+1","Defend_W","Defend_W","Defend_W","Negative_Energy_Arrows","Bone_Wall","Negative_Energy_Sphere","Bone_Spikes","Uncharnel","Vampiric_Strike","Summon_Death_Knight+1","Life_Drain","Blood_Is_Power","Blood_for_Blood","Stop_Heart","Summon_Undead","infinitespire:NeuralNetwork+1","Apotheosis+1","Shade_Step","Bone_Prison","Blood_Wake","Spectral_Walk","Death_March_Dance+1","Bones_to_Steel","Bone_Armor","Requiem+1","Life_Drain+1","Shade_Step","Negative_Energy_Burst","Summon_Undead_Army","Death_Coil","Bone_Prison","Skeleton_Dragon","Bone_Prison","Bone_Prison","Stop_Heart+1","Shackles_Of_Pain+1","Negative_Energy_Javelin","Corrupt+1","Secret Weapon","Consume_Illness+1","Negative_Energy_Mist","infinitespire:Collect","infinitespire:Fortify","infinitespire:DeathsTouch"],"relics":["Vampire_Amulet","White Beast Statue","Letter Opener","Velvet Choker","HornCleat","War Paint","Ginger","infinitespire:Cupcake","Membership Card","Ornamental Fan","Boot","infinitespire:Magic Flask","Old Coin","Sundial","Thread and Needle"],"acts_visited":["Exordium","TheCity","TheBeyond"],"potions_floor_usage":[7,16,19,20,21,22,22,27,28,29,30,31,33,35,37,38,39,40,45,48,50,50],"damage_taken":[{"damage":8,"enemies":"Small Slimes","floor":1,"turns":4},{"damage":0,"enemies":"2 Louse","floor":2,"turns":2},{"damage":4,"enemies":"Jaw Worm","floor":3,"turns":4},{"damage":8,"enemies":"Looter","floor":4,"turns":3},{"damage":1,"enemies":"2 Fungi Beasts","floor":5,"turns":4},{"damage":11,"enemies":"Blue Slaver","floor":6,"turns":4},{"damage":2,"enemies":"3 Louse","floor":7,"turns":5},{"damage":2,"enemies":"Exordium Wildlife","floor":8,"turns":4},{"damage":8,"enemies":"3 Sentries","floor":10,"turns":7},{"damage":11,"enemies":"Looter","floor":11,"turns":4},{"damage":34,"enemies":"Hexaghost","floor":16,"turns":8},{"damage":4,"enemies":"Chosen","floor":18,"turns":5},{"damage":40,"enemies":"Snecko","floor":19,"turns":5},{"damage":21,"enemies":"3 Cultists","floor":20,"turns":5},{"damage":19,"enemies":"Chosen and Byrds","floor":21,"turns":6},{"damage":19,"enemies":"Snake Plant","floor":22,"turns":5},{"damage":30,"enemies":"Book of Stabbing","floor":24,"turns":6},{"damage":0,"enemies":"Nightmare","floor":27,"turns":7},{"damage":18,"enemies":"Centurion and Healer","floor":28,"turns":8},{"damage":3,"enemies":"Chosen and Byrds","floor":29,"turns":5},{"damage":0,"enemies":"Snake Plant","floor":30,"turns":5},{"damage":7,"enemies":"Sentry and Sphere","floor":31,"turns":7},{"damage":0,"enemies":"Champ","floor":33,"turns":9},{"damage":0,"enemies":"Orb Walker","floor":35,"turns":4},{"damage":15,"enemies":"3 Darklings","floor":37,"turns":6},{"damage":2,"enemies":"Mind Bloom Boss Battle","floor":38,"turns":7},{"damage":43,"enemies":"Transient","floor":39,"turns":5},{"damage":7,"enemies":"Nightmare","floor":40,"turns":9},{"damage":24,"enemies":"Sphere and 2 Shapes","floor":45,"turns":5},{"damage":36,"enemies":"Spire Growth","floor":46,"turns":6},{"damage":14,"enemies":"4 Shapes","floor":48,"turns":5},{"damage":93,"enemies":"Donu and Deca","floor":50,"turns":8}],"seed_played":"-6426244292621151598","potions_obtained":[{"floor":1,"key":"Block Potion"},{"floor":2,"key":"EssenceOfSteel"},{"floor":6,"key":"LiquidBronze"},{"floor":7,"key":"SkillPotion"},{"floor":16,"key":"AttackPotion"},{"floor":19,"key":"Fire Potion"},{"floor":20,"key":"infinitespire:BlackPotion"},{"floor":21,"key":"Weak Potion"},{"floor":22,"key":"champ:CounterPotion"},{"floor":24,"key":"EssenceOfSteel"},{"floor":27,"key":"Swift Potion"},{"floor":28,"key":"Energy Potion"},{"floor":29,"key":"AttackPotion"},{"floor":30,"key":"Ancient Potion"},{"floor":31,"key":"Fire Potion"},{"floor":33,"key":"SkillPotion"},{"floor":35,"key":"Energy Potion"},{"floor":37,"key":"BlessingOfTheForge"},{"floor":38,"key":"Regen Potion"},{"floor":39,"key":"hexamod:SoulburnPotion"},{"floor":40,"key":"Fire Potion"},{"floor":45,"key":"SteroidPotion"},{"floor":48,"key":"SkillPotion"}],"is_trial":false,"path_per_floor":["M","M","M","M","M","M","M","M","T","?","M","?","?","$","R","B",null,"M","M","M","M","M","R","E","?","T","NM","M","M","M","M","R","B",null,"M","$","M","?","M","NM","R","?","T","?","M","M","AVR","M","R","B"],"character_chosen":"NECROMANCER","items_purchased":["Apotheosis","Shade_Step","Bone_Prison","Membership Card","Ornamental Fan","Boot","Bone_Prison"],"campfire_rested":4,"item_purchase_floors":[14,14,14,36,36,36,36],"current_hp_per_floor":[76,80,78,72,77,70,81,82,82,82,81,62,62,62,82,66,82,80,51,44,42,34,58,39,23,23,37,60,76,84,82,82,87,87,87,87,83,87,64,71,87,87,87,87,69,43,43,37,63,0,0],"gold":511,"neow_bonus":"TEN_PERCENT_HP_BONUS","is_daily":false,"chose_seed":false,"campfire_upgraded":3,"win_rate":0.0,"timestamp":1613058909,"path_taken":["M","M","M","M","M","M","M","M","T","?","M","?","?","$","R","BOSS","M","M","M","M","M","R","E","?","T","NM","M","M","M","M","R","BOSS","M","$","M","?","M","NM","R","?","T","?","M","M","AVR","M","R","BOSS"],"items_purchased_type":["Card","Card","Card","Relic","Relic","Relic","Card"],"build_version":"2020-12-22","purchased_purges":0,"victory":false,"max_hp_per_floor":[82,82,82,82,82,82,82,82,82,82,82,82,82,82,82,82,82,82,82,82,82,82,82,82,87,87,87,87,87,87,87,87,87,87,87,87,87,87,87,87,87,87,87,87,87,87,87,87,87,87,87],"card_choices":[{"not_picked":["Strike_from_Beyond","Plague_Bolt"],"picked":"Negative_Energy_Sphere","floor":1},{"not_picked":["Negative_Energy_Sphere","Bones_to_Steel"],"picked":"Bone_Spikes","floor":2},{"not_picked":["Finger_Of_Death","Consume_Illness"],"picked":"Uncharnel","floor":3},{"not_picked":["Pandemic","Shackles_Of_Pain"],"picked":"Vampiric_Strike","floor":4},{"not_picked":["Chill_Blood","Bone_Bullets"],"picked":"Summon_Death_Knight","floor":5},{"not_picked":["Death_March_Dance","Shackles_Of_Pain"],"picked":"Life_Drain","floor":6},{"not_picked":["Bones_to_Steel","Negative_Energy_Javelin"],"picked":"Blood_Is_Power","floor":7},{"not_picked":["Whirlwind_of_Bones","Vampiric_Strike"],"picked":"Blood_for_Blood","floor":8},{"not_picked":["Strike_from_Beyond","Shackles_Of_Pain"],"picked":"Stop_Heart","floor":10},{"not_picked":["Negative_Energy_Shield","Plague_Bolt"],"picked":"Summon_Undead","floor":11},{"not_picked":["infinitespire:SealOfDarkness+","infinitespire:FinalStrike"],"picked":"infinitespire:NeuralNetwork","floor":12},{"not_picked":["Negative_Energy_Bomb","Summon_Vampire_Lady"],"picked":"Blood_Wake","floor":16},{"not_picked":["Chill_Blood","Necromantic_Selection"],"picked":"Spectral_Walk","floor":18},{"not_picked":["Siphon_Strength","Exploit"],"picked":"Death_March_Dance+1","floor":19},{"not_picked":["Bone_Spikes","Bone_Bullets"],"picked":"Bones_to_Steel","floor":20},{"not_picked":["Negative_Energy_Shield","Chill_Blood+1"],"picked":"Bone_Armor","floor":21},{"not_picked":["Blood_Whip","Acid_Javelin+1"],"picked":"Requiem","floor":22},{"not_picked":["Blood_Magic","Blood_Whip"],"picked":"Life_Drain+1","floor":24},{"not_picked":["Whirlwind_of_Bones","Plague_Bolt"],"picked":"Shade_Step","floor":27},{"not_picked":["Bone_Prison","Necromantic_Selection"],"picked":"Negative_Energy_Burst","floor":28},{"not_picked":["Toxic_Smoke_Screen","Epidemic"],"picked":"Summon_Undead_Army","floor":29},{"not_picked":["Vampiric_Strike","Exploit"],"picked":"Death_Coil","floor":30},{"not_picked":["Death_March_Dance+1","Consume_Illness"],"picked":"Bone_Prison","floor":31},{"not_picked":["Hellfire","Summon_Death_Knight"],"picked":"Skeleton_Dragon","floor":33},{"not_picked":["Thousand_Bone_Knives+1","Death_Coil+1"],"picked":"Bone_Prison","floor":35},{"not_picked":["Bone_Bullets","Blood_Whip+1"],"picked":"Stop_Heart+1","floor":37},{"not_picked":["Negative_Energy_Sphere+1","Bone_Armor+1"],"picked":"Shackles_Of_Pain+1","floor":38},{"not_picked":["Chill_Blood","Shackles_Of_Pain"],"picked":"Negative_Energy_Javelin","floor":39},{"not_picked":["Negative_Energy_Shield","Spectral_Armor"],"picked":"Corrupt+1","floor":40},{"not_picked":["Jack Of All Trades","Trip"],"picked":"Secret Weapon","floor":42},{"not_picked":["Finger_Of_Death","Thousand_Bone_Knives+1"],"picked":"Consume_Illness+1","floor":45},{"not_picked":["Negative_Energy_Shield","Blood_for_Blood+1"],"picked":"Negative_Energy_Mist","floor":46},{"not_picked":["Finger_Of_Death+1","Negative_Energy_Javelin+1","Bone_Spikes"],"picked":"SKIP","floor":48}],"player_experience":173487,"relics_obtained":[{"floor":9,"key":"White Beast Statue"},{"floor":10,"key":"Letter Opener"},{"floor":24,"key":"HornCleat"},{"floor":26,"key":"War Paint"},{"floor":27,"key":"Ginger"},{"floor":38,"key":"infinitespire:Magic Flask"},{"floor":40,"key":"Old Coin"},{"floor":43,"key":"Sundial"}],"event_choices":[{"damage_healed":0,"gold_gain":0,"player_choice":"Searched \u00272\u0027 times","damage_taken":0,"max_hp_gain":0,"max_hp_loss":0,"event_name":"Dead Adventurer","floor":10,"gold_loss":0},{"damage_healed":0,"gold_gain":0,"player_choice":"Shed Blood","damage_taken":21,"max_hp_gain":5,"max_hp_loss":0,"event_name":"Forgotten Altar","floor":25,"gold_loss":0},{"damage_healed":0,"gold_gain":0,"player_choice":"Fight","damage_taken":0,"max_hp_gain":0,"max_hp_loss":0,"event_name":"MindBloom","floor":38,"gold_loss":0},{"damage_healed":0,"gold_gain":0,"player_choice":"Memory 1","damage_taken":0,"max_hp_gain":0,"max_hp_loss":0,"event_name":"SensoryStone","floor":42,"gold_loss":0},{"damage_healed":0,"gold_gain":0,"player_choice":"Ignored","damage_taken":0,"max_hp_gain":0,"max_hp_loss":0,"event_name":"Tomb of Lord Red Mask","floor":44,"gold_loss":0}],"is_beta":false,"boss_relics":[{"not_picked":["Astrolabe","Runesmith:UraniumAnvil"],"picked":"Velvet Choker"},{"not_picked":["Snecko Eye","Tiny House"],"picked":"infinitespire:Cupcake"}],"items_purged_floors":[],"is_endless":true,"potions_floor_spawned":[1,2,6,7,10,11,16,18,19,20,21,22,24,27,28,29,30,31,33,35,37,38,39,40,45,46,48],"killed_by":"Donu and Deca","ascension_level":0}}