{"host":"sc0o2qwpf9j16a4i","time":1613066988,"event":{"mods":["AchievementEnabler","BaseMod","BetterRewards","Block Reminder","Colored Map","Colored Powertips","Custom Start","Highlight Path","Minty Spire (QoL Compilation)","Relic Stats"],"gold_per_floor":[11,21,36,36,55,84,113,130,157,182,182,195,195,12,12,87,87,104,104,116,134,134,134],"floor_reached":22,"language":"ENG","playtime":667,"items_purged":["Strike_R"],"score":396,"play_id":"262f4a06-8405-440a-a4f4-6fdfa696e2be","local_time":"20210211200948","is_ascension_mode":true,"campfire_choices":[{"data":"Metallicize","floor":11.0,"key":"SMITH"},{"data":"Clothesline","floor":13.0,"key":"SMITH"},{"data":"Enlightenment","floor":15.0,"key":"SMITH"}],"circlet_count":0,"master_deck":["AscendersBane","Strike_R","Strike_R","Strike_R","Strike_R","Defend_R","Defend_R","Defend_R","Defend_R","Bash","Bludgeon","Shrug It Off","Headbutt","Metallicize+1","Clothesline+1","Sword Boomerang","Blood for Blood","Enlightenment+1","Warcry+1","Ghostly Armor+1","Pommel Strike+1"],"relics":["Burning Blood","StoneCalendar","Odd Mushroom","Bronze Scales","PreservedInsect","Black Star"],"acts_visited":["Exordium","TheCity"],"potions_floor_usage":[22],"damage_taken":[{"damage":2.0,"enemies":"Jaw Worm","floor":1.0,"turns":3.0},{"damage":6.0,"enemies":"Small Slimes","floor":2.0,"turns":2.0},{"damage":0.0,"enemies":"2 Louse","floor":3.0,"turns":3.0},{"damage":32.0,"enemies":"Gremlin Gang","floor":5.0,"turns":4.0},{"damage":19.0,"enemies":"Lagavulin","floor":6.0,"turns":7.0},{"damage":34.0,"enemies":"The Mushroom Lair","floor":7.0,"turns":6.0},{"damage":2.0,"enemies":"2 Fungi Beasts","floor":8.0,"turns":5.0},{"damage":5.0,"enemies":"Gremlin Nob","floor":10.0,"turns":3.0},{"damage":8.0,"enemies":"Lots of Slimes","floor":12.0,"turns":4.0},{"damage":15.0,"enemies":"Hexaghost","floor":16.0,"turns":7.0},{"damage":24.0,"enemies":"Spheric Guardian","floor":18.0,"turns":4.0},{"damage":38.0,"enemies":"2 Thieves","floor":20.0,"turns":5.0},{"damage":10.0,"enemies":"Snecko","floor":21.0,"turns":5.0},{"damage":52,"enemies":"3 Cultists","floor":22,"turns":5}],"seed_played":"3334328697008917494","potions_obtained":[{"floor":2.0,"key":"LiquidMemories"},{"floor":5.0,"key":"ColorlessPotion"},{"floor":6.0,"key":"DuplicationPotion"},{"floor":7.0,"key":"Regen Potion"},{"floor":10.0,"key":"SkillPotion"},{"floor":20.0,"key":"ColorlessPotion"}],"is_trial":false,"path_per_floor":["M","M","M","?","M","E","?","M","T","E","R","M","R","$","R","B",null,"M","?","M","M","M"],"character_chosen":"IRONCLAD","items_purchased":["Enlightenment"],"campfire_rested":0,"item_purchase_floors":[14],"current_hp_per_floor":[72,72,75,75,49,36,8,26,26,27,27,25,25,25,25,16,60,42,85,53,49,0,0],"gold":134,"neow_bonus":"THREE_RARE_CARDS","is_daily":false,"chose_seed":false,"campfire_upgraded":3,"win_rate":0.0,"timestamp":1613066988,"path_taken":["M","M","M","?","M","E","?","M","T","E","R","M","R","?","R","BOSS","M","?","?","M","M"],"items_purchased_type":["Card"],"build_version":"2020-12-22","purchased_purges":1,"victory":false,"max_hp_per_floor":[75,75,75,75,75,75,75,75,75,75,75,75,75,75,75,75,75,75,85,85,85,85,85],"relic_stats":{"counters":[14,63],"Bronze Scales":[106],"StoneCalendar":[0],"PreservedInsect":0,"Black Star":0,"obtain_stats":[{"Bronze Scales":9,"StoneCalendar":6,"PreservedInsect":10,"Black Star":17,"Odd Mushroom":7,"Burning Blood":0},{"Bronze Scales":7,"StoneCalendar":5,"PreservedInsect":8,"Black Star":10,"Odd Mushroom":6,"Burning Blood":0},{"Bronze Scales":30,"StoneCalendar":19,"PreservedInsect":33,"Black Star":44,"Odd Mushroom":25,"Burning Blood":0}],"Burning Blood":75},"card_choices":[{"not_picked":["Brutality","Berserk"],"picked":"Bludgeon","floor":0.0},{"not_picked":["Cleave","Rupture"],"picked":"Shrug It Off","floor":1.0},{"not_picked":["True Grit","Whirlwind"],"picked":"Headbutt","floor":2.0},{"not_picked":["Armaments","Dropkick"],"picked":"Metallicize","floor":3.0},{"not_picked":["Bloodletting","Sentinel"],"picked":"Clothesline","floor":5.0},{"not_picked":["Barricade","Rampage","Thunderclap"],"picked":"SKIP","floor":6.0},{"not_picked":["Body Slam","Dropkick"],"picked":"Sword Boomerang","floor":7.0},{"not_picked":["Clothesline","Seeing Red","Anger"],"picked":"SKIP","floor":8.0},{"not_picked":["Flex","Perfected Strike"],"picked":"Blood for Blood","floor":10.0},{"not_picked":["Warcry","Brutality","Fire Breathing"],"picked":"SKIP","floor":12.0},{"not_picked":["Reaper","Berserk"],"picked":"Offering","floor":16.0},{"not_picked":["Dark Embrace","Thunderclap+1"],"picked":"Warcry+1","floor":18.0},{"not_picked":["Wild Strike","Twin Strike"],"picked":"Ghostly Armor+1","floor":20.0},{"not_picked":["Infernal Blade","Rage"],"picked":"Pommel Strike+1","floor":21.0}],"player_experience":1348799,"relics_obtained":[{"floor":6.0,"key":"StoneCalendar"},{"floor":7.0,"key":"Odd Mushroom"},{"floor":9.0,"key":"Bronze Scales"},{"floor":10.0,"key":"PreservedInsect"}],"event_choices":[{"damage_healed":0.0,"max_hp_gain":0.0,"max_hp_loss":0.0,"gold_gain":0.0,"event_name":"Liars Game","player_choice":"Ignored","floor":4.0,"gold_loss":0.0,"damage_taken":0.0},{"damage_healed":0.0,"max_hp_gain":0.0,"max_hp_loss":0.0,"gold_gain":0.0,"event_name":"Mushrooms","player_choice":"Fought Mushrooms","floor":7.0,"gold_loss":0.0,"damage_taken":0.0},{"cards_removed":["Offering"],"damage_healed":33.0,"max_hp_gain":10.0,"max_hp_loss":0.0,"gold_gain":0.0,"event_name":"Bonfire Elementals","player_choice":"Offered Rare","floor":19.0,"gold_loss":0.0,"damage_taken":0.0}],"is_beta":false,"boss_relics":[{"not_picked":["Calling Bell","Mark of Pain"],"picked":"Black Star"}],"items_purged_floors":[14],"is_endless":false,"potions_floor_spawned":[2,5,6,7,10,20],"killed_by":"3 Cultists","ascension_level":20}}