{"host":"rm0ctv8qd8mnbkg1","time":1613041022,"event":{"mods":["BaseMod","Beaked The Cultist","BetterRewards","Colored Map","DNKmod","Dark Map","Defuse TimeMaze Blight","Downfall","Friendly Minions","Halation","Hubris","Marisa????????","Minty Spire (QoL Compilation)","MostiFishMod","Permanent Neow","Quarter Circle Forward PUNCH!","RRrroohrrRGHHhhh!!","Rare Cards Sparkle","Relic Sorter","Reliquary","Replay The Spire","RumiaBox-????????","Shade Mod","Shop Mod","Spicy Shops","Spire Arcade","StS++","StSLib","The Construct","The Servant 0.9.4","TheVacant","Wandering Minibosses","??????REMEMod"],"gold_per_floor":[10000,10010,10025,10300,9406,8621,8690,8701,8701,8712,8712,8726,8887,8904,8922,9027,9027,9027,9043,9059,9077,9077,9077,9077],"floor_reached":22,"language":"ENG","playtime":791,"items_purged":[],"score":255,"play_id":"3a2dac2e-e18d-4a73-a93a-c3976097fcd9","local_time":"20210211105702","is_ascension_mode":false,"campfire_choices":[{"data":"sneckomod:Unknown","floor":1,"key":"SMITH"}],"circlet_count":0,"master_deck":["sneckomod:Strike","sneckomod:Strike","sneckomod:Defend","sneckomod:Defend","sneckomod:Defend","sneckomod:TailWhip","sneckomod:SnekBite","sneckomod:Unknown","beaked:KnowThyFoe","sneckomod:UnknownBlock","Regret","sneckomod:UnknownCommonAttack","MostiFishMod:PerfectForm","sneckomod:DiceBoulder","sneckomod:Transmogrify+1","sneckomod:UnknownRareAttack","sneckomod:UnknownX","bronze:Strike","sneckomod:UnknownStrength","sneckomod:RainOfDice","Sweeping Beam","MostiFishMod:DawningShadow","sneckomod:DiceCrush","sneckomod:UnknownRareAttack","theVacant:SpiritOrb+1","Underhanded Strike","ReplaySolidLightProjector","sneckomod:UnknownCommonSkill"],"relics":["sneckomod:SneckoSoul","REME_ComplimentaryCards","DaveBox","Civilization","Replay:WaspNest","ClockworkSouvenir","qcfpunch:School_Backpack","Membership Card","ImprovedEquipment","SacredBark","Mirror","Bronze Scales"],"acts_visited":["Exordium","TheCity"],"potions_floor_usage":[],"damage_taken":[{"damage":0,"enemies":"2 Louse","floor":2,"turns":2},{"damage":0,"enemies":"Cultist","floor":3,"turns":2},{"damage":1,"enemies":"downfall:FleeingMerchant","floor":5,"turns":4},{"damage":5,"enemies":"downfall:FleeingMerchant","floor":6,"turns":6},{"damage":0,"enemies":"Small Slimes","floor":8,"turns":1},{"damage":0,"enemies":"Lots of Slimes","floor":10,"turns":3},{"damage":1,"enemies":"Blue Slaver","floor":12,"turns":2},{"damage":4,"enemies":"downfall:FleeingMerchant","floor":13,"turns":4},{"damage":1,"enemies":"Red Slaver","floor":14,"turns":1},{"damage":14,"enemies":"Large Slime","floor":15,"turns":2},{"damage":11,"enemies":"IC_STATUS_ARCHETYPE","floor":16,"turns":3},{"damage":2,"enemies":"Chosen","floor":19,"turns":2},{"damage":5,"enemies":"3 Byrds","floor":20,"turns":2},{"damage":1,"enemies":"Sentry and Sphere","floor":21,"turns":3},{"damage":0,"enemies":"Snecko","floor":22,"turns":3}],"seed_played":"8657737995082127253","potions_obtained":[],"is_trial":false,"path_per_floor":["R","M","M","?","$","$","T","M","?","M","?","M","$","M","M","B",null,"R","M","M","M","M"],"character_chosen":"THE_SNECKO","items_purchased":["beaked:ShinyBauble","MostiFishMod:PerfectForm","reliquary:QuartzCube","Replay:WaspNest","Bronze Scales","sneckomod:Transmogrify","sneckomod:UnknownRareAttack","ClockworkSouvenir","Membership Card","sneckomod:RainOfDice"],"campfire_rested":0,"item_purchase_floors":[5,5,5,6,6,6,6,6,13,13],"current_hp_per_floor":[1100,1102,1105,1105,1107,1105,1105,1110,1110,1115,1115,1119,1120,1124,1129,1128,1146,1146,1149,1149,1153,1153,1153,1153],"gold":9077,"neow_bonus":"TEN_PERCENT_HP_BONUS","is_daily":false,"chose_seed":false,"campfire_upgraded":1,"win_rate":0.0,"timestamp":1613041022,"path_taken":["R","M","M","?","?","$","T","M","?","?","?","M","$","M","M","BOSS","R","M","M","M","M"],"items_purchased_type":["Relic","Card","Relic","Relic","Relic","Card","Card","Relic","Relic","Card"],"build_version":"2020-12-22","purchased_purges":0,"victory":false,"max_hp_per_floor":[1100,1102,1105,1105,1108,1111,1111,1116,1116,1121,1121,1126,1131,1136,1141,1146,1146,1146,1151,1156,1161,1161,1161,1161],"card_choices":[{"not_picked":["sneckomod:QuickBite","sneckomod:QuickMove"],"picked":"sneckomod:UnknownBlock","floor":2},{"not_picked":["sneckomod:MasterEye","sneckomod:SoulRoll","sneckomod:Nope"],"picked":"SKIP","floor":3},{"not_picked":["sneckomod:UnknownDraw","sneckomod:Nope"],"picked":"sneckomod:UnknownCommonAttack","floor":5},{"not_picked":["sneckomod:QuickBite","sneckomod:SnakeSap"],"picked":"sneckomod:DiceBoulder","floor":6},{"not_picked":["sneckomod:DiceBoulder","sneckomod:MixItUp","sneckomod:SlitherStrike"],"picked":"SKIP","floor":8},{"not_picked":["sneckomod:UnknownCommonAttack","sneckomod:DiceBlock"],"picked":"sneckomod:UnknownX","floor":10},{"not_picked":["sneckomod:UnendingSupply","sneckomod:DiceCrush","sneckomod:SoulDraw"],"picked":"SKIP","floor":12},{"not_picked":["sneckomod:UnknownCommonAttack","sneckomod:DiceBoulder"],"picked":"sneckomod:UnknownStrength","floor":13},{"not_picked":["ReplayTheSpireMod:Calculation Training","Gash"],"picked":"Sweeping Beam","floor":14},{"not_picked":["sneckomod:DiceBoulder","sneckomod:UnknownWeak","sneckomod:SoulRoll"],"picked":"SKIP","floor":14},{"not_picked":["Streamline","Steam+1"],"picked":"MostiFishMod:DawningShadow","floor":15},{"not_picked":["sneckomod:UnknownBlock","sneckomod:UnknownDraw"],"picked":"sneckomod:DiceCrush","floor":15},{"not_picked":["sneckomod:Cheat","sneckomod:Restock"],"picked":"sneckomod:UnknownRareAttack","floor":16},{"not_picked":["Choke","Prepared"],"picked":"Underhanded Strike","floor":19},{"not_picked":["sneckomod:RainOfDice","sneckomod:SlitherStrike","sneckomod:QuickMove"],"picked":"SKIP","floor":19},{"not_picked":["rorgmod:Black Ice","rorgmod:Refrigerate"],"picked":"ReplaySolidLightProjector","floor":20},{"not_picked":["sneckomod:WideSting","sneckomod:SoulDraw"],"picked":"sneckomod:UnknownCommonSkill","floor":20},{"not_picked":["sneckomod:MixItUp","sneckomod:ImprovisedGuard","sneckomod:DiceBoulder+1"],"picked":"SKIP","floor":21}],"player_experience":343911,"relics_obtained":[{"floor":7,"key":"ImprovedEquipment"},{"floor":12,"key":"ImprovedEquipment"},{"floor":12,"key":"beaked:ShinyBauble"},{"floor":13,"key":"qcfpunch:School_Backpack"},{"floor":14,"key":"ImprovedEquipment"},{"floor":16,"key":"ImprovedEquipment"},{"floor":20,"key":"Mirror"},{"floor":21,"key":"Bronze Scales"}],"event_choices":[{"damage_healed":0,"gold_gain":0,"player_choice":"Forge","damage_taken":0,"max_hp_gain":0,"max_hp_loss":0,"event_name":"Accursed Blacksmith","floor":9,"gold_loss":0,"cards_upgraded":["sneckomod:Transmogrify"]},{"cards_removed":["sneckomod:Strike"],"damage_healed":0,"gold_gain":0,"player_choice":"Took Card","damage_taken":0,"max_hp_gain":0,"max_hp_loss":0,"event_name":"NoteForYourself","floor":11,"gold_loss":0,"cards_obtained":["bronze:Strike"]}],"is_beta":false,"boss_relics":[{"not_picked":["ReplayTheSpireMod:DimensionalGlitch","Replay:Bronze Core"],"picked":"SacredBark"}],"items_purged_floors":[],"is_endless":false,"potions_floor_spawned":[2,3,10,14,15,16,19,21],"killed_by":"Snecko","ascension_level":0}}