{"host":"djoj10dqzzvtkauc","time":1613051677,"event":{"mods":["2.2 Compatiblity","BaseMod","Colored Map","DeckTracker","Highlight Path","Keyboard Shortcuts","Marisa£¨Ùöéë¡¡Øª×âÞÞ£©","Minty Spire (QoL Compilation)","Permanent Neow","Quick Restart","Random Character Button","StSLib","SuperFastMode","everything is the same but u backflip on backflip"],"gold_per_floor":[110,130,144,4,79,79,79,92,92,112,112,144,144,27,27,98,98,117,136,136,151,2,29,29,29,29,75,75,95,108,137,137,137,137],"floor_reached":33,"language":"KOR","playtime":920,"items_purged":[],"score":524,"play_id":"e8e72eb0-6fcb-4692-881d-59dbe993f6c6","local_time":"20210211225437","is_ascension_mode":true,"campfire_choices":[{"data":"Backflip","floor":6.0,"key":"SMITH"},{"data":"Footwork","floor":11.0,"key":"SMITH"},{"floor":13.0,"key":"REST"},{"data":"Dagger Spray","floor":15.0,"key":"SMITH"},{"floor":24.0,"key":"REST"},{"data":"Glass Knife","floor":28.0,"key":"SMITH"},{"floor":32.0,"key":"REST"}],"circlet_count":0,"master_deck":["AscendersBane","Strike_G","Strike_G","Strike_G","Strike_G","Strike_G","Defend_G","Defend_G","Defend_G","Defend_G","Defend_G","Survivor","Neutralize","Backflip+1","Backflip","PiercingWail","Poisoned Stab","Deflect","Bouncing Flask","Dagger Spray+1","Footwork+1","Dash","Slice","Accuracy","Blade Dance","Glass Knife+1","Masterful Stab","Flying Knee","Escape Plan","Glass Knife","Crippling Poison","PiercingWail","Cloak And Dagger","Footwork","Blade Dance","Wraith Form v2","Cloak And Dagger+1"],"relics":["Ring of the Snake","Centennial Puzzle","Dream Catcher","Sundial","WristBlade","CaptainsWheel","Vajra","Blood Vial","Happy Flower"],"acts_visited":["Exordium","TheCity"],"potions_floor_usage":[],"damage_taken":[{"damage":7.0,"enemies":"Small Slimes","floor":1.0,"turns":3.0},{"damage":0.0,"enemies":"2 Louse","floor":2.0,"turns":5.0},{"damage":2.0,"enemies":"Cultist","floor":3.0,"turns":4.0},{"damage":2.0,"enemies":"Red Slaver","floor":8.0,"turns":3.0},{"damage":2.0,"enemies":"3 Louse","floor":10.0,"turns":3.0},{"damage":20.0,"enemies":"Gremlin Nob","floor":12.0,"turns":4.0},{"damage":30.0,"enemies":"Hexaghost","floor":16.0,"turns":10.0},{"damage":3.0,"enemies":"Chosen","floor":18.0,"turns":4.0},{"damage":0.0,"enemies":"3 Byrds","floor":19.0,"turns":4.0},{"damage":4.0,"enemies":"Cultist and Chosen","floor":21.0,"turns":6.0},{"damage":51.0,"enemies":"Book of Stabbing","floor":23.0,"turns":7.0},{"damage":0.0,"enemies":"3 Cultists","floor":29.0,"turns":5.0},{"damage":0.0,"enemies":"Snecko","floor":30.0,"turns":4.0},{"damage":23.0,"enemies":"Slavers","floor":31.0,"turns":6.0},{"damage":46,"enemies":"Collector","floor":33,"turns":12}],"seed_played":"6190529144046234578","potions_obtained":[{"floor":3.0,"key":"LiquidBronze"},{"floor":7.0,"key":"FairyPotion"},{"floor":12.0,"key":"Swift Potion"},{"floor":21.0,"key":"SteroidPotion"},{"floor":29.0,"key":"SkillPotion"}],"is_trial":false,"path_per_floor":["M","M","M","$","?","R","?","M","T","M","R","E","R","$","R","B",null,"M","M","?","M","$","E","R","?","T","T","R","M","M","E","R","B"],"character_chosen":"THE_SILENT","items_purchased":["Poisoned Stab","Deflect","Bouncing Flask","Accuracy","Blade Dance","Glass Knife","Crippling Poison"],"campfire_rested":3,"item_purchase_floors":[4,4,4,14,14,22,22],"current_hp_per_floor":[52,52,50,50,39,39,39,37,37,35,35,15,34,34,34,4,51,48,48,48,44,44,12,31,31,31,31,31,33,35,14,33,0,0],"gold":137,"neow_bonus":"RANDOM_COMMON_RELIC","is_daily":false,"chose_seed":false,"campfire_upgraded":4,"win_rate":0.0,"timestamp":1613051677,"path_taken":["M","M","M","$","?","R","?","M","T","?","R","E","R","?","R","BOSS","M","M","?","M","$","E","R","?","T","?","R","?","M","E","R","BOSS"],"items_purchased_type":["Card","Card","Card","Card","Card","Card","Card"],"build_version":"2020-12-22","purchased_purges":0,"victory":false,"max_hp_per_floor":[66,66,66,66,66,66,66,66,66,66,66,66,66,66,66,66,66,66,66,66,66,66,66,66,66,66,66,66,66,66,66,66,66,66],"card_choices":[{"not_picked":["Dagger Throw","Bouncing Flask"],"picked":"Backflip","floor":1.0},{"not_picked":["Heel Hook","Dodge and Roll"],"picked":"Backflip","floor":2.0},{"not_picked":["Concentrate","Prepared"],"picked":"PiercingWail","floor":3.0},{"not_picked":["Blade Dance","Poisoned Stab"],"picked":"Dagger Spray","floor":8.0},{"not_picked":["Outmaneuver","Flying Knee"],"picked":"Footwork","floor":10.0},{"not_picked":["Slice","Escape Plan"],"picked":"Dash","floor":12.0},{"not_picked":["Choke","Prepared"],"picked":"Slice","floor":13.0},{"not_picked":["Bullet Time","Unload"],"picked":"Glass Knife","floor":16.0},{"not_picked":["Caltrops","Tactician"],"picked":"Masterful Stab","floor":18.0},{"not_picked":["Deflect","Poisoned Stab"],"picked":"Flying Knee","floor":19.0},{"not_picked":["Dodge and Roll","Bane"],"picked":"Escape Plan","floor":21.0},{"not_picked":["Flying Knee","Bouncing Flask"],"picked":"PiercingWail","floor":23.0},{"not_picked":["Concentrate","Sucker Punch"],"picked":"Cloak And Dagger","floor":24.0},{"not_picked":["PiercingWail+1","Bouncing Flask+1"],"picked":"Footwork","floor":29.0},{"not_picked":["Noxious Fumes","Dodge and Roll"],"picked":"Blade Dance","floor":30.0},{"not_picked":["Calculated Gamble","Dagger Throw"],"picked":"Wraith Form v2","floor":31.0},{"not_picked":["PiercingWail","Quick Slash"],"picked":"Cloak And Dagger+1","floor":32.0}],"player_experience":230848,"relics_obtained":[{"floor":9.0,"key":"Dream Catcher"},{"floor":12.0,"key":"Sundial"},{"floor":23.0,"key":"CaptainsWheel"},{"floor":26.0,"key":"Vajra"},{"floor":27.0,"key":"Blood Vial"},{"floor":31.0,"key":"Happy Flower"}],"event_choices":[{"damage_healed":0.0,"max_hp_gain":0.0,"max_hp_loss":0.0,"gold_gain":75.0,"event_name":"World of Goop","player_choice":"Gather Gold","floor":5.0,"gold_loss":0.0,"damage_taken":11.0},{"damage_healed":0.0,"max_hp_gain":0.0,"max_hp_loss":0.0,"gold_gain":0.0,"event_name":"Lab","player_choice":"Got Potions","floor":7.0,"gold_loss":0.0,"damage_taken":0.0},{"damage_healed":0.0,"max_hp_gain":0.0,"max_hp_loss":0.0,"gold_gain":0.0,"event_name":"Ghosts","player_choice":"Ignored","floor":20.0,"gold_loss":0.0,"damage_taken":0.0}],"is_beta":false,"boss_relics":[{"not_picked":["SacredBark","Busted Crown"],"picked":"WristBlade"}],"items_purged_floors":[],"is_endless":false,"potions_floor_spawned":[3,12,21,29,30],"killed_by":"Collector","ascension_level":15}}