{"host":"2yqfi47fogfu1ic4","time":1613063895,"event":{"mods":["AchievementEnabler","BaseMod","Colored Map","Colored Powertips","Highlight Path","Minty Spire (QoL Compilation)","Permanent Neow","Relic Stats","StSLib"],"gold_per_floor":[112,262,262,273,51,76,76,86,86,106,106,106,125,139,139,238,238,252,177,191,25,40,40,40,14,14,14,14,14],"floor_reached":28,"language":"DEU","playtime":1849,"items_purged":["Doubt"],"score":436,"play_id":"5b7334b9-480d-440f-b7c9-1c20899d0a0b","local_time":"20210211181815","is_ascension_mode":true,"campfire_choices":[{"data":"Crippling Poison","floor":7,"key":"SMITH"},{"data":"Malaise","floor":12,"key":"SMITH"},{"data":"Footwork","floor":15,"key":"SMITH"},{"data":"Blur","floor":23,"key":"SMITH"}],"circlet_count":0,"master_deck":["AscendersBane","Strike_G","Strike_G","Strike_G","Strike_G","Defend_G","Defend_G","Defend_G","Defend_G","Defend_G","Survivor","Neutralize","Blade Dance","Crippling Poison+1","Deadly Poison","Footwork+1","PiercingWail","Blade Dance","Malaise+1","Blur","Well Laid Plans+1","Bullet Time","Dagger Spray+1","Noxious Fumes+1","Blur+1","Dodge and Roll"],"relics":["Ring of the Snake","Snake Skull","Frozen Egg 2","Golden Idol","Cursed Key","Nilry\u0027s Codex","Nloth\u0027s Gift"],"acts_visited":["Exordium","TheCity"],"potions_floor_usage":[6,16,28],"damage_taken":[{"damage":1,"enemies":"Jaw Worm","floor":1,"turns":6},{"damage":9,"enemies":"Cultist","floor":4,"turns":6},{"damage":24,"enemies":"Gremlin Nob","floor":6,"turns":4},{"damage":5,"enemies":"Small Slimes","floor":8,"turns":4},{"damage":0,"enemies":"2 Fungi Beasts","floor":10,"turns":3},{"damage":3,"enemies":"Large Slime","floor":13,"turns":4},{"damage":0,"enemies":"3 Louse","floor":14,"turns":4},{"damage":8,"enemies":"The Guardian","floor":16,"turns":12},{"damage":7,"enemies":"Shell Parasite","floor":18,"turns":7},{"damage":8,"enemies":"3 Byrds","floor":20,"turns":5},{"damage":8,"enemies":"Snake Plant","floor":22,"turns":5},{"damage":18,"enemies":"Shelled Parasite and Fungi","floor":28,"turns":3}],"seed_played":"-8567476377419620891","potions_obtained":[{"floor":4,"key":"FearPotion"},{"floor":8,"key":"Energy Potion"},{"floor":13,"key":"Swift Potion"}],"is_trial":false,"path_per_floor":["M","?","T","M","$","E","R","M","T","M","?","R","M","M","R","B",null,"M","?","M","$","M","R","?","$","T","?","M"],"character_chosen":"THE_SILENT","items_purchased":["Deadly Poison","Footwork","Noxious Fumes+1","Blur","Dodge and Roll"],"campfire_rested":0,"item_purchase_floors":[5,5,21,21,25],"current_hp_per_floor":[58,58,58,49,49,25,25,20,20,20,20,20,17,17,17,9,47,40,40,32,32,24,24,3,3,3,3,0,0],"gold":14,"neow_bonus":"RANDOM_COMMON_RELIC","is_daily":false,"chose_seed":false,"campfire_upgraded":4,"win_rate":0.0,"timestamp":1613063895,"path_taken":["M","?","?","?","$","E","R","M","T","M","?","R","M","M","R","BOSS","M","?","M","$","M","R","?","$","T","?","M"],"items_purchased_type":["Card","Card","Card","Card","Card"],"build_version":"2020-12-22","purchased_purges":1,"victory":false,"max_hp_per_floor":[66,66,66,66,66,66,66,66,66,66,60,60,60,60,60,60,60,60,60,60,60,60,60,60,60,60,60,60,60],"relic_stats":{"counters":[12,63],"Golden Idol":36,"Snake Skull":[22],"Nloth\u0027s Gift":0,"Cursed Key":0,"obtain_stats":[{"Nunchaku":6,"Golden Idol":11,"Nilry\u0027s Codex":24,"Snake Skull":0,"Nloth\u0027s Gift":27,"Frozen Egg 2":9,"Cursed Key":17,"Ring of the Snake":0},{"Nunchaku":3,"Golden Idol":5,"Nilry\u0027s Codex":11,"Snake Skull":0,"Nloth\u0027s Gift":11,"Frozen Egg 2":4,"Cursed Key":8,"Ring of the Snake":0},{"Nunchaku":16,"Golden Idol":23,"Nilry\u0027s Codex":60,"Snake Skull":0,"Nloth\u0027s Gift":60,"Frozen Egg 2":20,"Cursed Key":43,"Ring of the Snake":0}],"Ring of the Snake":[24]},"card_choices":[{"not_picked":["Prepared","Flying Knee"],"picked":"Blade Dance","floor":1},{"not_picked":["Calculated Gamble","Deflect"],"picked":"Crippling Poison","floor":4},{"not_picked":["Calculated Gamble","Prepared"],"picked":"PiercingWail","floor":6},{"not_picked":["Cloak And Dagger","Quick Slash"],"picked":"Blade Dance","floor":8},{"not_picked":["Dodge and Roll","Prepared"],"picked":"Malaise","floor":10},{"not_picked":["Underhanded Strike","Acrobatics"],"picked":"Blur","floor":13},{"not_picked":["Calculated Gamble","Acrobatics"],"picked":"Well Laid Plans+1","floor":14},{"not_picked":["Phantasmal Killer","Malaise"],"picked":"Bullet Time","floor":16},{"not_picked":["Flying Knee","Quick Slash","Deflect"],"picked":"SKIP","floor":18},{"not_picked":["Infinite Blades+1","Sucker Punch"],"picked":"Dagger Spray+1","floor":20},{"not_picked":["Prepared","Deadly Poison","Dagger Spray"],"picked":"SKIP","floor":22}],"player_experience":1770285,"relics_obtained":[{"floor":6,"key":"Nunchaku"},{"floor":9,"key":"Frozen Egg 2"},{"floor":24,"key":"Nilry\u0027s Codex"}],"event_choices":[{"damage_healed":0,"gold_gain":150,"player_choice":"AGREE","damage_taken":0,"max_hp_gain":0,"max_hp_loss":0,"event_name":"Liars Game","floor":2,"gold_loss":0,"cards_obtained":["Doubt"]},{"damage_healed":0,"gold_gain":0,"player_choice":"Lose Max HP","damage_taken":0,"relics_obtained":["Golden Idol"],"max_hp_gain":0,"max_hp_loss":6,"event_name":"Golden Idol","floor":11,"gold_loss":0},{"cards_removed":["Strike_G"],"damage_healed":0,"gold_gain":0,"player_choice":"Gave Gold","damage_taken":0,"max_hp_gain":0,"max_hp_loss":0,"event_name":"Beggar","floor":19,"gold_loss":75},{"damage_healed":0,"gold_gain":0,"player_choice":"Obtained Book","damage_taken":21,"max_hp_gain":0,"max_hp_loss":0,"event_name":"Cursed Tome","floor":24,"gold_loss":0},{"damage_healed":0,"gold_gain":0,"player_choice":"Traded Relic","damage_taken":0,"relics_obtained":["Nloth\u0027s Gift"],"max_hp_gain":0,"max_hp_loss":0,"event_name":"N\u0027loth","floor":27,"relics_lost":["Nunchaku"],"gold_loss":0}],"is_beta":false,"boss_relics":[{"not_picked":["SacredBark","Astrolabe"],"picked":"Cursed Key"}],"items_purged_floors":[5],"is_endless":false,"potions_floor_spawned":[4,8,13],"killed_by":"Shelled Parasite and Fungi","ascension_level":20}}