{"host":"alk2ftu785mujiir","time":1613080201,"event":{"mods":["BaseMod","Bossed Relics","Colored Map","Downfall","Minty Spire (QoL Compilation)","StSLib"],"gold_per_floor":[99,112,112,122,222,239,289,305,330,363,363,380,380,407,426,528,528,528,547,647,497,508,522,522,548,567,595,595,626,626,637,657,657,657,657],"floor_reached":33,"language":"ENG","playtime":1844,"items_purged":[],"score":361,"play_id":"7c99ef9a-6359-43de-bfa1-97f03c349def","local_time":"20210211165001","is_ascension_mode":true,"campfire_choices":[{"data":"bronze:Replicate","floor":1.0,"key":"SMITH"},{"data":"bronze:Repair","floor":13.0,"key":"SMITH"},{"data":"bronze:DarkDash","floor":18.0,"key":"SMITH"},{"data":"bronze:DigitalCarnage","floor":28,"key":"SMITH"},{"data":"bronze:ChosenStrike","floor":30,"key":"SMITH"}],"circlet_count":0,"master_deck":["bronze:Strike","bronze:Strike","bronze:Strike","bronze:Defend","bronze:Defend","bronze:Defend","bronze:Replicate+1","bronze:Goto","bronze:Repair+1","bronze:Separator+1","bronze:FineTuning","bronze:Safeguard","bronze:ChosenStrike+1","bronze:DigitalCarnage+1","bronze:DarkDash+1","bronze:AlphaBuild","bronze:DelayedGuard+1","bronze:Repulsor+1","bronze:DarkDash+1","bronze:Branch+1","bronze:Iterate+1","bronze:Shell"],"relics":["bronze:PlatinumCore","Potion Belt","downfall:GremlinWheel","Smiling Mask","Toy Ornithopter","Anchor","MealTicket","Pen Nib","Shovel","Bottled Lightning","Molten Egg 2","Bag of Preparation","bronze:CableSpool","Ornamental Fan"],"acts_visited":["Exordium","TheCity"],"potions_floor_usage":[25,25,27,33,33,33],"damage_taken":[{"damage":0.0,"enemies":"Small Slimes","floor":2.0,"turns":2.0},{"damage":0.0,"enemies":"2 Louse","floor":4.0,"turns":3.0},{"damage":15.0,"enemies":"2 Louse","floor":5.0,"turns":4.0},{"damage":0.0,"enemies":"Cultist","floor":6.0,"turns":4.0},{"damage":13.0,"enemies":"Exordium Wildlife","floor":8.0,"turns":5.0},{"damage":13.0,"enemies":"Lagavulin","floor":10.0,"turns":5.0},{"damage":0.0,"enemies":"Large Slime","floor":12.0,"turns":5.0},{"damage":10.0,"enemies":"3 Sentries","floor":14.0,"turns":9.0},{"damage":2.0,"enemies":"Blue Slaver","floor":15.0,"turns":3.0},{"damage":44.0,"enemies":"DF_ARCHETYPE_STREAMLINE","floor":16.0,"turns":8.0},{"damage":0.0,"enemies":"Shell Parasite","floor":19.0,"turns":3.0},{"damage":3.0,"enemies":"WA_ARCHETYPE_RETAIN","floor":20.0,"turns":3.0},{"damage":0.0,"enemies":"Spheric Guardian","floor":22.0,"turns":1.0},{"damage":0,"enemies":"Centurion and Healer","floor":23,"turns":3},{"damage":3,"enemies":"Slavers","floor":25,"turns":5},{"damage":0,"enemies":"3 Cultists","floor":26,"turns":4},{"damage":0,"enemies":"Book of Stabbing","floor":27,"turns":5},{"damage":2,"enemies":"Slavers","floor":29,"turns":6},{"damage":0,"enemies":"Snecko","floor":31,"turns":1},{"damage":1,"enemies":"Centurion and Healer","floor":32,"turns":3},{"damage":114,"enemies":"IC_MUSHROOM_ARCHETYPE","floor":33,"turns":12}],"seed_played":"3097582310611629627","potions_obtained":[{"floor":2.0,"key":"PowerPotion"},{"floor":5.0,"key":"Block Potion"},{"floor":12.0,"key":"Swift Potion"},{"floor":15.0,"key":"Weak Potion"},{"floor":16.0,"key":"champ:CounterPotion"},{"floor":23,"key":"Block Potion"},{"floor":26,"key":"SteroidPotion"},{"floor":29,"key":"Fire Potion"},{"floor":32,"key":"Fire Potion"}],"is_trial":false,"path_per_floor":["R","M","?","M","?","M","T","M","T","E","?","M","R","E","M","B",null,"R","M","?","?","M","M","T","E","M","E","R","E","R","M","M","B"],"character_chosen":"THE_AUTOMATON","items_purchased":[],"campfire_rested":0,"item_purchase_floors":[],"current_hp_per_floor":[49,49,46,53,45,52,52,47,47,49,49,57,57,62,68,34,70,70,70,67,80,80,80,80,80,80,80,80,78,78,78,77,0,0,0],"gold":657,"neow_bonus":"REMOVE_TWO","is_daily":false,"chose_seed":false,"campfire_upgraded":5,"win_rate":0.0,"timestamp":1613080201,"path_taken":["R","M","?","M","?","M","T","?","?","E","?","M","R","E","M","BOSS","R","M","?","?","M","M","T","E","?","E","R","E","R","M","M","BOSS"],"items_purchased_type":[],"build_version":"2020-12-22","purchased_purges":0,"victory":false,"max_hp_per_floor":[70,70,70,70,70,70,70,70,70,70,70,70,70,70,70,70,70,70,70,70,80,80,80,80,80,80,80,80,80,80,80,80,80,80,80],"card_choices":[{"not_picked":["bronze:CloningBeam","bronze:MaxOutput"],"picked":"bronze:Repair","floor":2.0},{"not_picked":["bronze:CloningBeam","bronze:Overheat"],"picked":"bronze:Separator","floor":4.0},{"not_picked":["bronze:Overheat","bronze:Turbo"],"picked":"bronze:FineTuning","floor":6.0},{"not_picked":["bronze:BurnOut","bronze:DelayedSlice","bronze:Overheat"],"picked":"SKIP","floor":8.0},{"not_picked":["bronze:ForLoop","bronze:Branch"],"picked":"bronze:Safeguard","floor":10.0},{"not_picked":["bronze:BuggyMess","bronze:ForLoop"],"picked":"bronze:ChosenStrike","floor":12.0},{"not_picked":["bronze:CloningBeam","bronze:Return"],"picked":"bronze:DigitalCarnage","floor":14.0},{"not_picked":["bronze:Deprecate","bronze:Repulsor"],"picked":"bronze:DarkDash","floor":15.0},{"not_picked":["bronze:Assembly","bronze:Break"],"picked":"bronze:AlphaBuild","floor":16.0},{"not_picked":["bronze:Constructor","bronze:WildBeam"],"picked":"bronze:DelayedGuard+1","floor":19.0},{"not_picked":["bronze:NullPointer+1","bronze:Backtrace+1"],"picked":"bronze:Repulsor+1","floor":22.0},{"not_picked":["bronze:Invalidate","bronze:WhirlingStrike+1"],"picked":"bronze:DarkDash+1","floor":23},{"not_picked":["bronze:FindAndReplace","bronze:Constructor"],"picked":"bronze:Branch+1","floor":25},{"not_picked":["bronze:Repair","bronze:Safeguard+1","bronze:CutThrough+1"],"picked":"SKIP","floor":26},{"not_picked":["bronze:FineTuning","bronze:BurnOut+1","bronze:WildBeam+1"],"picked":"SKIP","floor":27},{"not_picked":["bronze:Overheat+1","bronze:FineTuning"],"picked":"bronze:Iterate+1","floor":29},{"not_picked":["bronze:Iterate+1","bronze:BronzeOrb+1"],"picked":"bronze:Shell","floor":31},{"not_picked":["bronze:Philosophize","bronze:InfiniteBeams","bronze:Branch+1"],"picked":"SKIP","floor":32}],"player_experience":1826629,"relics_obtained":[{"floor":5.0,"key":"downfall:GremlinWheel"},{"floor":7.0,"key":"Smiling Mask"},{"floor":9.0,"key":"Toy Ornithopter"},{"floor":10.0,"key":"Anchor"},{"floor":13.0,"key":"MealTicket"},{"floor":14.0,"key":"Pen Nib"},{"floor":20.0,"key":"Shovel"},{"floor":20.0,"key":"Bottled Lightning"},{"floor":24,"key":"Molten Egg 2"},{"floor":25,"key":"Bag of Preparation"},{"floor":27,"key":"bronze:CableSpool"},{"floor":29,"key":"Ornamental Fan"}],"event_choices":[{"damage_healed":0.0,"max_hp_gain":0.0,"max_hp_loss":0.0,"gold_gain":0.0,"event_name":"Scrap Ooze","player_choice":"Success","floor":3.0,"gold_loss":0.0,"damage_taken":3.0,"relics_obtained":["Potion Belt"]},{"damage_healed":0.0,"max_hp_gain":0.0,"max_hp_loss":0.0,"gold_gain":0.0,"event_name":"Living Wall","player_choice":"Grow","floor":11.0,"gold_loss":0.0,"damage_taken":0.0,"cards_upgraded":["bronze:Separator"]},{"damage_healed":0.0,"max_hp_gain":0.0,"max_hp_loss":0.0,"gold_gain":0.0,"event_name":"Wheel of Change","player_choice":"Relic","floor":13.0,"gold_loss":0.0,"damage_taken":0.0}],"is_beta":false,"boss_relics":[{"not_picked":["Black Star","bronze:ElectromagneticCoil"],"picked":"bronze:PlatinumCore"}],"items_purged_floors":[],"is_endless":false,"potions_floor_spawned":[2,5,12,15,16,23,26,29,32],"killed_by":"IC_MUSHROOM_ARCHETYPE","ascension_level":1}}