{"host":"pwrib9jhixfykg8d","time":1613023586,"event":{"mods":["Act Like it!","Astrologer","BaseMod","Custom Start","Downfall","Gold Saver","GungeonMod","Hallownest","Hermit","Infinite Spire","Lobotomy","Luminous","Marisa£®ÏF”Í°°ƒß¿Ì…≥£©","Minty Spire (QoL Compilation)","Quick Restart","Reliquary","Replay The Spire","Shop Mod","StSLib","The Animator","The Bug Knight","The Jungle","Youmu£®ªÍ∆«—˝√Œ£©"],"gold_per_floor":[665,665,665,65,82,82,94,108,132,165,15,15,50,61,61,157,157,176,96,96,115,126,161,172,203,203,218,268,268,18,18,18,115,115,128,71,262,275,293,293,313,329,353,380,380,380],"floor_reached":45,"language":"ZHS","playtime":6231,"items_purged":["HollowMod:QuickDashStart"],"score":572,"play_id":"f77a54ef-4448-4a2f-bb82-09f2112a7d59","local_time":"20210211140626","is_ascension_mode":false,"campfire_choices":[{"data":"HollowMod:RecoilStrike","floor":6,"key":"SMITH"},{"data":"HollowMod:GrimmsGift","floor":12,"key":"SMITH"},{"data":"HollowMod:ShapeofUnn","floor":15,"key":"SMITH"},{"data":"HollowMod:RecoilStrike","floor":32,"key":"SMITH"},{"data":"HollowMod:ElderbugsWisdom","floor":40,"key":"SMITH"}],"circlet_count":0,"master_deck":["HollowMod:NailStrikeStart","HollowMod:QuickDashStart","HollowMod:QuickDashStart","HollowMod:FocusHealStart","HollowMod:PogoStrike","HollowMod:Weaversong","HollowMod:NewLittleFool","HollowMod:SoulSplash","HollowMod:ZotesMagnificence","HollowMod:VengefulSpirit","HollowMod:VengefulSpirit","HollowMod:GrimmsGift+1","HollowMod:RecoilStrike+1","HollowMod:CloakDash","HollowMod:SoulShaman","HollowMod:RecoilStrike+1","HollowMod:ShapeofUnn+1","HollowMod:AwokenDreamNail","HollowMod:SoulStrike+1","Hallownest:skillCityofTearsMap","HollowMod:DoubleDash","HollowMod:HuntersJournal+1","HollowMod:ElderbugsWisdom+1","HollowMod:CloakDash","HollowMod:DungDefenderAura+1","HollowMod:CloakDash+1","HollowMod:PaleKingsBlessing","HollowMod:CycloneSlash","HollowMod:GreatSlash+1","HollowMod:GreatSlash+1","HollowMod:SoulVessel+1","HollowMod:SoulMaster","HollowMod:DashSlash+1","Replay:Sluggish","HollowMod:CrystalDash+1"],"relics":["HollowMod:VesselMask","Hallownest:DreamNailRelic","Onion Ring","Omamori","BargainBundle","ReplayTheSpireMod:Lightbulb","Bag of Preparation","HollowMod:StagPassRelic","Pen Nib","Cursed Key","Simple Rune","reliquary:Stiletto","Hallownest:UnbreakableCardRelic","HollowMod:MillibellesNoteRelic","ReplayTheSpireMod:TigerMarble"],"acts_visited":["Hallownest:Greenpath","Hallownest:CityofTears","Hallownest:KingdomsEdge"],"potions_floor_usage":[10,13,23,25,33,33,33,42,44,45],"damage_taken":[{"damage":0,"enemies":"2_ Uuma","floor":1,"turns":3},{"damage":1,"enemies":"Hallownest:2_MossCreeps","floor":5,"turns":3},{"damage":6,"enemies":"Hallownest:monsterHuskGuard","floor":7,"turns":3},{"damage":2,"enemies":"Hallownest:Wandering_and_Horned","floor":8,"turns":4},{"damage":0,"enemies":"Hallownest:eliteVengeflyKing","floor":10,"turns":4},{"damage":7,"enemies":"Hallownest:eliteMossKnight","floor":13,"turns":5},{"damage":5,"enemies":"Hallownest:Guard_and_Warrior","floor":14,"turns":4},{"damage":17,"enemies":"Hallownest:BossBrokenVessel","floor":16,"turns":5},{"damage":15,"enemies":"Hallownest:Flukemon_and_Top","floor":18,"turns":3},{"damage":6,"enemies":"Hallownest:3_Youths","floor":21,"turns":4},{"damage":15,"enemies":"Hallownest:3_Mistakes","floor":22,"turns":7},{"damage":0,"enemies":"Hallownest:Nosk","floor":23,"turns":4},{"damage":7,"enemies":"Hallownest:2_Flukemon","floor":24,"turns":5},{"damage":1,"enemies":"Hallownest:eliteSoulWarrior","floor":25,"turns":5},{"damage":0,"enemies":"Hallownest:monsterShrumalOgre","floor":27,"turns":3},{"damage":0,"enemies":"Hallownest:Glutton_and_Coward","floor":28,"turns":3},{"damage":21,"enemies":"Hallownest:BossMantisLord","floor":33,"turns":6},{"damage":0,"enemies":"Hallownest:3_Siblings","floor":35,"turns":3},{"damage":0,"enemies":"Hallownest:2_Littles","floor":38,"turns":3},{"damage":6,"enemies":"Hallownest:monsterPrimalAspid","floor":39,"turns":3},{"damage":7,"enemies":"Hallownest:2_Wandering_and_1_Horned","floor":41,"turns":4},{"damage":12,"enemies":"Hallownest:2_Wing_and_1_Kings","floor":42,"turns":5},{"damage":15,"enemies":"Hallownest:StalkingDevout","floor":44,"turns":5},{"damage":58,"enemies":"Hallownest:2_Primals","floor":45,"turns":3}],"seed_played":"637424467388172113","potions_obtained":[{"floor":8,"key":"DemoMod:LeadSkinPotion"},{"floor":10,"key":"SpeedPotion"},{"floor":13,"key":"Block Potion"},{"floor":21,"key":"bronze:BurnAndBuffPotion"},{"floor":23,"key":"champ:CounterPotion"},{"floor":25,"key":"BlessingOfTheForge"},{"floor":33,"key":"Block Potion"},{"floor":35,"key":"Flashbang"},{"floor":38,"key":"Fire Potion"}],"is_trial":false,"path_per_floor":["M","?","?","$","M","R","M","M","T","E","?","R","E","M","R","B",null,"M","?","?","M","M","E","M","E","T","M","M","?","?","$","R","B",null,"M","$","?","M","M","R","M","M","T","E","?"],"character_chosen":"THE_BUGKNIGHT","items_purchased":["Onion Ring","Omamori","BargainBundle","BlessingOfTheForge","Elixir","Dexterity Potion","HollowMod:VengefulSpirit","HollowMod:GrimmsGift","HollowMod:GreatSlash"],"campfire_rested":0,"item_purchase_floors":[4,4,4,4,4,4,4,4,36],"current_hp_per_floor":[68,68,68,68,68,68,62,66,66,66,66,66,59,60,60,43,68,53,53,53,53,44,44,43,42,42,42,42,42,42,42,42,21,68,68,68,68,68,68,68,62,59,59,50,0,0],"gold":380,"neow_bonus":"TRANSFORM_TWO_CARDS","is_daily":false,"chose_seed":false,"campfire_upgraded":5,"win_rate":0.0,"timestamp":1613023586,"path_taken":["M","?","?","$","M","R","M","?","T","E","?","R","E","M","R","BOSS","M","?","?","M","M","E","M","E","T","M","?","?","?","$","R","BOSS","M","$","?","M","M","R","?","M","T","E","?"],"items_purchased_type":["Relic","Relic","Relic","Potion","Potion","Potion","Card","Card","Card"],"build_version":"2020-12-22","purchased_purges":1,"victory":false,"max_hp_per_floor":[68,68,68,68,68,68,68,68,68,68,68,68,68,68,68,68,68,68,68,68,68,68,68,68,68,68,68,68,68,68,68,68,68,68,68,68,68,68,68,68,68,68,68,68,68,68],"card_choices":[{"not_picked":["HollowMod:LifebloodCocoon","HollowMod:SiblingsShadow"],"picked":"HollowMod:SoulSplash","floor":1},{"not_picked":["HollowMod:WraithStrike","HollowMod:InfectedCysts"],"picked":"HollowMod:RecoilStrike","floor":5},{"not_picked":["HollowMod:TaintedHusks","HollowMod:ShadowDash"],"picked":"HollowMod:CloakDash","floor":7},{"not_picked":["HollowMod:ShadowDash","HollowMod:QuirrelsAssistance"],"picked":"HollowMod:SoulShaman","floor":8},{"not_picked":["HollowMod:VoidDash","HollowMod:InfectedCysts","HollowMod:QuirrelsAssistance"],"picked":"SKIP","floor":10},{"not_picked":["HollowMod:ChannelNail","HollowMod:ShadowDash"],"picked":"HollowMod:RecoilStrike","floor":13},{"not_picked":["HollowMod:CornifersMapStart","HollowMod:TaintedHusks"],"picked":"HollowMod:ShapeofUnn","floor":14},{"not_picked":["HollowMod:ElderbugsWisdom","HollowMod:MidwifesHunger"],"picked":"HollowMod:AwokenDreamNail","floor":16},{"not_picked":["HollowMod:CornifersMapStart","HollowMod:SharpenedNail"],"picked":"HollowMod:SoulStrike+1","floor":18},{"not_picked":["HollowMod:CrystalDash","HollowMod:ShadowDash"],"picked":"HollowMod:DoubleDash","floor":21},{"not_picked":["HollowMod:VengefulVoid","HollowMod:SoulSplash+1"],"picked":"HollowMod:HuntersJournal+1","floor":22},{"not_picked":["HollowMod:ShadowDash","HollowMod:HowlingWraiths"],"picked":"HollowMod:ElderbugsWisdom","floor":23},{"not_picked":["HollowMod:TaintedHusks","HollowMod:LifebloodCocoon+1"],"picked":"HollowMod:CloakDash","floor":24},{"not_picked":["HollowMod:MonomonsArchive","HollowMod:CornifersMapStart+1"],"picked":"HollowMod:DungDefenderAura+1","floor":25},{"not_picked":["HollowMod:GoodIntentions","HollowMod:SiblingsSouls+1"],"picked":"HollowMod:CloakDash","floor":27},{"not_picked":["HollowMod:RecoilStrike","HollowMod:SharpenedNail"],"picked":"HollowMod:CloakDash+1","floor":28},{"not_picked":["HollowMod:VoidDash","HollowMod:LifebloodCore"],"picked":"HollowMod:PaleKingsBlessing","floor":33},{"not_picked":["HollowMod:DoubleDash+1","HollowMod:InfectedCysts+1"],"picked":"HollowMod:CycloneSlash","floor":35},{"not_picked":["HollowMod:DescendingDark","HollowMod:DoubleDash"],"picked":"HollowMod:SoulVessel+1","floor":38},{"not_picked":["HollowMod:BaldurShell+1","HollowMod:GoodIntentions","HollowMod:PureNailStrike"],"picked":"SKIP","floor":39},{"not_picked":["HollowMod:WraithStrike","HollowMod:DescendingDark"],"picked":"HollowMod:SoulMaster","floor":41},{"not_picked":["HollowMod:InfectedCysts+1","HollowMod:ShadowDash"],"picked":"HollowMod:DashSlash+1","floor":42},{"not_picked":["HollowMod:LifebloodCocoon+1","HollowMod:SiblingsSouls"],"picked":"HollowMod:CrystalDash+1","floor":44}],"player_experience":321032,"relics_obtained":[{"floor":9,"key":"ReplayTheSpireMod:Lightbulb"},{"floor":10,"key":"Bag of Preparation"},{"floor":13,"key":"Pen Nib"},{"floor":23,"key":"Simple Rune"},{"floor":25,"key":"reliquary:Stiletto"},{"floor":43,"key":"HollowMod:MillibellesNoteRelic"},{"floor":44,"key":"ReplayTheSpireMod:TigerMarble"}],"event_choices":[],"is_beta":false,"boss_relics":[{"not_picked":["Velvet Choker","reliquary:RedPaperclip"],"picked":"Cursed Key"},{"not_picked":["Replay:Grab Bag","reliquary:Ember","Honey Jar"]}],"items_purged_floors":[4],"is_endless":false,"potions_floor_spawned":[8,10,13,14,21,23,25,33,35,38,39],"killed_by":"Hallownest:2_Primals","ascension_level":0}}