{"host":"8qpl9oe08dw5eaib","time":1613015258,"event":{"mods":["Act Like it!","BaseMod","Colored Map","Downfall","Minty Spire (QoL Compilation)","StSLib"],"gold_per_floor":[99,114,214,224,224,244,244,45,58,58,43,43,43,76,90,90,90,90],"floor_reached":16,"language":"ENG","playtime":1062,"items_purged":[],"score":100,"play_id":"ca67c4ca-0722-4caa-82cf-2b6b1cb32347","local_time":"20210210224738","is_ascension_mode":false,"campfire_choices":[{"data":"Slimebound:Split","floor":1.0,"key":"SMITH"},{"data":"expansioncontent:StudyTheSpire","floor":10,"key":"SMITH"},{"data":"Slimebound:Grow","floor":12,"key":"SMITH"}],"circlet_count":0,"master_deck":["Slimebound:Strike_Slimebound","Slimebound:Strike_Slimebound","Slimebound:Strike_Slimebound","Slimebound:Tackle","Slimebound:Defend_Slimebound","Slimebound:Defend_Slimebound","Slimebound:Defend_Slimebound","Slimebound:Defend_Slimebound","Slimebound:Split+1","Slimebound:CorrosiveSpit+1","Slimebound:LevelUp","Slimebound:AcidTongue+1","Injury","Slimebound:RollThrough","Slimebound:RejuvenatingLick","expansioncontent:StudyTheSpire+1","Slimebound:Grow+1","Slimebound:LeechingTouch","Slimebound:LivingWall","Slimebound:ItLooksTasty"],"relics":["Slimebound:AbsorbEndCombat","downfall:BrokenWingStatue","Prayer Wheel"],"acts_visited":["Exordium"],"potions_floor_usage":[9],"damage_taken":[{"damage":4.0,"enemies":"Jaw Worm","floor":2.0,"turns":3.0},{"damage":3.0,"enemies":"Small Slimes","floor":4.0,"turns":4.0},{"damage":13.0,"enemies":"Cultist","floor":6.0,"turns":4.0},{"damage":10,"enemies":"downfall:FleeingMerchant","floor":8,"turns":4},{"damage":3,"enemies":"3 Louse","floor":9,"turns":2},{"damage":8,"enemies":"downfall:FleeingMerchant","floor":11,"turns":4},{"damage":23,"enemies":"Lagavulin","floor":14,"turns":8},{"damage":13,"enemies":"Large Slime","floor":15,"turns":7},{"damage":23,"enemies":"DF_ARCHETYPE_STREAMLINE","floor":16,"turns":4}],"seed_played":"-7913444290544657577","potions_obtained":[{"floor":4.0,"key":"SpeedPotion"},{"floor":6.0,"key":"Explosive Potion"},{"floor":15,"key":"bronze:BurnAndBuffPotion"}],"is_trial":false,"path_per_floor":["R","M","?","M","?","M","T","$","M","R","$","R","?","E","M","B"],"character_chosen":"SLIMEBOUND","items_purchased":["expansioncontent:StudyTheSpire"],"campfire_rested":0,"item_purchase_floors":[8],"current_hp_per_floor":[71,68,68,65,65,56,56,52,51,51,45,45,45,26,17,0,0,0],"gold":90,"neow_bonus":"TEN_PERCENT_HP_BONUS","is_daily":false,"chose_seed":false,"campfire_upgraded":3,"win_rate":0.0,"timestamp":1613015258,"path_taken":["R","M","?","M","?","M","T","$","?","R","$","R","?","E","M","BOSS"],"items_purchased_type":["Card"],"build_version":"2020-12-22","purchased_purges":0,"victory":false,"max_hp_per_floor":[71,71,71,71,71,71,71,71,71,71,71,71,71,71,71,71,71,71],"card_choices":[{"not_picked":["Slimebound:ComboTackle","Slimebound:LivingWall"],"picked":"Slimebound:LevelUp","floor":2.0},{"not_picked":["Slimebound:LeechingTouch","Slimebound:FinishingTackle"],"picked":"Slimebound:AcidTongue","floor":4.0},{"not_picked":["Slimebound:ComboTackle","Slimebound:SlimeBarrage"],"picked":"Slimebound:RollThrough","floor":6.0},{"not_picked":["Slimebound:SamplingLick","Slimebound:LeechEnergy"],"picked":"Slimebound:RejuvenatingLick","floor":8},{"not_picked":["Slimebound:Prepare","Slimebound:FlameTackle"],"picked":"Slimebound:Grow","floor":9},{"not_picked":["Slimebound:FinishingTackle","Slimebound:ComboTackle"],"picked":"Slimebound:LeechingTouch","floor":11},{"not_picked":["Slimebound:LeechEnergy","Slimebound:ForwardTackle"],"picked":"Slimebound:LivingWall","floor":14},{"not_picked":["Slimebound:ComboTackle","Slimebound:GoopSpray"],"picked":"Slimebound:ItLooksTasty","floor":15},{"not_picked":["Slimebound:Chomp","Slimebound:Grow","Slimebound:MassFeed"],"picked":"SKIP","floor":15}],"player_experience":200763,"relics_obtained":[{"floor":14,"key":"Prayer Wheel"}],"event_choices":[],"is_beta":false,"boss_relics":[],"items_purged_floors":[],"is_endless":false,"potions_floor_spawned":[4,6,15],"killed_by":"DF_ARCHETYPE_STREAMLINE","ascension_level":0}}