{"host":"5n1fl7z5i1vf7jan","time":1613015041,"event":{"mods":["BaseMod","Minty Spire (QoL Compilation)","Quick Restart","Relic Stats"],"gold_per_floor":[109,128,146,146,165,195,35,48,71,99,116,127,127,159,159,237,237,254,254,254,254],"floor_reached":20,"language":"ENG","playtime":724,"items_purged":[],"score":431,"play_id":"c8957c5f-aec4-4322-aff8-aec4d57067a7","local_time":"20210210194401","is_ascension_mode":true,"campfire_choices":[{"floor":15.0,"key":"REST"}],"circlet_count":0,"master_deck":["AscendersBane","Strike_R","Strike_R","Strike_R","Strike_R","Strike_R","Defend_R","Defend_R","Defend_R","Defend_R","Bash","Clothesline","True Grit","Pommel Strike","Feel No Pain","Brutality","Perfected Strike","Spot Weakness","Rupture","Decay","Inflame","Corruption","Shrug It Off"],"relics":["Mark of Pain","Lizard Tail","Anchor","Happy Flower","Lantern","Potion Belt","Snecko Eye","InkBottle"],"acts_visited":["Exordium","TheCity"],"potions_floor_usage":[20],"damage_taken":[{"damage":0.0,"enemies":"Jaw Worm","floor":1.0,"turns":3.0},{"damage":0.0,"enemies":"Cultist","floor":2.0,"turns":3.0},{"damage":9.0,"enemies":"2 Louse","floor":3.0,"turns":3.0},{"damage":5.0,"enemies":"Red Slaver","floor":5.0,"turns":4.0},{"damage":6.0,"enemies":"Gremlin Nob","floor":6.0,"turns":3.0},{"damage":9.0,"enemies":"2 Fungi Beasts","floor":8.0,"turns":4.0},{"damage":9.0,"enemies":"3 Sentries","floor":10.0,"turns":10.0},{"damage":0.0,"enemies":"3 Louse","floor":11.0,"turns":3.0},{"damage":0.0,"enemies":"Looter","floor":12.0,"turns":2.0},{"damage":2.0,"enemies":"Gremlin Nob","floor":14.0,"turns":3.0},{"damage":43.0,"enemies":"Hexaghost","floor":16.0,"turns":8.0},{"damage":23.0,"enemies":"3 Byrds","floor":18.0,"turns":5.0},{"damage":74,"enemies":"Masked Bandits","floor":20,"turns":4}],"seed_played":"-504939296906025927","potions_obtained":[{"floor":3.0,"key":"SteroidPotion"},{"floor":4.0,"key":"PowerPotion"},{"floor":6.0,"key":"ElixirPotion"},{"floor":8.0,"key":"PowerPotion"},{"floor":16.0,"key":"SteroidPotion"}],"is_trial":false,"path_per_floor":["M","M","M","?","M","E","$","M","T","E","M","M","?","E","R","B",null,"M","T","?"],"character_chosen":"IRONCLAD","items_purchased":["Anchor"],"campfire_rested":1,"item_purchase_floors":[7],"current_hp_per_floor":[68,68,59,59,54,48,48,39,39,30,30,30,30,28,50,7,58,35,35,0,0],"gold":254,"neow_bonus":"BOSS_RELIC","is_daily":false,"chose_seed":false,"campfire_upgraded":0,"win_rate":0.0,"timestamp":1613015041,"path_taken":["M","M","M","?","M","E","$","M","T","E","M","?","?","E","R","BOSS","M","?","?"],"items_purchased_type":["Relic"],"build_version":"2020-12-22","purchased_purges":0,"victory":false,"max_hp_per_floor":[75,75,75,75,75,75,75,75,75,75,75,75,75,75,75,75,75,75,75,75,75],"relic_stats":{"Lizard Tail":37,"Happy Flower":[11],"counters":[13,55],"Snecko Eye":[12,19,13,16],"obtain_stats":[{"Potion Belt":14,"Lizard Tail":6,"Anchor":7,"Lantern":10,"Happy Flower":9,"Snecko Eye":17,"Mark of Pain":0,"Burning Blood":0,"InkBottle":19},{"Potion Belt":10,"Lizard Tail":5,"Anchor":5,"Lantern":7,"Happy Flower":6,"Snecko Eye":11,"Mark of Pain":0,"Burning Blood":0,"InkBottle":12},{"Potion Belt":38,"Lizard Tail":16,"Anchor":16,"Lantern":30,"Happy Flower":20,"Snecko Eye":46,"Mark of Pain":0,"Burning Blood":0,"InkBottle":51}],"InkBottle":[1]},"card_choices":[{"not_picked":["Flex","Intimidate"],"picked":"Clothesline","floor":1.0},{"not_picked":["Clothesline","Heavy Blade"],"picked":"True Grit","floor":2.0},{"not_picked":["Perfected Strike","Pummel"],"picked":"Pommel Strike","floor":3.0},{"not_picked":["Metallicize","Blood for Blood"],"picked":"Feel No Pain","floor":5.0},{"not_picked":["Shrug It Off","Disarm"],"picked":"Brutality","floor":6.0},{"not_picked":["Headbutt","Armaments","Dual Wield"],"picked":"SKIP","floor":8.0},{"not_picked":["Entrench","Sword Boomerang"],"picked":"Perfected Strike","floor":10.0},{"not_picked":["Feel No Pain","Body Slam"],"picked":"Spot Weakness","floor":11.0},{"not_picked":["Twin Strike","Flex"],"picked":"Rupture","floor":12.0},{"not_picked":["Headbutt","Sentinel"],"picked":"Inflame","floor":14.0},{"not_picked":["Offering","Juggernaut"],"picked":"Corruption","floor":16.0},{"not_picked":["Infernal Blade","Thunderclap"],"picked":"Shrug It Off","floor":18.0}],"player_experience":338841,"relics_obtained":[{"floor":6.0,"key":"Lizard Tail"},{"floor":9.0,"key":"Happy Flower"},{"floor":10.0,"key":"Lantern"},{"floor":14.0,"key":"Potion Belt"},{"floor":19.0,"key":"InkBottle"}],"event_choices":[{"damage_healed":0.0,"max_hp_gain":0.0,"max_hp_loss":0.0,"gold_gain":0.0,"event_name":"Lab","player_choice":"Got Potions","floor":4.0,"gold_loss":0.0,"damage_taken":0.0},{"damage_healed":0.0,"max_hp_gain":0.0,"max_hp_loss":0.0,"gold_gain":0.0,"event_name":"Wheel of Change","player_choice":"Cursed","floor":13.0,"gold_loss":0.0,"damage_taken":0.0,"cards_obtained":["Decay"]},{"damage_healed":0,"gold_gain":0,"player_choice":"Fought Bandits","damage_taken":0,"max_hp_gain":0,"max_hp_loss":0,"event_name":"Masked Bandits","floor":20,"gold_loss":0}],"is_beta":false,"boss_relics":[{"not_picked":["Empty Cage","Fusion Hammer"],"picked":"Snecko Eye"}],"items_purged_floors":[],"is_endless":false,"potions_floor_spawned":[3,5,6,8,16],"killed_by":"Masked Bandits","ascension_level":19}}