{"host":"khkox7sggahain0a","time":1613023871,"event":{"mods":["100% Spire Juice","Act Like it!","Arknights","BaseMod","Downfall","Gensokyo","Lobotomy","LobotomyExtend","Marisa£®ÏF”Í°°ƒß¿Ì…≥£©","Minty Spire (QoL Compilation)","Quick Restart","StSLib","The Animator","Waifu the Spire","°æ“≈ŒÔø®≈∆°øREMEMod"],"gold_per_floor":[122,197,197,297,297,329,329,376,445,445,475,475,504,519,519,633,658,673,687,64,89,89,172,197,262,287,287,287,8,33,92,92,188,288,317,317,17,57,57,117,17,36,36,92,92,181,198,302,302,314,332,332,783,791,791],"floor_reached":54,"language":"ZHS","playtime":4590,"items_purged":["Decay","downfall:Haunted"],"score":1025,"play_id":"2a88fa05-f060-470c-829b-04afe8d3a33f","local_time":"20210211141111","is_ascension_mode":true,"campfire_choices":[{"floor":10.0,"key":"REST"},{"data":"animator:Sora","floor":12.0,"key":"SMITH"},{"data":"animator:Togame","floor":15.0,"key":"SMITH"},{"floor":28.0,"key":"RECALL"},{"data":"animator:HinaKagiyama","floor":32.0,"key":"SMITH"},{"data":"animator:HigakiRinne","floor":49.0,"key":"SMITH"},{"data":"Spore","floor":52,"key":"SMITH"}],"circlet_count":0,"master_deck":["animator:Strike_NoGameNoLife","animator:Defend_NoGameNoLife","animator:Strike","animator:Strike","animator:Defend+1","animator:Defend+1","animator:DolaSchwi","animator:DolaCouronne","animator:DolaStephanie","animator:Curse_Nutcracker","animator:Rimuru","animator:Curse_GriefSeed","animator:HinaKagiyama","animator:Curse_Dizziness","animator:DolaRiku","Spore","animator:Lancer","animator:Sora","animator:SakuraMatou","animator:Togame","animator:Gilgamesh+1","animator:RinTohsaka","animator:FielNirvalen","animator:KrulTepes","animator:YunYun","animator:HououinKyouma","animator:Kagari","animator:Mitsurugi","animator:HigakiRinne+1","animator:Chris","animator:Guren","animator:NononJakuzure","animator:IzunaHatsuse","animator:Rimuru","animator:Kazuma","Parasite","animator:HomuraAkemi","animator:Kaijin","animator:Ainz","animator:ChlammyZell","animator:Alexander"],"relics":["animator:TheEruzaStone","animator:AncientMedallion"],"acts_visited":["Exordium","TheCity","TheBeyond","TheEnding","EYB:TheUnnamedReign"],"potions_floor_usage":[],"damage_taken":[{"damage":0.0,"enemies":"Cultist","floor":1.0,"turns":5.0},{"damage":38.0,"enemies":"Lagavulin","floor":6.0,"turns":5.0},{"damage":26.0,"enemies":"Gremlin Nob","floor":8.0,"turns":4.0},{"damage":0.0,"enemies":"2 Louse","floor":11.0,"turns":3.0},{"damage":22.0,"enemies":"Lagavulin","floor":13.0,"turns":5.0},{"damage":8.0,"enemies":"Small Slimes","floor":14.0,"turns":2.0},{"damage":2.0,"enemies":"Slime Boss","floor":16.0,"turns":5.0},{"damage":34.0,"enemies":"2 Thieves","floor":18.0,"turns":4.0},{"damage":0.0,"enemies":"Chosen","floor":19.0,"turns":2.0},{"damage":13.0,"enemies":"animator:HornedBat","floor":23.0,"turns":4.0},{"damage":0.0,"enemies":"Gremlin Leader","floor":25.0,"turns":4.0},{"damage":9.0,"enemies":"Book of Stabbing","floor":31.0,"turns":3.0},{"damage":25.0,"enemies":"Automaton","floor":33.0,"turns":7.0},{"damage":8.0,"enemies":"3 Shapes","floor":35.0,"turns":1.0},{"damage":0.0,"enemies":"3 Darklings","floor":38.0,"turns":1.0},{"damage":0.0,"enemies":"Nemesis","floor":40.0,"turns":5.0},{"damage":0.0,"enemies":"Writhing Mass","floor":42.0,"turns":3.0},{"damage":32.0,"enemies":"Reptomancer","floor":44.0,"turns":3.0},{"damage":2.0,"enemies":"Giant Head","floor":46.0,"turns":6.0},{"damage":13.0,"enemies":"Spire Growth","floor":47.0,"turns":4.0},{"damage":0.0,"enemies":"2 Orb Walkers","floor":48.0,"turns":2.0},{"damage":67.0,"enemies":"Donu and Deca","floor":50.0,"turns":9.0},{"damage":16.0,"enemies":"Malkuth","floor":51.0,"turns":7.0},{"damage":62.0,"enemies":"Hod","floor":51.0,"turns":9.0},{"damage":102,"enemies":"animator:UNNAMED_HAT","floor":54,"turns":9}],"seed_played":"688677217097861906","potions_obtained":[{"floor":1.0,"key":"SteroidPotion"},{"floor":6.0,"key":"REME_GoldPotion"},{"floor":8.0,"key":"Regen Potion"},{"floor":16.0,"key":"SpeedPotion"},{"floor":18.0,"key":"Fire Potion"},{"floor":19.0,"key":"Energy Potion"},{"floor":23.0,"key":"BlessingOfTheForge"},{"floor":25.0,"key":"Fire Potion"},{"floor":31.0,"key":"champ:CounterPotion"},{"floor":33.0,"key":"Swift Potion"},{"floor":35.0,"key":"GamblersBrew"},{"floor":38.0,"key":"Regen Potion"},{"floor":40.0,"key":"Fire Potion"},{"floor":42.0,"key":"animator:GrowthPotion"},{"floor":44.0,"key":"Fire Potion"},{"floor":46.0,"key":"Guardian:BlockOnCardUsePotion"},{"floor":48.0,"key":"Fruit Juice"}],"is_trial":false,"path_per_floor":["M","?","?","?","?","E","?","E","T","R","M","R","E","M","R","B",null,"M","M","$","?","$","E","?","E","T","?","R","$","?","E","R","B",null,"M","?","$","M","?","E","$","M","T","E","?","E","M","?","R","B",null,null,"R","??","M"],"character_chosen":"THE_ANIMATOR","items_purchased":["Orichalcum","Blue Candle","animator:Gilgamesh","animator:KrulTepes","animator:HououinKyouma","animator:Kagari","REME_HandOfSuture","animator:WornHelmet"],"campfire_rested":1,"item_purchase_floors":[20,20,20,20,29,29,37,37],"current_hp_per_floor":[60,49,37,72,78,41,41,15,15,45,45,45,24,16,16,14,103,70,71,71,55,55,42,42,58,58,58,58,58,58,52,52,29,112,104,104,104,106,106,109,109,117,117,124,124,124,115,124,124,61,133,133,98,0,0],"gold":791,"neow_bonus":"REMOVE_TWO","is_daily":false,"chose_seed":false,"campfire_upgraded":5,"win_rate":0.0,"timestamp":1613023871,"path_taken":["M","?","?","?","?","E","?","E","T","R","M","R","E","M","R","BOSS","M","M","?","?","$","E","?","E","T","?","R","$","?","E","R","BOSS","M","?","$","M","?","E","?","M","T","E","?","E","M","?","R","BOSS","R","??","M"],"items_purchased_type":["Relic","Relic","Card","Card","Card","Card","Relic","Relic"],"build_version":"2020-12-22","purchased_purges":2,"victory":false,"max_hp_per_floor":[60,60,60,95,101,102,102,102,102,102,102,102,103,103,103,103,103,104,105,105,105,105,105,105,105,105,105,105,105,105,106,106,106,112,112,112,112,112,112,113,113,119,119,126,126,126,128,133,133,133,133,133,98,98,98],"card_choices":[{"not_picked":["animator:Darkness","animator:Chris"],"picked":"animator:DolaStephanie","floor":1.0},{"not_picked":["animator:DolaSchwi","animator:NagisaMomoe"],"picked":"animator:DolaRiku","floor":6.0},{"not_picked":["animator:HomuraAkemi","animator:Vanir"],"picked":"animator:Lancer","floor":8.0},{"not_picked":["animator:DolaStephanie","animator:Jibril"],"picked":"animator:Sora","floor":11.0},{"not_picked":["animator:Sebas","animator:Yuuichirou"],"picked":"animator:SakuraMatou","floor":13.0},{"not_picked":["animator:Azekura","animator:CrowleyEusford"],"picked":"animator:Togame","floor":14.0},{"not_picked":["animator:FeridBathory","animator:Biyorigo"],"picked":"animator:Gilgamesh","floor":16.0},{"not_picked":["animator:IrohaTamaki","animator:Shinoa"],"picked":"animator:RinTohsaka","floor":18.0},{"not_picked":["animator:DolaSchwi","animator:DolaStephanie"],"picked":"animator:FielNirvalen","floor":19.0},{"not_picked":["animator:Shinoa","animator:MumenRider","animator:NagisaMomoe"],"picked":"SKIP","floor":23.0},{"not_picked":["animator:Mikaela","animator:CrowleyEusford"],"picked":"animator:YunYun","floor":25.0},{"not_picked":["animator:Demiurge","animator:IrohaTamaki+1"],"picked":"animator:Mitsurugi+1","floor":31.0},{"not_picked":["animator:Wiz","animator:Albedo+1"],"picked":"animator:HigakiRinne","floor":33.0},{"not_picked":["animator:Verdia","animator:Kazuma"],"picked":"animator:Chris+1","floor":35.0},{"not_picked":["animator:Evileye","animator:Entoma+1"],"picked":"animator:IzunaHatsuse","floor":38.0},{"not_picked":["animator:Emonzaemon+1","animator:MamiTomoe+1"],"picked":"animator:Kazuma","floor":40.0},{"not_picked":["animator:Benimaru+1","animator:YuiTsuruno+1"],"picked":"animator:HomuraAkemi","floor":42.0},{"not_picked":["animator:Shuna","animator:Benimaru+1"],"picked":"animator:Kaijin","floor":44.0},{"not_picked":["animator:Nanami+1","animator:KrulTepes+1"],"picked":"animator:Ainz","floor":46.0},{"not_picked":["animator:DolaCouronne+1","animator:DolaStephanie"],"picked":"animator:ChlammyZell","floor":47.0},{"not_picked":["animator:ZankiKiguchi+1","animator:CrowleyEusford+1"],"picked":"animator:Alexander+1","floor":48.0}],"player_experience":333785,"relics_obtained":[{"floor":1.0,"key":"LetterFromLob"},{"floor":1.0,"key":"RedMistMask"},{"floor":6.0,"key":"animator:OldCoffin"},{"floor":7.0,"key":"Nunchaku"},{"floor":8.0,"key":"Red Skull"},{"floor":9.0,"key":"Bottled Lightning"},{"floor":13.0,"key":"Centennial Puzzle"},{"floor":21.0,"key":"Enchiridion"},{"floor":23.0,"key":"Blood Vial"},{"floor":23.0,"key":"Bag of Marbles"},{"floor":25.0,"key":"animator:WizardHat"},{"floor":26.0,"key":"Mummified Hand"},{"floor":31.0,"key":"Molten Egg 2"},{"floor":34.0,"key":"Juzu Bracelet"},{"floor":34.0,"key":"Paper Crane"},{"floor":34.0,"key":"CaptainsWheel"},{"floor":40.0,"key":"Potion Belt"},{"floor":44.0,"key":"Strawberry"},{"floor":46.0,"key":"Blood Vial"},{"floor":46.0,"key":"animator:ShionDessert"},{"floor":48.0,"key":"animator:AlchemistGlove"},{"floor":53,"key":"animator:TheEruzaStone"},{"floor":53,"key":"animator:AncientMedallion"}],"event_choices":[{"damage_healed":0.0,"max_hp_gain":0.0,"max_hp_loss":0.0,"gold_gain":75.0,"event_name":"World of Goop","player_choice":"Gather Gold","floor":2.0,"gold_loss":0.0,"damage_taken":11.0},{"damage_healed":0.0,"max_hp_gain":0.0,"max_hp_loss":0.0,"gold_gain":0.0,"event_name":"Shining Light","player_choice":"Entered Light","floor":3.0,"gold_loss":0.0,"damage_taken":12.0,"cards_upgraded":["animator:DolaStephanie","animator:Defend_NoGameNoLife"]},{"damage_healed":0.0,"max_hp_gain":0.0,"max_hp_loss":0.0,"gold_gain":0.0,"event_name":"Wheel of Change","player_choice":"Relic","floor":7.0,"gold_loss":0.0,"damage_taken":0.0},{"damage_healed":0.0,"max_hp_gain":0.0,"max_hp_loss":0.0,"gold_gain":0.0,"event_name":"Cursed Tome","player_choice":"Obtained Book","floor":21.0,"gold_loss":0.0,"damage_taken":16.0},{"damage_healed":0.0,"max_hp_gain":0.0,"max_hp_loss":0.0,"gold_gain":0.0,"event_name":"The Mausoleum","player_choice":"Opened","floor":24.0,"gold_loss":0.0,"damage_taken":0.0,"relics_obtained":["White Beast Statue"]},{"damage_healed":0.0,"max_hp_gain":0.0,"max_hp_loss":0.0,"gold_gain":0.0,"event_name":"WeMeetAgain","player_choice":"Gave Potion","floor":30.0,"gold_loss":0.0,"damage_taken":0.0,"relics_obtained":["Bag of Preparation"]},{"damage_healed":0.0,"max_hp_gain":0.0,"max_hp_loss":0.0,"gold_gain":0.0,"event_name":"Match and Keep!","player_choice":"2 cards matched","floor":36.0,"gold_loss":0.0,"damage_taken":0.0,"cards_obtained":["animator:Guren","animator:NononJakuzure"]},{"damage_healed":0.0,"max_hp_gain":0.0,"max_hp_loss":0.0,"gold_gain":0.0,"event_name":"Duplicator","player_choice":"Copied","floor":39.0,"gold_loss":0.0,"damage_taken":0.0,"cards_obtained":["animator:Rimuru"]},{"cards_removed":["downfall:Haunted"],"damage_healed":0.0,"max_hp_gain":0.0,"max_hp_loss":0.0,"gold_gain":0.0,"event_name":"Purifier","player_choice":"Purged","floor":45.0,"gold_loss":0.0,"damage_taken":0.0},{"damage_healed":0.0,"max_hp_gain":0.0,"max_hp_loss":0.0,"gold_gain":0.0,"event_name":"Mysterious Sphere","player_choice":"Fight","floor":48.0,"gold_loss":0.0,"damage_taken":0.0}],"is_beta":false,"boss_relics":[{"not_picked":["REME_DemonsWealth","Ectoplasm"],"picked":"animator:VividPicture"},{"not_picked":["Busted Crown","bronze:MakeshiftBattery"],"picked":"Calling Bell"}],"items_purged_floors":[20,41],"is_endless":false,"potions_floor_spawned":[1,6,8,16,18,19,23,25,31,33,35,38,40,42,44,46,47,48,51,51],"killed_by":"animator:UNNAMED_HAT","ascension_level":2}}