{"host":"8ztb9kwpjc2zof9s","time":1613025936,"event":{"mods":["BaseMod","Block Reminder","Curses Come First","Minty Spire (QoL Compilation)","Relic Stats","StSLib"],"gold_per_floor":[109,120,134,145,155,188,188,223,276,276,276],"floor_reached":10,"language":"ENG","playtime":471,"items_purged":[],"score":84,"play_id":"e4290d00-ec90-452a-8a49-01eda0b53eef","local_time":"20210210224536","is_ascension_mode":true,"campfire_choices":[{"floor":7,"key":"REST"}],"circlet_count":0,"master_deck":["Strike_B","Strike_B","Strike_B","Strike_B","Defend_B","Defend_B","Defend_B","Defend_B","Zap","Dualcast","Leap","Leap","Leap","Doom and Gloom","Defragment","Chill","Multi-Cast"],"relics":["Cracked Core","WingedGreaves","Bottled Lightning","Gremlin Horn","Boot"],"acts_visited":["Exordium"],"potions_floor_usage":[6,10],"damage_taken":[{"damage":6,"enemies":"Cultist","floor":1,"turns":4},{"damage":1,"enemies":"Jaw Worm","floor":2,"turns":5},{"damage":1,"enemies":"Small Slimes","floor":3,"turns":4},{"damage":11,"enemies":"Exordium Wildlife","floor":4,"turns":5},{"damage":0,"enemies":"2 Fungi Beasts","floor":5,"turns":4},{"damage":27,"enemies":"Gremlin Nob","floor":6,"turns":4},{"damage":4,"enemies":"3 Sentries","floor":8,"turns":10},{"damage":42,"enemies":"Gremlin Nob","floor":10,"turns":4}],"seed_played":"1482034745411048201","potions_obtained":[{"floor":2,"key":"GamblersBrew"},{"floor":6,"key":"DuplicationPotion"}],"is_trial":false,"path_per_floor":["M","M","M","M","M","E","R","E","T","E"],"character_chosen":"DEFECT","items_purchased":[],"campfire_rested":1,"item_purchase_floors":[],"current_hp_per_floor":[48,47,46,35,35,8,30,26,26,0,0],"gold":276,"neow_bonus":"ONE_RARE_RELIC","is_daily":false,"chose_seed":false,"campfire_upgraded":0,"win_rate":0.0,"timestamp":1613025936,"path_taken":["M","?","M","M","M","E","R","E","T","E"],"items_purchased_type":[],"build_version":"2020-12-22","purchased_purges":0,"victory":false,"max_hp_per_floor":[75,75,75,75,75,75,75,75,75,75,75],"relic_stats":{"Gremlin Horn":[0,0],"counters":[8,40],"Boot":[0],"obtain_stats":[{"Gremlin Horn":8,"WingedGreaves":0,"Bottled Lightning":6,"Cracked Core":0,"Boot":9},{"Gremlin Horn":7,"WingedGreaves":0,"Bottled Lightning":6,"Cracked Core":0,"Boot":7},{"Gremlin Horn":36,"WingedGreaves":0,"Bottled Lightning":26,"Cracked Core":0,"Boot":36}]},"card_choices":[{"not_picked":["Steam","Streamline"],"picked":"Leap","floor":1},{"not_picked":["Conserve Battery","Cold Snap"],"picked":"Leap","floor":2},{"not_picked":["Gash","Ball Lightning"],"picked":"Leap","floor":3},{"not_picked":["Loop","Gash"],"picked":"Doom and Gloom","floor":4},{"not_picked":["Compile Driver","Stack"],"picked":"Defragment","floor":5},{"not_picked":["Chill","Doom and Gloom","Storm"],"picked":"SKIP","floor":6},{"not_picked":["Doom and Gloom","Storm"],"picked":"Chill","floor":6},{"not_picked":["Biased Cognition","Go for the Eyes"],"picked":"Multi-Cast","floor":8}],"player_experience":285992,"relics_obtained":[{"floor":6,"key":"Bottled Lightning"},{"floor":8,"key":"Gremlin Horn"},{"floor":9,"key":"Boot"}],"event_choices":[],"is_beta":false,"boss_relics":[],"items_purged_floors":[],"is_endless":false,"potions_floor_spawned":[2,6],"killed_by":"Gremlin Nob","ascension_level":1}}