{"host":"zjnmjbs15rdpqnz9","time":1613071662,"event":{"mods":["BaseMod","Downfall","Minty Spire (QoL Compilation)","StSLib"],"gold_per_floor":[0,18,38,56,72,72,125,163,194,206,246,23,23,43,57,159,159,159,159,159,159,216,216,216,288,288,238,238,289,189,258,318,456,456,456,509,200,254,254,319,319,378,378,393,75,75,75,110,120,120],"floor_reached":51,"language":"ENG","playtime":3082,"items_purged":["Guardian:Strike_Guardian","Guardian:Strike_Guardian","Decay"],"score":1006,"play_id":"4c2f138d-b836-4ebd-b525-8e7b5ab81b3d","local_time":"20210211122742","is_ascension_mode":true,"campfire_choices":[{"data":"Guardian:TwinSlam","floor":1,"key":"SMITH"},{"data":"Guardian:Reroute","floor":6,"key":"SMITH"},{"floor":10,"key":"REST"},{"data":"Guardian:Orbwalk","floor":13,"key":"SMITH"},{"data":"Guardian:FuturePlans","floor":18,"key":"SMITH"},{"floor":26,"key":"RECALL"},{"data":"Guardian:StasisField","floor":30,"key":"SMITH"},{"data":"Guardian:CurlUp","floor":35,"key":"SMITH"},{"data":"Guardian:WalkerClaw","floor":43,"key":"SMITH"},{"floor":47,"key":"REST"}],"circlet_count":0,"master_deck":["Guardian:Strike_Guardian","Guardian:Strike_Guardian","Guardian:Defend_Guardian","Guardian:Defend_Guardian","Guardian:Defend_Guardian","Guardian:Defend_Guardian","Guardian:CurlUp+1","Guardian:TwinSlam+1","Guardian:StasisField+1","Guardian:Incinerate","Guardian:Orbwalk+1","Guardian:Reroute+1","Guardian:FuturePlans+1","downfall:Bewildered","Guardian:ChargeUp","Guardian:RollAttack+1","Guardian:WalkerClaw+1","Guardian:FierceBash","Guardian:StasisStrike","Guardian:FloatingOrbs+1","expansioncontent:StudyTheSpire","Guardian:TemporalStrike+1"],"relics":["Guardian:ModeShifter","MawBank","Singing Bowl","Guardian:BottledStasis","Snecko Eye","downfall:KnowingSkull","sneckomod:BabySnecko","Mummified Hand","FossilizedHelix","downfall:HeartBlessingRed","Blood Vial","Cursed Key","Molten Egg 2","Vajra","Du-Vu Doll","Thread and Needle"],"acts_visited":["Exordium","TheCity","TheBeyond"],"potions_floor_usage":[44,49],"damage_taken":[{"damage":5,"enemies":"Cultist","floor":2,"turns":4},{"damage":6,"enemies":"2 Louse","floor":3,"turns":2},{"damage":0,"enemies":"Small Slimes","floor":4,"turns":4},{"damage":13,"enemies":"Exordium Wildlife","floor":5,"turns":5},{"damage":25,"enemies":"Lagavulin","floor":8,"turns":8},{"damage":9,"enemies":"Red Slaver","floor":9,"turns":3},{"damage":9,"enemies":"3 Sentries","floor":11,"turns":6},{"damage":3,"enemies":"downfall:FleeingMerchant","floor":12,"turns":4},{"damage":7,"enemies":"Large Slime","floor":14,"turns":3},{"damage":2,"enemies":"Blue Slaver","floor":15,"turns":3},{"damage":26,"enemies":"DF_ARCHETYPE_STREAMLINE","floor":16,"turns":8},{"damage":9,"enemies":"Spheric Guardian","floor":22,"turns":3},{"damage":28,"enemies":"Slavers","floor":25,"turns":6},{"damage":0,"enemies":"Chosen","floor":29,"turns":3},{"damage":9,"enemies":"Gremlin Leader","floor":31,"turns":5},{"damage":0,"enemies":"Centurion and Healer","floor":32,"turns":4},{"damage":51,"enemies":"IC_MUSHROOM_ARCHETYPE","floor":33,"turns":5},{"damage":9,"enemies":"3 Darklings","floor":36,"turns":6},{"damage":0,"enemies":"downfall:FleeingMerchant","floor":37,"turns":4},{"damage":10,"enemies":"3 Shapes","floor":38,"turns":3},{"damage":24,"enemies":"Nemesis","floor":40,"turns":5},{"damage":46,"enemies":"Maw","floor":42,"turns":6},{"damage":5,"enemies":"Jaw Worm Horde","floor":44,"turns":4},{"damage":0,"enemies":"downfall:FleeingMerchant","floor":45,"turns":3},{"damage":5,"enemies":"Giant Head","floor":48,"turns":5},{"damage":0,"enemies":"4 Shapes","floor":49,"turns":3},{"damage":0,"enemies":"SI_POISON_ARCHETYPE","floor":50,"turns":5}],"seed_played":"-7811501453763616086","potions_obtained":[{"floor":4,"key":"PowerPotion"},{"floor":5,"key":"EssenceOfSteel"},{"floor":11,"key":"Ancient Potion"},{"floor":29,"key":"Guardian:StasisDiscoveryPotion"},{"floor":49,"key":"Block Potion"}],"is_trial":false,"path_per_floor":["R","M","M","M","M","R","T","E","M","R","E","$","R","M","M","B",null,"R","?","?","?","M","?","T","E","R","?","?","M","R","E","M","B",null,"R","M","$","M","?","E","T","M","R","M","$","?","R","E","M","B",null],"character_chosen":"GUARDIAN","items_purchased":["Guardian:BottledStasis","Guardian:Gem_Fragmented","Guardian:WalkerClaw","Guardian:FierceBash","expansioncontent:StudyTheSpire","Guardian:TemporalStrike+1","Du-Vu Doll","Swift Potion"],"campfire_rested":2,"item_purchase_floors":[12,37,37,37,45,45,45,45],"current_hp_per_floor":[80,75,69,69,56,56,56,31,22,46,39,38,38,33,33,7,88,88,88,88,80,73,73,73,45,45,78,78,78,78,71,73,24,92,92,83,85,79,79,59,59,17,17,14,18,20,50,49,53,55],"gold":120,"neow_bonus":"THREE_RARE_CARDS","is_daily":false,"chose_seed":false,"campfire_upgraded":7,"win_rate":0.0,"timestamp":1613071662,"path_taken":["R","M","M","?","M","R","T","E","M","R","E","$","R","?","M","BOSS","R","?","?","?","?","?","T","E","R","?","?","M","R","E","M","BOSS","R","M","$","M","?","E","T","?","R","M","$","?","R","E","M","BOSS"],"items_purchased_type":["Relic","Card","Card","Card","Card","Card","Relic","Potion"],"build_version":"2020-12-22","purchased_purges":3,"victory":true,"max_hp_per_floor":[80,80,80,80,80,80,80,80,80,80,82,84,84,86,88,88,88,88,88,88,88,90,90,90,90,90,90,90,90,90,92,92,92,92,92,92,92,94,94,96,96,98,98,98,100,102,102,104,106,106],"card_choices":[{"not_picked":["Guardian:AncientConstruct","Guardian:StasisEngine"],"picked":"Guardian:StasisField","floor":0},{"not_picked":["Guardian:Gem_Red","Guardian:VentSteam"],"picked":"Guardian:Incinerate","floor":2},{"not_picked":["Guardian:Reroute","Guardian:TemporalStrike"],"picked":"Guardian:Orbwalk","floor":3},{"not_picked":["Guardian:ShieldCharger","Guardian:BodySlam"],"picked":"Guardian:Reroute","floor":4},{"not_picked":["Guardian:Incinerate","Guardian:TemporalShield","Guardian:TimeBomb"],"picked":"SKIP","floor":5},{"not_picked":["Guardian:PrismaticBarrier","Guardian:Preprogram"],"picked":"Guardian:FuturePlans","floor":8},{"not_picked":["Guardian:ShieldCharger","Guardian:Incinerate","Guardian:FuturePlans"],"picked":"SKIP","floor":9},{"not_picked":["Guardian:Orbwalk","Guardian:RevengeProtocol","Guardian:ChargeCore"],"picked":"Singing Bowl","floor":11},{"not_picked":["Guardian:Orbwalk","Guardian:TemporalStrike","Guardian:Planning"],"picked":"Singing Bowl","floor":12},{"not_picked":["Guardian:Recover","Guardian:TemporalStrike","Guardian:PrimingBeam"],"picked":"Singing Bowl","floor":14},{"not_picked":["Guardian:Orbwalk","Guardian:ChargeCore","Guardian:VentSteam"],"picked":"Singing Bowl","floor":15},{"not_picked":["Guardian:Gem_Synthetic","Guardian:StasisEngine"],"picked":"Guardian:Gem_Orange","floor":16},{"not_picked":["Guardian:VentSteam","Guardian:PiercingHide","Guardian:RefractedBeam"],"picked":"Singing Bowl","floor":22},{"not_picked":["Guardian:DecasProtection","Guardian:Planning"],"picked":"Guardian:Gem_White","floor":25},{"not_picked":["Guardian:Suspension","Guardian:BronzeArmor"],"picked":"Guardian:Gem_Cyan","floor":29},{"not_picked":["Guardian:CrystalBeam+1","Guardian:StasisStrike","Guardian:TemporalStrike"],"picked":"Singing Bowl","floor":31},{"not_picked":["Guardian:Gem_Fragmented","Guardian:PiercingHide+1"],"picked":"Guardian:ChargeUp","floor":32},{"not_picked":["Guardian:GatlingBeam","Guardian:ConstructionForm"],"picked":"Guardian:Gem_Orange","floor":33},{"not_picked":["Guardian:Gem_Cyan","Guardian:Planning+1"],"picked":"Guardian:RollAttack+1","floor":36},{"not_picked":["Guardian:ChargeCore","Guardian:Clone"],"picked":"Guardian:Gem_Fragmented","floor":37},{"not_picked":["Guardian:Suspension+1","Guardian:PiercingHide","Guardian:Planning+1"],"picked":"Singing Bowl","floor":38},{"not_picked":["Guardian:Gem_Red","Guardian:GemFinder","Guardian:SpikerProtocol"],"picked":"Singing Bowl","floor":40},{"not_picked":["Guardian:BodySlam+1","Guardian:MultiBeam+1","Guardian:Repulse+1"],"picked":"Singing Bowl","floor":42},{"not_picked":["Guardian:RollAttack+1","Guardian:Suspension"],"picked":"Guardian:FloatingOrbs+1","floor":44},{"not_picked":["Guardian:BronzeOrb+1","Guardian:PrimingBeam+1","Guardian:Gem_Green"],"picked":"Singing Bowl","floor":45},{"not_picked":["expansioncontent:YouAreMine","expansioncontent:LastStand","expansioncontent:HyperBeam"],"picked":"Singing Bowl","floor":46},{"not_picked":["Guardian:Gem_Red","Guardian:GuardianWhirl+1","Guardian:PiercingHide"],"picked":"Singing Bowl","floor":48},{"not_picked":["Guardian:ChargeCore+1","Guardian:PrimingBeam+1","Guardian:VentSteam"],"picked":"Singing Bowl","floor":49}],"player_experience":915260,"relics_obtained":[{"floor":7,"key":"MawBank"},{"floor":8,"key":"Orichalcum"},{"floor":11,"key":"Singing Bowl"},{"floor":24,"key":"Mummified Hand"},{"floor":25,"key":"FossilizedHelix"},{"floor":31,"key":"Blood Vial"},{"floor":40,"key":"Molten Egg 2"},{"floor":41,"key":"Vajra"},{"floor":48,"key":"Thread and Needle"}],"event_choices":[{"damage_healed":0,"gold_gain":0,"player_choice":"Read","damage_taken":0,"max_hp_gain":0,"max_hp_loss":0,"event_name":"The Library","floor":19,"gold_loss":0,"cards_obtained":["Guardian:Gem_Yellow"]},{"damage_healed":0,"gold_gain":0,"player_choice":"Ignored","damage_taken":0,"max_hp_gain":0,"max_hp_loss":0,"event_name":"Ghosts","floor":20,"gold_loss":0}],"is_beta":false,"boss_relics":[{"not_picked":["Sozu","bronze:MakeshiftBattery"],"picked":"Snecko Eye"},{"not_picked":["Fusion Hammer","Busted Crown"],"picked":"Cursed Key"}],"items_purged_floors":[12,37,45],"is_endless":false,"potions_floor_spawned":[4,5,11,16,25,29,32,33,36,48,49],"ascension_level":2}}