{"host":"jpzdg3po3tjxdjri","time":1613059992,"event":{"mods":["BaseMod","Better Third Choice","Colored Map","Colored Powertips","Minty Spire (QoL Compilation)","StSLib"],"gold_per_floor":[112,124,44,59,59,89,264,264,290,307,337,349,361,404,416,532,544,575,637,666,678,678],"floor_reached":21,"language":"ENG","playtime":624,"items_purged":[],"score":207,"play_id":"5dce2a33-0635-470d-bf81-1be1dee5ea70","local_time":"20210211161312","is_ascension_mode":true,"campfire_choices":[{"floor":8,"key":"REST"},{"floor":12,"key":"REST"},{"floor":15,"key":"REST"}],"circlet_count":0,"master_deck":["Strike_B","Strike_B","Strike_B","Strike_B","Defend_B","Defend_B","Defend_B","Defend_B","Zap+1","Dualcast","Doom and Gloom","Loop","Capacitor","Conserve Battery","Doom and Gloom","Doubt","Leap","Conserve Battery","Ball Lightning","Amplify","Barrage+1","Redo+1"],"relics":["Cracked Core","Bag of Marbles","MawBank","SsserpentHead","Pen Nib","Philosopher\u0027s Stone"],"acts_visited":["Exordium","TheCity"],"potions_floor_usage":[14],"damage_taken":[{"damage":5,"enemies":"Small Slimes","floor":1,"turns":5},{"damage":0,"enemies":"2 Louse","floor":2,"turns":2},{"damage":0,"enemies":"Cultist","floor":4,"turns":4},{"damage":44,"enemies":"3 Sentries","floor":6,"turns":10},{"damage":2,"enemies":"2 Fungi Beasts","floor":10,"turns":3},{"damage":28,"enemies":"Gremlin Nob","floor":11,"turns":5},{"damage":38,"enemies":"Lagavulin","floor":14,"turns":9},{"damage":26,"enemies":"Slime Boss","floor":16,"turns":10},{"damage":22,"enemies":"Spheric Guardian","floor":18,"turns":5},{"damage":54,"enemies":"3 Byrds","floor":20,"turns":5},{"damage":9,"enemies":"3 Cultists","floor":21,"turns":2}],"seed_played":"8718303432821422307","potions_obtained":[{"floor":4,"key":"Strength Potion"},{"floor":6,"key":"CultistPotion"},{"floor":11,"key":"LiquidMemories"},{"floor":14,"key":"SteroidPotion"}],"is_trial":false,"path_per_floor":["M","M","$","M","?","E","?","R","T","M","E","R","?","E","R","B",null,"M","?","M","M"],"character_chosen":"DEFECT","items_purchased":["Capacitor"],"campfire_rested":3,"item_purchase_floors":[3],"current_hp_per_floor":[70,70,70,70,75,31,31,55,55,53,25,49,49,11,35,9,80,58,58,4,0,0],"gold":678,"neow_bonus":"UPGRADE_CARD","is_daily":false,"chose_seed":false,"campfire_upgraded":0,"win_rate":0.0,"timestamp":1613059992,"path_taken":["M","M","$","M","?","E","?","R","T","M","E","R","?","E","R","BOSS","M","?","M","M"],"items_purchased_type":["Card"],"build_version":"2020-12-22","purchased_purges":0,"victory":false,"max_hp_per_floor":[75,75,75,75,80,80,80,80,80,80,80,80,80,80,80,80,80,80,80,80,80,80],"card_choices":[{"not_picked":["Hologram","Consume"],"picked":"Doom and Gloom","floor":1},{"not_picked":["Coolheaded","Rebound"],"picked":"Loop","floor":2},{"not_picked":["Turbo","Go for the Eyes"],"picked":"Conserve Battery","floor":4},{"not_picked":["White Noise","Barrage"],"picked":"Doom and Gloom","floor":6},{"not_picked":["Turbo","Rebound"],"picked":"Leap","floor":10},{"not_picked":["Skim","Auto Shields"],"picked":"Conserve Battery","floor":11},{"not_picked":["Hello World","Rebound"],"picked":"Ball Lightning","floor":14},{"not_picked":["Meteor Strike","Buffer"],"picked":"Amplify","floor":16},{"not_picked":["Compile Driver+1","Coolheaded"],"picked":"Barrage+1","floor":18},{"not_picked":["Hologram","Fission"],"picked":"Redo+1","floor":20}],"player_experience":894788,"relics_obtained":[{"floor":6,"key":"Bag of Marbles"},{"floor":11,"key":"MawBank"},{"floor":14,"key":"Pen Nib"}],"event_choices":[{"damage_healed":0,"gold_gain":0,"player_choice":"Donut","damage_taken":0,"max_hp_gain":5,"max_hp_loss":0,"event_name":"Big Fish","floor":5,"gold_loss":0},{"damage_healed":0,"gold_gain":175,"player_choice":"AGREE","damage_taken":89,"max_hp_gain":0,"max_hp_loss":0,"event_name":"betterThird:BetterSerpent","floor":7,"gold_loss":0},{"damage_healed":0,"gold_gain":0,"player_choice":"Trade","damage_taken":0,"relics_obtained":["SsserpentHead"],"max_hp_gain":0,"max_hp_loss":0,"event_name":"FaceTrader","floor":13,"gold_loss":0},{"damage_healed":0,"gold_gain":0,"player_choice":"Ignored","damage_taken":0,"max_hp_gain":0,"max_hp_loss":0,"event_name":"Ghosts","floor":19,"gold_loss":0}],"is_beta":false,"boss_relics":[{"not_picked":["Ectoplasm","Coffee Dripper"],"picked":"Philosopher\u0027s Stone"}],"items_purged_floors":[],"is_endless":false,"potions_floor_spawned":[4,6,11,14],"killed_by":"3 Cultists","ascension_level":1}}