{"host":"mulvwr6fzlda1d2f","time":1613015505,"event":{"mods":["BaseMod","BetterRewards","Hermit","Marisa????????","Minty Spire (QoL Compilation)","Quick Restart","Remove Card Discount Mod","Replay The Spire","StSLib","The Bladedancer","The Runesmith","egg"],"gold_per_floor":[116,116,116,116,126,126,43,63,111,111,129,129,3,34,34,130,130,148,159,99,111,111,111],"floor_reached":22,"language":"ENG","playtime":832,"items_purged":["blademaster:Defend"],"score":209,"play_id":"6c58b7fc-c143-4572-b5f8-d7bc4aba9478","local_time":"20210210195145","is_ascension_mode":false,"campfire_choices":[{"data":"blademaster:AspectOfWind","floor":6,"key":"SMITH"},{"floor":10,"key":"RECALL"},{"data":"blademaster:AspectOfLightning","floor":12,"key":"SMITH"}],"circlet_count":0,"master_deck":["blademaster:Strike","blademaster:Strike","blademaster:Strike","blademaster:Defend","blademaster:Defend","blademaster:Defend","blademaster:RagingBlow","blademaster:HighVoltage","blademaster:AspectOfWind+1","blademaster:ThunderSlash+1","blademaster:DeadlyDance+1","ReplayTheSpireMod:Private Reserves+1","blademaster:Quickness","blademaster:AspectOfLightning+1","blademaster:AirSlash+1","blademaster:Bloodbath","blademaster:Blindside+1","blademaster:Momentum+1","blademaster:AspectOfLightning","blademaster:Sharpen+1"],"relics":["blademaster:DancersAmulet","Golden Egg","MealTicket","Runic Pyramid"],"acts_visited":["Exordium","TheCity"],"potions_floor_usage":[14,16,21],"damage_taken":[{"damage":0,"enemies":"Cultist","floor":1,"turns":3},{"damage":1,"enemies":"Jaw Worm","floor":5,"turns":3},{"damage":0,"enemies":"2 Louse","floor":8,"turns":2},{"damage":0,"enemies":"Blue Slaver","floor":11,"turns":5},{"damage":0,"enemies":"Gremlin Nob","floor":14,"turns":2},{"damage":30,"enemies":"Hexaghost","floor":16,"turns":6},{"damage":10,"enemies":"2 Thieves","floor":18,"turns":3},{"damage":0,"enemies":"Shell Parasite","floor":19,"turns":3},{"damage":8,"enemies":"Centurion and Healer","floor":21,"turns":3},{"damage":0,"enemies":"Snecko","floor":22,"turns":2}],"seed_played":"-1332967605891141156","potions_obtained":[{"floor":5,"key":"Elixir"},{"floor":14,"key":"PowerPotion"},{"floor":19,"key":"Strength Potion"}],"is_trial":false,"path_per_floor":["M","?","?","$","M","R","$","M","T","R","M","R","$","E","R","B",null,"M","M","?","M","M"],"character_chosen":"THE_BLADEMASTER","items_purchased":["ReplayTheSpireMod:Private Reserves","blademaster:AirSlash","BlessingOfTheForge","PowerPotion"],"campfire_rested":0,"item_purchase_floors":[7,13,13,13],"current_hp_per_floor":[82,70,70,70,69,69,69,69,69,69,69,69,69,69,82,52,82,72,72,72,64,64,64],"gold":111,"neow_bonus":"TEN_PERCENT_HP_BONUS","is_daily":false,"chose_seed":false,"campfire_upgraded":2,"win_rate":0.0,"timestamp":1613015505,"path_taken":["M","?","?","?","M","R","$","?","T","R","M","R","$","E","R","BOSS","M","M","?","M","M"],"items_purchased_type":["Card","Card","Potion","Potion"],"build_version":"2020-12-22","purchased_purges":1,"victory":false,"max_hp_per_floor":[82,82,82,82,82,82,82,82,82,82,82,82,82,82,82,82,82,82,82,82,82,82,82],"card_choices":[{"not_picked":["blademaster:Cut","blademaster:ChargingUp"],"picked":"blademaster:AspectOfWind","floor":1},{"not_picked":["blademaster:EyeOfTheTornado","blademaster:DaggerAndCloak"],"picked":"blademaster:DeadlyDance","floor":5},{"not_picked":["blademaster:OneTrickPony","blademaster:FuriousStrike"],"picked":"blademaster:Quickness","floor":8},{"not_picked":["blademaster:LeechingStrike","blademaster:Safeguard"],"picked":"blademaster:AspectOfLightning","floor":11},{"not_picked":["blademaster:AncestralHealing","blademaster:DeadlyDance"],"picked":"blademaster:Bloodbath","floor":14},{"not_picked":["blademaster:UnrelentingWind","blademaster:ThreePointStrike"],"picked":"blademaster:Blindside","floor":16},{"not_picked":["blademaster:EyeOfTheStorm","blademaster:Slice"],"picked":"blademaster:Momentum+1","floor":18},{"not_picked":["blademaster:DragonStrike","blademaster:Meditate"],"picked":"blademaster:AspectOfLightning","floor":19},{"not_picked":["blademaster:FuriousStrike","blademaster:AwakeningStrike"],"picked":"blademaster:Sharpen+1","floor":21}],"player_experience":251314,"relics_obtained":[{"floor":14,"key":"MealTicket"},{"floor":14,"key":"blademaster:FinisherDrawCardPerk"}],"event_choices":[{"damage_healed":0,"gold_gain":0,"player_choice":"Success","damage_taken":12,"relics_obtained":["Golden Egg"],"max_hp_gain":0,"max_hp_loss":0,"event_name":"Scrap Ooze","floor":2,"gold_loss":0}],"is_beta":false,"boss_relics":[{"not_picked":["Snecko Eye","ReplayTheSpireMod:DimensionalGlitch"],"picked":"Runic Pyramid"}],"items_purged_floors":[7],"is_endless":false,"potions_floor_spawned":[5,14,19],"killed_by":"Snecko","ascension_level":0}}