{"host":"wrdw6zkxuilnr6rg","time":1612668891,"event":{"mods":["BaseMod","Bestiary","Colored Powertips","Hermit","Highlight Path","Minty Spire (QoL Compilation)","Quick Restart","Relic Stats","StSLib"],"gold_per_floor":[116,36,36,111,122,122,122,161,184,199,199,199,243,18,18,146,146,171,164,76,99,99,99,114,114,168,168,203,203,217,232,232,232,232,256,108,0,18,18,18,31,94,162,197,197,218,252,271,271,271,271,271,27,62,62],"floor_reached":56,"language":"ENG","playtime":2761,"items_purged":["Strike_R","Perfected Strike+1"],"score":1360,"play_id":"313e1ead-4d9e-40ef-aacb-f1ec6d7c43a7","local_time":"20210207063451","is_ascension_mode":true,"campfire_choices":[{"data":"Iron Wave","floor":6.0,"key":"SMITH"},{"data":"Uppercut","floor":11.0,"key":"SMITH"},{"data":"True Grit","floor":15.0,"key":"SMITH"},{"data":"Perfected Strike","floor":23.0,"key":"SMITH"},{"data":"Shockwave","floor":29.0,"key":"SMITH"},{"data":"Feel No Pain","floor":32.0,"key":"SMITH"},{"floor":40,"key":"RECALL"},{"data":"Impervious","floor":49,"key":"SMITH"},{"data":"Impervious","floor":52,"key":"SMITH"}],"circlet_count":0,"master_deck":["Strike_R+1","Strike_R+1","Strike_R+1","Strike_R+1","Defend_R+1","Defend_R+1","Defend_R+1","Defend_R+1","Bash","Impervious+1","Feel No Pain+1","Havoc","True Grit+1","Uppercut+1","Corruption","Impervious+1","Sentinel","Burning Pact","Shrug It Off","Shockwave+1","Carnage","Body Slam","Bludgeon","Second Wind","Spot Weakness+1","Flex+1","Ghostly Armor","Headbutt+1","True Grit+1","Dark Embrace","Disarm","Armaments"],"relics":["Burning Blood","Golden Idol","TungstenRod","Orichalcum","Blood Vial","Membership Card","Oddly Smooth Stone","Snecko Eye","Nunchaku","Tiny Chest","Philosopher\u0027s Stone","ClockworkSouvenir","Red Mask","Bottled Tornado","Turnip","Bottled Flame","Paper Frog","Singing Bowl","Kunai","Lantern"],"acts_visited":["Exordium","TheCity","TheBeyond","TheEnding"],"potions_floor_usage":[44,50,55,55],"damage_taken":[{"damage":6.0,"enemies":"Cultist","floor":1.0,"turns":4.0},{"damage":1.0,"enemies":"2 Louse","floor":5.0,"turns":3.0},{"damage":15.0,"enemies":"3 Sentries","floor":8.0,"turns":13.0},{"damage":3.0,"enemies":"Small Slimes","floor":10.0,"turns":4.0},{"damage":3.0,"enemies":"Gremlin Nob","floor":13.0,"turns":5.0},{"damage":7.0,"enemies":"The Guardian","floor":16.0,"turns":11.0},{"damage":0.0,"enemies":"Shell Parasite","floor":18.0,"turns":5.0},{"damage":3.0,"enemies":"2 Thieves","floor":19.0,"turns":4.0},{"damage":0.0,"enemies":"Shelled Parasite and Fungi","floor":21.0,"turns":7.0},{"damage":0.0,"enemies":"Snecko","floor":24.0,"turns":4.0},{"damage":1.0,"enemies":"Book of Stabbing","floor":28.0,"turns":3.0},{"damage":0.0,"enemies":"Cultist and Chosen","floor":30.0,"turns":2.0},{"damage":1.0,"enemies":"Shelled Parasite and Fungi","floor":31.0,"turns":4.0},{"damage":12.0,"enemies":"Collector","floor":33.0,"turns":5.0},{"damage":1,"enemies":"Orb Walker","floor":35,"turns":3},{"damage":3,"enemies":"3 Darklings","floor":38,"turns":4},{"damage":0,"enemies":"Transient","floor":41,"turns":5},{"damage":0,"enemies":"Mind Bloom Boss Battle","floor":42,"turns":4},{"damage":0,"enemies":"Reptomancer","floor":44,"turns":3},{"damage":0,"enemies":"Jaw Worm Horde","floor":46,"turns":3},{"damage":10,"enemies":"Nemesis","floor":47,"turns":5},{"damage":0,"enemies":"Writhing Mass","floor":48,"turns":3},{"damage":10,"enemies":"Donu and Deca","floor":50,"turns":7},{"damage":0,"enemies":"Shield and Spear","floor":54,"turns":3},{"damage":0,"enemies":"The Heart","floor":55,"turns":6}],"seed_played":"6389981517532503755","potions_obtained":[{"floor":8.0,"key":"LiquidBronze"},{"floor":10.0,"key":"BloodPotion"},{"floor":12.0,"key":"EntropicBrew"},{"floor":12.0,"key":"GamblersBrew"},{"floor":12.0,"key":"EssenceOfSteel"},{"floor":19.0,"key":"SmokeBomb"},{"floor":21.0,"key":"Fruit Juice"},{"floor":30.0,"key":"Energy Potion"},{"floor":38,"key":"Energy Potion"},{"floor":46,"key":"BlessingOfTheForge"},{"floor":54,"key":"Strength Potion"}],"is_trial":false,"path_per_floor":["M","$","?","?","M","R","?","E","T","M","R","?","E","$","R","B",null,"M","M","$","M","?","R","M","?","T","?","E","R","M","M","R","B",null,"M","$","?","M","T","R","M","?","T","E","T","M","E","M","R","B",null,"R","$","E","B",null],"character_chosen":"IRONCLAD","items_purchased":["Feel No Pain","Membership Card","Oddly Smooth Stone","Shrug It Off","Perfected Strike","ClockworkSouvenir","PowerPotion","Dark Embrace","Disarm","Kunai","DistilledChaos","Armaments"],"campfire_rested":0,"item_purchase_floors":[2,14,14,20,20,36,36,53,53,53,53,53],"current_hp_per_floor":[56,56,56,45,50,50,30,21,21,24,24,40,43,43,43,44,80,80,80,80,85,85,85,85,85,85,85,85,85,85,85,85,79,85,85,85,85,85,85,85,85,85,85,85,85,85,83,89,89,85,89,89,89,91,91],"gold":62,"neow_bonus":"THREE_RARE_CARDS","is_daily":false,"chose_seed":false,"campfire_upgraded":8,"win_rate":0.0,"timestamp":1612668891,"path_taken":["M","?","?","?","M","R","?","E","T","M","R","?","E","$","R","BOSS","M","M","$","?","?","R","M","?","T","?","E","R","M","M","R","BOSS","M","$","?","M","?","R","M","?","T","E","?","M","E","M","R","BOSS","R","$","E","BOSS"],"items_purchased_type":["Card","Relic","Relic","Card","Card","Relic","Potion","Card","Card","Relic","Potion","Card"],"build_version":"2020-12-22","purchased_purges":2,"victory":true,"max_hp_per_floor":[80,80,80,80,80,80,80,80,80,80,80,80,80,80,80,80,80,80,80,80,85,85,85,85,85,85,85,85,85,85,85,85,85,85,85,85,85,85,85,85,85,85,85,85,85,85,87,89,89,89,89,89,89,91,91],"relic_stats":{"Singing Bowl":6,"counters":[25,120],"Golden Idol":206,"Orichalcum":[90],"Burning Blood":65,"Blood Vial":4,"Nunchaku":[12],"Snecko Eye":[170,161,145,152],"Tiny Chest":1,"Turnip":[2],"Kunai":[7],"obtain_stats":[{"Lantern":54,"Singing Bowl":47,"Golden Idol":7,"Oddly Smooth Stone":14,"Orichalcum":9,"Bottled Tornado":39,"Burning Blood":0,"ClockworkSouvenir":36,"Blood Vial":13,"Nunchaku":26,"Bottled Flame":44,"Snecko Eye":17,"Tiny Chest":28,"Philosopher\u0027s Stone":34,"Turnip":42,"Red Mask":37,"Membership Card":14,"Kunai":53,"TungstenRod":8,"Paper Frog":45},{"Lantern":24,"Singing Bowl":21,"Golden Idol":2,"Oddly Smooth Stone":5,"Orichalcum":3,"Bottled Tornado":16,"Burning Blood":0,"ClockworkSouvenir":15,"Blood Vial":5,"Nunchaku":10,"Bottled Flame":19,"Snecko Eye":6,"Tiny Chest":11,"Philosopher\u0027s Stone":14,"Turnip":18,"Red Mask":15,"Membership Card":5,"Kunai":23,"TungstenRod":3,"Paper Frog":19},{"Lantern":114,"Singing Bowl":101,"Golden Idol":7,"Oddly Smooth Stone":29,"Orichalcum":20,"Bottled Tornado":81,"Burning Blood":0,"ClockworkSouvenir":77,"Blood Vial":29,"Nunchaku":60,"Bottled Flame":93,"Snecko Eye":40,"Tiny Chest":63,"Philosopher\u0027s Stone":74,"Turnip":90,"Red Mask":77,"Membership Card":29,"Kunai":111,"TungstenRod":20,"Paper Frog":93}],"TungstenRod":26},"card_choices":[{"not_picked":["Fiend Fire","Barricade"],"picked":"Impervious","floor":0.0},{"not_picked":["Dual Wield","Searing Blow"],"picked":"Iron Wave","floor":1.0},{"not_picked":["Flex","Pommel Strike"],"picked":"Havoc","floor":5.0},{"not_picked":["Clash","Armaments"],"picked":"True Grit","floor":8.0},{"not_picked":["Thunderclap","Warcry"],"picked":"Uppercut","floor":10.0},{"not_picked":["Iron Wave","Dual Wield"],"picked":"Corruption","floor":13.0},{"not_picked":["Feed","Fiend Fire"],"picked":"Impervious","floor":16.0},{"not_picked":["Fire Breathing","Havoc+1"],"picked":"Sentinel","floor":18.0},{"not_picked":["Hemokinesis","Sword Boomerang+1"],"picked":"Burning Pact","floor":19.0},{"not_picked":["Dropkick","Pommel Strike"],"picked":"Shockwave","floor":21.0},{"not_picked":["True Grit","Twin Strike"],"picked":"Carnage","floor":24.0},{"not_picked":["Seeing Red","Infernal Blade"],"picked":"Bludgeon","floor":28.0},{"not_picked":["Rage+1","Pummel"],"picked":"Second Wind","floor":30.0},{"not_picked":["Carnage+1","Bloodletting"],"picked":"Spot Weakness+1","floor":31.0},{"not_picked":["Carnage+1","Wild Strike"],"picked":"Flex+1","floor":35},{"not_picked":["Sword Boomerang","Havoc+1","Blood for Blood+1"],"picked":"SKIP","floor":38},{"not_picked":["Wild Strike","True Grit+1"],"picked":"Ghostly Armor","floor":41},{"not_picked":["Rage","Anger+1"],"picked":"Headbutt+1","floor":42},{"not_picked":["Havoc+1","Headbutt+1"],"picked":"True Grit+1","floor":44},{"not_picked":["Anger","True Grit+1","Rupture"],"picked":"Singing Bowl","floor":47},{"not_picked":["Cleave","Feed","Iron Wave+1"],"picked":"Singing Bowl","floor":48},{"not_picked":["Combust","Feed","Pommel Strike+1"],"picked":"Singing Bowl","floor":54}],"player_experience":1513343,"relics_obtained":[{"floor":8.0,"key":"TungstenRod"},{"floor":9.0,"key":"Orichalcum"},{"floor":13.0,"key":"Blood Vial"},{"floor":26.0,"key":"Nunchaku"},{"floor":28.0,"key":"Tiny Chest"},{"floor":39,"key":"Bottled Tornado"},{"floor":42,"key":"Turnip"},{"floor":44,"key":"Bottled Flame"},{"floor":45,"key":"Paper Frog"},{"floor":47,"key":"Singing Bowl"},{"floor":54,"key":"Lantern"}],"event_choices":[{"damage_healed":0.0,"max_hp_gain":0.0,"max_hp_loss":0.0,"gold_gain":0.0,"event_name":"The Cleric","player_choice":"Leave","floor":3.0,"gold_loss":0.0,"damage_taken":0.0},{"damage_healed":0.0,"max_hp_gain":0.0,"max_hp_loss":0.0,"gold_gain":75.0,"event_name":"World of Goop","player_choice":"Gather Gold","floor":4.0,"gold_loss":0.0,"damage_taken":11.0},{"damage_healed":0.0,"max_hp_gain":0.0,"max_hp_loss":0.0,"gold_gain":0.0,"event_name":"Golden Idol","player_choice":"Take Damage","floor":7.0,"gold_loss":0.0,"damage_taken":20.0,"relics_obtained":["Golden Idol"]},{"damage_healed":0.0,"max_hp_gain":0.0,"max_hp_loss":0.0,"gold_gain":0.0,"event_name":"Lab","player_choice":"Got Potions","floor":12.0,"gold_loss":0.0,"damage_taken":0.0},{"damage_healed":0.0,"max_hp_gain":0.0,"max_hp_loss":0.0,"gold_gain":0.0,"event_name":"Back to Basics","player_choice":"Simplicity","floor":22.0,"gold_loss":0.0,"damage_taken":0.0,"cards_upgraded":["Strike_R","Strike_R","Strike_R","Strike_R","Defend_R","Defend_R","Defend_R","Defend_R"]},{"damage_healed":0.0,"max_hp_gain":0.0,"max_hp_loss":0.0,"gold_gain":0.0,"event_name":"The Library","player_choice":"Read","floor":25.0,"gold_loss":0.0,"damage_taken":0.0,"cards_obtained":["Body Slam"]},{"cards_removed":["Iron Wave"],"damage_healed":0.0,"max_hp_gain":0.0,"max_hp_loss":0.0,"gold_gain":0.0,"event_name":"Purifier","player_choice":"Purged","floor":27.0,"gold_loss":0.0,"damage_taken":0.0},{"damage_healed":0,"gold_gain":0,"player_choice":"Paid","damage_taken":0,"relics_obtained":["Red Mask"],"max_hp_gain":0,"max_hp_loss":0,"event_name":"Tomb of Lord Red Mask","floor":37,"gold_loss":108},{"damage_healed":0,"gold_gain":0,"player_choice":"Fight","damage_taken":0,"max_hp_gain":0,"max_hp_loss":0,"event_name":"MindBloom","floor":42,"gold_loss":0}],"is_beta":false,"boss_relics":[{"not_picked":["Runic Pyramid","Cursed Key"],"picked":"Snecko Eye"},{"not_picked":["Tiny House","Runic Dome"],"picked":"Philosopher\u0027s Stone"}],"items_purged_floors":[20,36],"is_endless":false,"potions_floor_spawned":[8,10,13,19,21,30,31,38,42,46,47,54],"ascension_level":1}}