{"host":"jm9833yuloeli2yd","time":1613076078,"event":{"mods":["BaseMod","Better Altar","Better Match","Better Note","Better Sensory Stone","Better Skull","Better Third Choice","Better Vampires","BetterRewards","Colored Map","Colored Powertips","DeckTracker","Minty Spire (QoL Compilation)","Permanent Neow","Quick Restart","StSLib","SuperFastMode"],"gold_per_floor":[111,124,140,140,160,160,188,33,33,33,59,209,42,62,62,135,135,153,153,166,177,192,192,23,53,53,53,53,79,91,122,122,199,199,218,218,231,249,265,590,590,619,643,643,661,661,661,166,166,166,166,166,166,80,105,105],"floor_reached":57,"language":"ENG","playtime":3767,"items_purged":["Doubt","Leap"],"score":3110,"play_id":"b02ecbdc-89c1-4a77-8d6b-1dc546e4ccc7","local_time":"20210211154118","is_ascension_mode":true,"campfire_choices":[{"data":"Doom and Gloom","floor":6.0,"key":"SMITH"},{"data":"Zap","floor":10.0,"key":"SMITH"},{"data":"Hologram","floor":15.0,"key":"SMITH"},{"data":"Defragment","floor":23.0,"key":"SMITH"},{"data":"Loop","floor":27.0,"key":"SMITH"},{"data":"Reboot","floor":32.0,"key":"SMITH"},{"floor":41,"key":"RECALL"},{"floor":44,"key":"REST"},{"data":"Capacitor","floor":46,"key":"SMITH"},{"floor":49,"key":"REST"},{"floor":53,"key":"REST"}],"circlet_count":0,"master_deck":["AscendersBane","Zap+1","Dualcast","Biased Cognition","Doom and Gloom+1","Reboot+1","Loop+1","Genetic Algorithm","Double Energy+1","Glacier","BootSequence","Cold Snap","Hologram+1","Core Surge","Reboot+1","Deep Breath+1","Capacitor+1","Echo Form","Conserve Battery+1","Double Energy+1","Defragment+1","Echo Form","Skim+1","Fusion+1","Steam+1","Amplify+1","Chill+1","Madness+1","Madness+1","Compile Driver+1","Self Repair","Static Discharge+1","Hologram+1","Storm","Secret Technique+1","Finesse+1","Hologram+1","Reinforced Body+1","Force Field+1"],"relics":["Pandora\u0027s Box","Question Card","Toy Ornithopter","Toxic Egg 2","Dream Catcher","Nuclear Battery","OrangePellets","Blood Vial","Lantern","Matryoshka","Du-Vu Doll","SlaversCollar","Old Coin","Calipers","Potion Belt","DataDisk"],"acts_visited":["Exordium","TheCity","TheBeyond","TheEnding"],"potions_floor_usage":[33,37,42,56],"damage_taken":[{"damage":14.0,"enemies":"2 Louse","floor":1.0,"turns":2.0},{"damage":6.0,"enemies":"Cultist","floor":2.0,"turns":3.0},{"damage":10.0,"enemies":"Small Slimes","floor":3.0,"turns":5.0},{"damage":0.0,"enemies":"3 Louse","floor":5.0,"turns":4.0},{"damage":0.0,"enemies":"Gremlin Nob","floor":7.0,"turns":3.0},{"damage":1.0,"enemies":"3 Sentries","floor":11.0,"turns":8.0},{"damage":1.0,"enemies":"Red Slaver","floor":14.0,"turns":3.0},{"damage":13.0,"enemies":"The Guardian","floor":16.0,"turns":9.0},{"damage":6.0,"enemies":"2 Thieves","floor":18.0,"turns":4.0},{"damage":0.0,"enemies":"Spheric Guardian","floor":20.0,"turns":4.0},{"damage":10.0,"enemies":"Snecko","floor":21.0,"turns":5.0},{"damage":3.0,"enemies":"Centurion and Healer","floor":22.0,"turns":6.0},{"damage":0.0,"enemies":"Book of Stabbing","floor":25.0,"turns":5.0},{"damage":8.0,"enemies":"Gremlin Leader","floor":29.0,"turns":5.0},{"damage":17.0,"enemies":"Shelled Parasite and Fungi","floor":30.0,"turns":6.0},{"damage":0.0,"enemies":"Book of Stabbing","floor":31.0,"turns":5.0},{"damage":2,"enemies":"Collector","floor":33,"turns":7},{"damage":12,"enemies":"3 Shapes","floor":35,"turns":10},{"damage":5,"enemies":"3 Darklings","floor":37,"turns":7},{"damage":0,"enemies":"4 Shapes","floor":38,"turns":8},{"damage":9,"enemies":"Spire Growth","floor":39,"turns":6},{"damage":0,"enemies":"Giant Head","floor":40,"turns":6},{"damage":57,"enemies":"Reptomancer","floor":42,"turns":8},{"damage":0,"enemies":"Sphere and 2 Shapes","floor":45,"turns":5},{"damage":0,"enemies":"Donu and Deca","floor":50,"turns":7},{"damage":51,"enemies":"Time Eater","floor":51,"turns":12},{"damage":59,"enemies":"Shield and Spear","floor":55,"turns":10},{"damage":15,"enemies":"The Heart","floor":56,"turns":13}],"seed_played":"-596314431839510694","potions_obtained":[{"floor":1.0,"key":"Fire Potion"},{"floor":2.0,"key":"EssenceOfDarkness"},{"floor":7.0,"key":"DuplicationPotion"},{"floor":11.0,"key":"Ancient Potion"},{"floor":25.0,"key":"CultistPotion"},{"floor":31.0,"key":"Weak Potion"},{"floor":33,"key":"FearPotion"},{"floor":38,"key":"ColorlessPotion"},{"floor":39,"key":"SkillPotion"},{"floor":42,"key":"SteroidPotion"},{"floor":45,"key":"Fire Potion"}],"is_trial":false,"path_per_floor":["M","M","M","?","M","R","E","$","T","R","E","?","$","M","R","B",null,"M","?","M","M","M","R","$","E","T","R","$","E","M","E","R","B",null,"M","?","M","M","M","E","R","E","T","R","M","R","?","$","R","B","B",null,"R","$","E","B",null],"character_chosen":"DEFECT","items_purchased":["Core Surge","Deep Breath+1","OrangePellets","Secret Technique+1","Finesse+1","FairyPotion","Reinforced Body+1"],"campfire_rested":3,"item_purchase_floors":[8,13,24,48,48,48,54],"current_hp_per_floor":[50,44,34,34,34,34,34,34,34,34,33,33,33,32,32,19,58,52,52,52,42,44,44,44,49,49,49,49,43,28,30,30,35,62,52,39,41,43,50,59,59,23,23,44,60,60,60,60,71,71,27,60,71,71,19,18],"gold":105,"neow_bonus":"BOSS_RELIC","is_daily":false,"chose_seed":false,"campfire_upgraded":7,"win_rate":0.0,"timestamp":1613076078,"path_taken":["M","M","M","?","M","R","E","?","T","R","E","?","$","M","R","BOSS","M","?","M","M","M","R","$","E","T","R","$","E","?","E","R","BOSS","M","?","M","M","M","E","R","E","T","R","M","R","?","?","R","BOSS","BOSS","R","$","E","BOSS"],"items_purchased_type":["Card","Card","Relic","Card","Card","Potion","Card"],"build_version":"2020-12-22","purchased_purges":2,"victory":true,"max_hp_per_floor":[71,71,71,71,71,71,71,71,71,71,71,71,71,71,71,71,71,71,71,71,71,71,71,71,71,71,71,71,71,71,71,71,71,71,71,71,71,71,71,71,71,71,71,71,71,71,71,71,71,71,71,71,71,71,71,71],"card_choices":[{"not_picked":["Undo","Streamline"],"picked":"Glacier","floor":1.0},{"not_picked":["Coolheaded","Beam Cell"],"picked":"Leap","floor":2.0},{"not_picked":["Coolheaded","Capacitor"],"picked":"BootSequence","floor":3.0},{"not_picked":["Beam Cell","White Noise","Skim"],"picked":"Cold Snap","floor":5.0},{"not_picked":["Rebound","Barrage","Leap"],"picked":"Hologram","floor":7.0},{"not_picked":["Melter","Consume+1","Coolheaded+1"],"picked":"Reboot+1","floor":11.0},{"not_picked":["Rebound","Reprogram+1","Turbo+1"],"picked":"Capacitor","floor":14.0},{"not_picked":["Thunder Strike","Creative AI","Buffer"],"picked":"Echo Form","floor":16.0},{"not_picked":["Hello World","Stack+1","Cold Snap"],"picked":"Conserve Battery+1","floor":18.0},{"not_picked":["Undo+1","Melter","Skim+1"],"picked":"Double Energy+1","floor":20.0},{"not_picked":["Sweeping Beam","Barrage","White Noise+1"],"picked":"Defragment","floor":21.0},{"not_picked":["Ball Lightning","Compile Driver","Cold Snap"],"picked":"Echo Form","floor":22.0},{"not_picked":["BootSequence+1","Steam+1","Chill+1"],"picked":"Skim+1","floor":25.0},{"not_picked":["Chaos+1","Capacitor","Consume+1"],"picked":"Fusion+1","floor":29.0},{"not_picked":["Streamline","Static Discharge","Doom and Gloom"],"picked":"Steam+1","floor":30.0},{"not_picked":["Beam Cell","Rebound","Rip and Tear","Streamline"],"picked":"SKIP","floor":31.0},{"not_picked":["Creative AI","All For One","Machine Learning"],"picked":"Amplify+1","floor":33},{"not_picked":["Rebound","Doom and Gloom","Gash+1"],"picked":"Chill+1","floor":35},{"not_picked":["Streamline","Turbo+1","Hello World"],"picked":"Compile Driver+1","floor":37},{"not_picked":["Blizzard","Hyperbeam","Steam+1"],"picked":"Self Repair","floor":38},{"not_picked":["Turbo+1","Stack+1","Blizzard","Doom and Gloom"],"picked":"SKIP","floor":39},{"not_picked":["Rip and Tear+1","Redo+1","Ball Lightning","Steam Power+1"],"picked":"SKIP","floor":40},{"not_picked":["Rip and Tear+1","Redo+1","Ball Lightning","Steam Power+1"],"picked":"SKIP","floor":40},{"not_picked":["Redo+1","Steam+1","Leap+1"],"picked":"Static Discharge+1","floor":42},{"not_picked":["Beam Cell+1","Ball Lightning","Conserve Battery+1"],"picked":"Hologram+1","floor":44},{"not_picked":["Reprogram+1","Beam Cell","Turbo+1"],"picked":"Storm","floor":45},{"not_picked":["Beam Cell","Conserve Battery+1","Blizzard"],"picked":"Hologram+1","floor":49},{"not_picked":["Beam Cell+1","Aggregate+1","Rainbow+1"],"picked":"Force Field+1","floor":55}],"player_experience":1359936,"relics_obtained":[{"floor":7.0,"key":"Toy Ornithopter"},{"floor":9.0,"key":"Toxic Egg 2"},{"floor":11.0,"key":"Dream Catcher"},{"floor":25.0,"key":"Blood Vial"},{"floor":26.0,"key":"Lantern"},{"floor":29.0,"key":"Matryoshka"},{"floor":31.0,"key":"Du-Vu Doll"},{"floor":40,"key":"Old Coin"},{"floor":42,"key":"Calipers"},{"floor":43,"key":"Potion Belt"},{"floor":55,"key":"DataDisk"}],"event_choices":[{"cards_removed":["All For One"],"damage_healed":0.0,"max_hp_gain":0.0,"max_hp_loss":0.0,"gold_gain":0.0,"event_name":"WeMeetAgain","player_choice":"Gave Card","floor":4.0,"gold_loss":0.0,"damage_taken":0.0,"relics_obtained":["Question Card"]},{"damage_healed":0.0,"max_hp_gain":0.0,"max_hp_loss":0.0,"gold_gain":150.0,"event_name":"betterThird:BetterSerpent","player_choice":"AGREE","floor":12.0,"gold_loss":0.0,"damage_taken":59.0},{"damage_healed":0.0,"max_hp_gain":0.0,"max_hp_loss":0.0,"gold_gain":0.0,"event_name":"Upgrade Shrine","player_choice":"Upgraded","floor":19.0,"gold_loss":0.0,"damage_taken":0.0,"cards_upgraded":["Double Energy"]},{"damage_healed":0,"gold_gain":0,"player_choice":"Embrace Madness","damage_taken":13,"max_hp_gain":0,"max_hp_loss":0,"event_name":"Winding Halls","floor":36,"gold_loss":0,"cards_obtained":["Madness","Madness"]},{"cards_removed":["Blizzard"],"damage_healed":0,"gold_gain":0,"player_choice":"Removed Attack","damage_taken":0,"max_hp_gain":0,"max_hp_loss":0,"event_name":"Falling","floor":47,"gold_loss":0}],"is_beta":false,"boss_relics":[{"not_picked":["Inserter","Empty Cage"],"picked":"Nuclear Battery"},{"not_picked":["Runic Pyramid","Busted Crown"],"picked":"SlaversCollar"}],"items_purged_floors":[13,48],"is_endless":false,"potions_floor_spawned":[1,2,7,11,18,20,25,31,33,38,39,42,45],"ascension_level":20}}