{"host":"p4v0hquynnreu717","time":1613034679,"event":{"mods":["BaseMod","Better Vampires","DeckTracker","Googly Eyes","Minty Spire (QoL Compilation)","Quick Restart","StSLib","SuperFastMode"],"gold_per_floor":[119,136,136,147,72,72,115,115,140,140,168,15,47,58,58,135,185,196,196,215,13,32,64,64,53,78,90,118,150,162,162],"floor_reached":30,"language":"ZHS","playtime":937,"items_purged":["WindmillStrike","ThirdEye"],"score":499,"play_id":"2be7f58f-8561-45d7-b92c-75e4fef15c27","local_time":"20210211171119","is_ascension_mode":true,"campfire_choices":[{"data":"Eruption","floor":6.0,"key":"SMITH"},{"data":"Judgement","floor":8.0,"key":"SMITH"},{"data":"Pray","floor":10.0,"key":"SMITH"},{"floor":15.0,"key":"REST"},{"floor":24.0,"key":"REST"},{"data":"Fasting2","floor":27.0,"key":"SMITH"}],"circlet_count":0,"master_deck":["AscendersBane","Eruption+1","Vigilance","Pray+1","Judgement+1","Halt","MasterReality","Crescendo","BowlingBash+1","Indignation","ForeignInfluence","BattleHymn","FlurryOfBlows","Fasting2+1","DevaForm","FearNoEvil","Wallop","Evaluate","Halt+1","EmptyMind","Prostrate"],"relics":["Pandora\u0027s Box","MealTicket","Dream Catcher","TheAbacus","PreservedInsect","Tiny House","CultistMask","Membership Card","Regal Pillow","MawBank"],"acts_visited":["Exordium","TheCity"],"potions_floor_usage":[],"damage_taken":[{"damage":2.0,"enemies":"2 Louse","floor":1.0,"turns":3.0},{"damage":0.0,"enemies":"Cultist","floor":2.0,"turns":2.0},{"damage":0.0,"enemies":"Small Slimes","floor":4.0,"turns":3.0},{"damage":12.0,"enemies":"Gremlin Gang","floor":7.0,"turns":3.0},{"damage":0.0,"enemies":"Lagavulin","floor":11.0,"turns":4.0},{"damage":11.0,"enemies":"Gremlin Nob","floor":13.0,"turns":4.0},{"damage":12.0,"enemies":"2 Fungi Beasts","floor":14.0,"turns":3.0},{"damage":7.0,"enemies":"Hexaghost","floor":16.0,"turns":6.0},{"damage":22.0,"enemies":"2 Thieves","floor":18.0,"turns":3.0},{"damage":12.0,"enemies":"Spheric Guardian","floor":20.0,"turns":5.0},{"damage":22.0,"enemies":"Snecko","floor":22.0,"turns":6.0},{"damage":23.0,"enemies":"Book of Stabbing","floor":23.0,"turns":4.0},{"damage":12.0,"enemies":"Centurion and Healer","floor":28.0,"turns":4.0},{"damage":24.0,"enemies":"Snake Plant","floor":29.0,"turns":4.0},{"damage":23,"enemies":"3 Cultists","floor":30,"turns":3}],"seed_played":"-8756053454006019796","potions_obtained":[{"floor":7.0,"key":"Weak Potion"},{"floor":11.0,"key":"LiquidBronze"},{"floor":16.0,"key":"SpeedPotion"},{"floor":17.0,"key":"GamblersBrew"},{"floor":18.0,"key":"GamblersBrew"}],"is_trial":false,"path_per_floor":["M","M","?","M","$","R","M","R","T","R","E","$","E","M","R","B",null,"M","?","M","$","M","E","R","$","T","R","M","M","M"],"character_chosen":"WATCHER","items_purchased":["TheAbacus","Membership Card","Prostrate"],"campfire_rested":2,"item_purchase_floors":[12,21,25],"current_hp_per_floor":[59,59,59,59,59,59,47,47,47,47,47,62,51,39,59,52,69,47,47,35,50,28,5,41,56,56,56,44,20,0,0],"gold":162,"neow_bonus":"BOSS_RELIC","is_daily":false,"chose_seed":false,"campfire_upgraded":4,"win_rate":0.0,"timestamp":1613034679,"path_taken":["M","M","?","M","$","R","M","R","T","R","E","?","E","M","R","BOSS","M","?","M","$","M","E","R","$","T","R","M","?","M"],"items_purchased_type":["Relic","Relic","Card"],"build_version":"2020-12-22","purchased_purges":2,"victory":false,"max_hp_per_floor":[68,68,68,68,68,68,68,68,68,68,68,68,68,68,68,68,73,73,73,73,73,73,73,73,73,73,73,73,73,73,73],"card_choices":[{"not_picked":["FlyingSleeves","Protect"],"picked":"BowlingBash","floor":1.0},{"not_picked":["CutThroughFate","BowlingBash"],"picked":"Indignation","floor":2.0},{"not_picked":["Conclude","LikeWater"],"picked":"BattleHymn","floor":4.0},{"not_picked":["LikeWater","CarveReality","FollowUp"],"picked":"SKIP","floor":7.0},{"not_picked":["ThirdEye","BowlingBash"],"picked":"FlurryOfBlows","floor":11.0},{"not_picked":["Weave","JustLucky","ForeignInfluence"],"picked":"SKIP","floor":13.0},{"not_picked":["Consecrate","CutThroughFate","Crescendo"],"picked":"SKIP","floor":14.0},{"not_picked":["Alpha","Indignation"],"picked":"Fasting2","floor":15.0},{"not_picked":["Judgement","MasterReality"],"picked":"DevaForm","floor":16.0},{"not_picked":["Evaluate","PathToVictory"],"picked":"FearNoEvil","floor":17.0},{"not_picked":["FlyingSleeves","Pray"],"picked":"Wallop","floor":18.0},{"not_picked":["Indignation","Sanctity"],"picked":"Evaluate","floor":20.0},{"not_picked":["EmptyFist","Vengeance"],"picked":"Halt+1","floor":22.0},{"not_picked":["Weave+1","JustLucky"],"picked":"EmptyMind","floor":23.0},{"not_picked":["BowlingBash","SandsOfTime","EmptyBody"],"picked":"SKIP","floor":28.0},{"not_picked":["FlyingSleeves+1","ReachHeaven","ForeignInfluence"],"picked":"SKIP","floor":29.0}],"player_experience":832942,"relics_obtained":[{"floor":9.0,"key":"MealTicket"},{"floor":11.0,"key":"Dream Catcher"},{"floor":13.0,"key":"PreservedInsect"},{"floor":23.0,"key":"Regal Pillow"},{"floor":26.0,"key":"MawBank"}],"event_choices":[{"damage_healed":0.0,"max_hp_gain":0.0,"max_hp_loss":0.0,"gold_gain":0.0,"cards_transformed":["JustLucky"],"event_name":"Transmorgrifier","player_choice":"Transformed","floor":3.0,"gold_loss":0.0,"damage_taken":0.0,"cards_obtained":["ForeignInfluence"]},{"damage_healed":0.0,"max_hp_gain":0.0,"max_hp_loss":0.0,"gold_gain":0.0,"event_name":"FaceTrader","player_choice":"Trade","floor":19.0,"gold_loss":0.0,"damage_taken":0.0,"relics_obtained":["CultistMask"]}],"is_beta":false,"boss_relics":[{"not_picked":["Velvet Choker","Runic Dome"],"picked":"Tiny House"}],"items_purged_floors":[5,21],"is_endless":false,"potions_floor_spawned":[7,11,16,18,20,22],"killed_by":"3 Cultists","ascension_level":15}}