{"host":"zov10424ma9lu08x","time":1613058484,"event":{"mods":["2.2 Compatiblity","Act Like it!","BaseMod","Card Forge","Highlight Path","Minty Spire (QoL Compilation)","Permanent Neow","Practice Mode","Quick Restart","StSLib","Synergy Search"],"gold_per_floor":[115,135,146,157,157,157,189,209,209,209,229,249,261,66,66,166,166,177,192,207,225,238,267,267,287,287,287,305,77,91,91,91,196,196,208,220,75,91,108,108,128,147,147,161,161,0,18,33,33,33,33],"floor_reached":50,"language":"ENG","playtime":3010,"items_purged":["Strike_R"],"score":505,"play_id":"baca763c-df37-4287-b224-74953256786f","local_time":"20210211234804","is_ascension_mode":false,"campfire_choices":[{"data":"Bash","floor":6.0,"key":"SMITH"},{"data":"Bash","floor":10.0,"key":"SMITH"},{"data":"Whirlwind","floor":15.0,"key":"SMITH"},{"data":"Thinking Ahead","floor":24.0,"key":"SMITH"},{"data":"Uppercut","floor":32.0,"key":"SMITH"},{"data":"Flame Barrier","floor":40.0,"key":"SMITH"},{"floor":49.0,"key":"REST"}],"circlet_count":0,"master_deck":["Strike_R","Strike_R","Strike_R","Strike_R","Defend_R","Defend_R","Defend_R","Defend_R","Bash+1","Cleave","Twin Strike","Thunderclap","True Grit","Bash+1","Pommel Strike","Warcry","Whirlwind+1","Shockwave","Thinking Ahead+1","Uppercut+1","Shrug It Off","Shockwave+1","Impervious","Shrug It Off","Feed","True Grit+1","Whirlwind+1","Flame Barrier+1","Disarm+1","Disarm"],"relics":["Black Blood","Hammer of Thor","Seething Fire","Anvil of the Gods","Tiny Chest","Paper Frog","Cursed Key","Regal Pillow","Chemical X","DollysMirror","Red Mask"],"acts_visited":["Exordium","TheCity","TheBeyond"],"potions_floor_usage":[],"damage_taken":[{"damage":3.0,"enemies":"2 Louse","floor":1.0,"turns":3.0},{"damage":5.0,"enemies":"Cultist","floor":2.0,"turns":4.0},{"damage":0.0,"enemies":"Small Slimes","floor":3.0,"turns":2.0},{"damage":8.0,"enemies":"3 Louse","floor":4.0,"turns":4.0},{"damage":19.0,"enemies":"3 Sentries","floor":7.0,"turns":7.0},{"damage":8.0,"enemies":"Lots of Slimes","floor":8.0,"turns":2.0},{"damage":9.0,"enemies":"2 Fungi Beasts","floor":11.0,"turns":3.0},{"damage":9.0,"enemies":"Blue Slaver","floor":12.0,"turns":4.0},{"damage":6.0,"enemies":"3 Louse","floor":13.0,"turns":2.0},{"damage":32.0,"enemies":"Slime Boss","floor":16.0,"turns":10.0},{"damage":3.0,"enemies":"Shell Parasite","floor":18.0,"turns":3.0},{"damage":0.0,"enemies":"Spheric Guardian","floor":19.0,"turns":3.0},{"damage":18.0,"enemies":"Shelled Parasite and Fungi","floor":20.0,"turns":5.0},{"damage":21.0,"enemies":"Snake Plant","floor":21.0,"turns":2.0},{"damage":14.0,"enemies":"Cultist and Chosen","floor":22.0,"turns":5.0},{"damage":0.0,"enemies":"Gremlin Leader","floor":23.0,"turns":4.0},{"damage":10.0,"enemies":"Centurion and Healer","floor":25.0,"turns":3.0},{"damage":13.0,"enemies":"Colosseum Slavers","floor":27.0,"turns":2.0},{"damage":6.0,"enemies":"Snecko","floor":28.0,"turns":3.0},{"damage":0.0,"enemies":"Shelled Parasite and Fungi","floor":30.0,"turns":3.0},{"damage":41.0,"enemies":"Collector","floor":33.0,"turns":10.0},{"damage":1.0,"enemies":"Orb Walker","floor":35.0,"turns":3.0},{"damage":12.0,"enemies":"3 Shapes","floor":36.0,"turns":5.0},{"damage":29.0,"enemies":"Spire Growth","floor":38.0,"turns":4.0},{"damage":23.0,"enemies":"Jaw Worm Horde","floor":39.0,"turns":3.0},{"damage":36.0,"enemies":"Transient","floor":41.0,"turns":5.0},{"damage":11.0,"enemies":"Maw","floor":42.0,"turns":7.0},{"damage":48.0,"enemies":"Spire Growth","floor":44.0,"turns":5.0},{"damage":35.0,"enemies":"Sphere and 2 Shapes","floor":47.0,"turns":6.0},{"damage":2.0,"enemies":"Transient","floor":48.0,"turns":5.0},{"damage":0,"enemies":"Time Eater","floor":50,"turns":1}],"seed_played":"-6282669748261080515","potions_obtained":[{"floor":2.0,"key":"BloodPotion"},{"floor":8.0,"key":"LiquidMemories"},{"floor":16.0,"key":"Energy Potion"},{"floor":18.0,"key":"DistilledChaos"},{"floor":22.0,"key":"ColorlessPotion"},{"floor":23.0,"key":"BloodPotion"},{"floor":28.0,"key":"LiquidBronze"},{"floor":33.0,"key":"ElixirPotion"},{"floor":36.0,"key":"Explosive Potion"},{"floor":38.0,"key":"FairyPotion"},{"floor":42.0,"key":"BlessingOfTheForge"},{"floor":44.0,"key":"Dexterity Potion"},{"floor":48.0,"key":"SteroidPotion"}],"is_trial":false,"path_per_floor":["M","M","M","M","?","R","E","M","T","R","M","M","M","$","R","B",null,"M","M","M","M","M","E","R","M","T","?","M","$","M","T","R","B",null,"M","M","$","M","M","R","M","M","T","M","?","?","M","M","R","B"],"character_chosen":"IRONCLAD","items_purchased":["Thinking Ahead","Chemical X","DollysMirror"],"campfire_rested":1,"item_purchase_floors":[14,29,37],"current_hp_per_floor":[88,88,88,86,86,86,73,71,71,71,68,65,65,65,65,39,88,88,88,76,61,53,59,59,72,72,65,65,65,71,71,71,36,88,88,91,91,74,63,63,57,58,58,22,22,22,32,42,84,84,84],"gold":33,"neow_bonus":"TEN_PERCENT_HP_BONUS","is_daily":false,"chose_seed":false,"campfire_upgraded":6,"win_rate":0.0,"timestamp":1613058484,"path_taken":["M","M","M","M","?","R","E","M","T","R","M","M","?","$","R","BOSS","M","?","M","M","M","E","R","M","T","?","M","$","M","?","R","BOSS","M","M","?","M","M","R","M","M","T","M","?","?","M","M","R","BOSS"],"items_purchased_type":["Card","Relic","Relic"],"build_version":"2020-12-22","purchased_purges":1,"victory":false,"max_hp_per_floor":[88,88,88,88,88,88,88,88,88,88,88,88,88,88,88,88,88,88,88,88,88,88,88,88,88,88,88,88,88,88,88,88,88,88,88,91,91,91,91,91,91,91,91,91,91,91,91,91,91,91,91],"card_choices":[{"not_picked":["Shrug It Off","Havoc"],"picked":"Cleave","floor":1.0},{"not_picked":["Shrug It Off","Armaments"],"picked":"Twin Strike","floor":2.0},{"not_picked":["Clash","Perfected Strike"],"picked":"Thunderclap","floor":3.0},{"not_picked":["Armaments","Warcry"],"picked":"True Grit","floor":4.0},{"not_picked":["Exhume","Entrench"],"picked":"Pommel Strike","floor":7.0},{"not_picked":["Perfected Strike","Anger","Dark Embrace"],"picked":"SKIP","floor":8.0},{"not_picked":["Rage","Bloodletting"],"picked":"Warcry","floor":11.0},{"not_picked":["Seeing Red","Uppercut"],"picked":"Whirlwind","floor":12.0},{"not_picked":["Evolve","Pommel Strike"],"picked":"Shockwave","floor":13.0},{"not_picked":["Fiend Fire","Offering"],"picked":"Bludgeon","floor":16.0},{"not_picked":["Flex","Inflame"],"picked":"Uppercut","floor":18.0},{"not_picked":["Thunderclap","Bloodletting","Carnage"],"picked":"SKIP","floor":19.0},{"not_picked":["Headbutt+1","Seeing Red"],"picked":"Shrug It Off","floor":20.0},{"not_picked":["Anger","Perfected Strike"],"picked":"Shockwave+1","floor":21.0},{"not_picked":["Wild Strike+1","Pommel Strike","Warcry+1"],"picked":"SKIP","floor":22.0},{"not_picked":["True Grit","Perfected Strike"],"picked":"Impervious","floor":23.0},{"not_picked":["Evolve","Pommel Strike"],"picked":"Shrug It Off","floor":25.0},{"not_picked":["Thunderclap","Blood for Blood","Body Slam"],"picked":"SKIP","floor":28.0},{"not_picked":["Sever Soul+1","Pummel+1","Warcry+1"],"picked":"SKIP","floor":30.0},{"not_picked":["Brutality","Corruption"],"picked":"Feed","floor":33.0},{"not_picked":["Seeing Red+1","Body Slam"],"picked":"True Grit+1","floor":35.0},{"not_picked":["Searing Blow+1","Flex+1","Feel No Pain+1"],"picked":"SKIP","floor":36.0},{"not_picked":["Armaments","Hemokinesis"],"picked":"Flame Barrier","floor":38.0},{"not_picked":["Intimidate+1","Thunderclap","True Grit+1"],"picked":"SKIP","floor":39.0},{"not_picked":["Anger","Dual Wield+1"],"picked":"Disarm+1","floor":41.0},{"not_picked":["True Grit","Clothesline","Iron Wave+1"],"picked":"SKIP","floor":42.0},{"not_picked":["Combust","Thunderclap+1","Berserk"],"picked":"SKIP","floor":44.0},{"not_picked":["True Grit","Havoc","Cleave+1"],"picked":"SKIP","floor":47.0},{"not_picked":["Thunderclap+1","Dropkick"],"picked":"Disarm","floor":48.0}],"player_experience":350719,"relics_obtained":[{"floor":7.0,"key":"Tiny Chest"},{"floor":9.0,"key":"Paper Frog"},{"floor":23.0,"key":"Regal Pillow"}],"event_choices":[{"damage_healed":0.0,"max_hp_gain":0.0,"max_hp_loss":0.0,"gold_gain":0.0,"event_name":"Match and Keep!","player_choice":"1 cards matched","floor":5.0,"gold_loss":0.0,"damage_taken":0.0,"cards_obtained":["Bash"]},{"damage_healed":0.0,"max_hp_gain":0.0,"max_hp_loss":0.0,"gold_gain":0.0,"event_name":"Colosseum","player_choice":"Fight","floor":27.0,"gold_loss":0.0,"damage_taken":0.0},{"damage_healed":0.0,"max_hp_gain":0.0,"max_hp_loss":0.0,"gold_gain":0.0,"event_name":"Colosseum","player_choice":"Fled From Nobs","floor":27.0,"gold_loss":0.0,"damage_taken":0.0},{"cards_removed":["Bludgeon"],"damage_healed":0.0,"max_hp_gain":0.0,"max_hp_loss":0.0,"gold_gain":0.0,"event_name":"Falling","player_choice":"Removed Attack","floor":45.0,"gold_loss":0.0,"damage_taken":0.0},{"damage_healed":0.0,"max_hp_gain":0.0,"max_hp_loss":0.0,"gold_gain":0.0,"event_name":"Tomb of Lord Red Mask","player_choice":"Paid","floor":46.0,"gold_loss":161.0,"damage_taken":0.0,"relics_obtained":["Red Mask"]}],"is_beta":false,"boss_relics":[{"not_picked":["SlaversCollar","Busted Crown"],"picked":"Cursed Key"},{"not_picked":["Pandora\u0027s Box","SacredBark"],"picked":"Black Blood"}],"items_purged_floors":[29],"is_endless":false,"potions_floor_spawned":[2,8,16,18,22,23,27,28,33,36,38,42,44,48],"killed_by":"Time Eater","ascension_level":0}}