{"host":"6xsbn6ynqlzwllfm","time":1613006161,"event":{"mods":["2.2 Compatiblity","BaseMod","Bestiary","Colored Map","Colored Powertips","Curses Come First","Highlight Path","Keyboard Shortcuts","Minty Spire (QoL Compilation)","Relic Stats","Slay the Relics Exporter","StSLib","SuperFastMode"],"gold_per_floor":[111,131,131,141,151,151,183,21,47,47,47,79,99,116,116,189,189,206,206,36,36,48,77,77,105,151,167,177,102,102,134,134,212,212,228,228,228,238,255,255,288,288,313,313,323,6,37,37,37,37,37,37,37,37,68,68,68],"floor_reached":56,"language":"ENG","playtime":1969,"items_purged":["Strike_R"],"score":2171,"play_id":"429a152e-e451-43eb-bd72-ea995ad81979","local_time":"20210210201601","is_ascension_mode":true,"campfire_choices":[{"floor":6,"key":"REST"},{"floor":10,"key":"REST"},{"floor":15,"key":"REST"},{"floor":24,"key":"REST"},{"floor":30,"key":"REST"},{"floor":32,"key":"REST"},{"floor":40,"key":"REST"},{"floor":44,"key":"RECALL"},{"floor":49,"key":"REST"},{"floor":53,"key":"REST"}],"circlet_count":0,"master_deck":["AscendersBane","Strike_R","Strike_R","Defend_R","Defend_R","Defend_R","Defend_R","Bash","Sever Soul","Battle Trance","Iron Wave","Pommel Strike","Brutality","Anger","Shockwave","Twin Strike","Shrug It Off","Feed","Impatience","Second Wind","Fiend Fire","Warcry","Sword Boomerang","Clash+1","Immolate+1","Heavy Blade+1","Master of Strategy","Apotheosis","Madness","Dropkick+1","Impervious","Offering","Uppercut+1","Iron Wave+1","Iron Wave+1"],"relics":["Fusion Hammer","Omamori","Brimstone","Bag of Preparation","Juzu Bracelet","SlaversCollar","Necronomicon","The Courier","TungstenRod","Bird Faced Urn","Ancient Tea Set","Molten Egg 2","Runic Pyramid","Lantern","Red Skull","HornCleat","Eternal Feather"],"acts_visited":["Exordium","TheCity","TheBeyond","TheEnding"],"potions_floor_usage":[7,18,28,33,33,45,51,51],"damage_taken":[{"damage":1,"enemies":"Cultist","floor":1,"turns":4},{"damage":2,"enemies":"Jaw Worm","floor":2,"turns":3},{"damage":2,"enemies":"2 Louse","floor":4,"turns":3},{"damage":0,"enemies":"2 Fungi Beasts","floor":5,"turns":3},{"damage":8,"enemies":"Gremlin Nob","floor":7,"turns":3},{"damage":23,"enemies":"Lagavulin","floor":12,"turns":3},{"damage":2,"enemies":"3 Louse","floor":13,"turns":2},{"damage":1,"enemies":"Looter","floor":14,"turns":2},{"damage":4,"enemies":"Slime Boss","floor":16,"turns":5},{"damage":10,"enemies":"3 Byrds","floor":18,"turns":4},{"damage":9,"enemies":"Spheric Guardian","floor":22,"turns":3},{"damage":19,"enemies":"Gremlin Leader","floor":23,"turns":3},{"damage":16,"enemies":"Slavers","floor":25,"turns":4},{"damage":21,"enemies":"Snake Plant","floor":27,"turns":3},{"damage":1,"enemies":"3 Cultists","floor":28,"turns":3},{"damage":18,"enemies":"Gremlin Leader","floor":31,"turns":3},{"damage":29,"enemies":"Collector","floor":33,"turns":6},{"damage":8,"enemies":"3 Shapes","floor":35,"turns":3},{"damage":6,"enemies":"Orb Walker","floor":38,"turns":2},{"damage":39,"enemies":"Writhing Mass","floor":39,"turns":3},{"damage":0,"enemies":"Reptomancer","floor":41,"turns":2},{"damage":25,"enemies":"Sphere and 2 Shapes","floor":45,"turns":3},{"damage":16,"enemies":"Nemesis","floor":47,"turns":3},{"damage":15,"enemies":"Time Eater","floor":50,"turns":5},{"damage":46,"enemies":"Awakened One","floor":51,"turns":5},{"damage":50,"enemies":"Shield and Spear","floor":55,"turns":4},{"damage":69,"enemies":"The Heart","floor":56,"turns":3}],"seed_played":"8005618902144724940","potions_obtained":[{"floor":1,"key":"FearPotion"},{"floor":4,"key":"Ancient Potion"},{"floor":14,"key":"LiquidMemories"},{"floor":22,"key":"EssenceOfSteel"},{"floor":28,"key":"SpeedPotion"},{"floor":33,"key":"Swift Potion"},{"floor":39,"key":"BlessingOfTheForge"},{"floor":47,"key":"SteroidPotion"}],"is_trial":false,"path_per_floor":["M","M","$","M","M","R","E","$","T","R","?","E","M","M","R","B",null,"M","?","$","?","M","E","R","E","T","M","M","?","R","E","R","B",null,"M","?","?","M","M","R","E","?","T","R","M","$","E","?","R","B","B",null,"R","$","E","B"],"character_chosen":"IRONCLAD","items_purchased":["Brimstone","Impatience","Offering","Red Skull","Uppercut+1"],"campfire_rested":9,"item_purchase_floors":[8,20,46,46,46],"current_hp_per_floor":[67,65,65,63,63,75,67,67,67,75,75,52,50,49,71,67,73,66,45,45,45,36,20,44,31,31,12,14,14,40,27,54,30,77,72,72,63,62,27,57,61,61,61,61,41,41,30,30,62,49,8,85,110,110,66,0,0],"gold":68,"neow_bonus":"BOSS_RELIC","is_daily":false,"chose_seed":false,"campfire_upgraded":0,"win_rate":0.0,"timestamp":1613006161,"path_taken":["M","?","?","M","M","R","E","$","T","R","?","E","M","M","R","BOSS","M","?","$","?","M","E","R","E","T","M","M","?","R","E","R","BOSS","M","?","?","M","M","R","E","?","T","R","M","$","E","?","R","BOSS","BOSS","R","$","E","BOSS"],"items_purchased_type":["Relic","Card","Card","Relic","Card"],"build_version":"2020-12-22","purchased_purges":1,"victory":false,"max_hp_per_floor":[75,75,75,75,75,75,75,75,75,75,75,75,75,75,75,75,75,78,78,78,78,78,81,81,84,84,84,87,87,87,90,90,93,93,96,96,96,99,103,103,107,107,107,107,110,110,113,107,107,107,110,110,110,110,114,114,114],"relic_stats":{"counters":[27,90],"Bird Faced Urn":[20],"Eternal Feather":0,"Bag of Preparation":[44],"Juzu Bracelet":1,"Necronomicon":[40],"obtain_stats":[{"Lantern":41,"Eternal Feather":55,"The Courier":21,"Omamori":7,"Bag of Preparation":9,"Juzu Bracelet":12,"Ancient Tea Set":26,"Burning Blood":0,"SlaversCollar":17,"HornCleat":47,"Brimstone":8,"Bird Faced Urn":25,"Molten Egg 2":31,"Fusion Hammer":0,"Necronomicon":19,"TungstenRod":23,"Red Skull":46,"Runic Pyramid":34},{"Lantern":21,"Eternal Feather":26,"The Courier":10,"Omamori":5,"Bag of Preparation":5,"Juzu Bracelet":6,"Ancient Tea Set":13,"Burning Blood":0,"SlaversCollar":9,"HornCleat":23,"Brimstone":5,"Bird Faced Urn":13,"Molten Egg 2":16,"Fusion Hammer":0,"Necronomicon":10,"TungstenRod":12,"Red Skull":22,"Runic Pyramid":17},{"Lantern":67,"Eternal Feather":87,"The Courier":32,"Omamori":16,"Bag of Preparation":16,"Juzu Bracelet":19,"Ancient Tea Set":42,"Burning Blood":0,"SlaversCollar":28,"HornCleat":73,"Brimstone":16,"Bird Faced Urn":42,"Molten Egg 2":51,"Fusion Hammer":0,"Necronomicon":32,"TungstenRod":38,"Red Skull":70,"Runic Pyramid":57}],"TungstenRod":66},"card_choices":[{"not_picked":["Combust","Twin Strike"],"picked":"Sever Soul","floor":1},{"not_picked":["Perfected Strike","Armaments"],"picked":"Battle Trance","floor":2},{"not_picked":["Disarm","Sword Boomerang"],"picked":"Iron Wave","floor":4},{"not_picked":["Anger","Perfected Strike"],"picked":"Pommel Strike","floor":5},{"not_picked":["Perfected Strike","Shrug It Off"],"picked":"Brutality","floor":7},{"not_picked":["Flex","Wild Strike"],"picked":"Shockwave","floor":12},{"not_picked":["Evolve","Dropkick"],"picked":"Twin Strike","floor":13},{"not_picked":["Sever Soul","Havoc"],"picked":"Shrug It Off","floor":14},{"not_picked":["Berserk","Juggernaut"],"picked":"Feed","floor":16},{"not_picked":["Flex","Clothesline"],"picked":"Second Wind","floor":22},{"not_picked":["Havoc","Headbutt"],"picked":"Fiend Fire","floor":23},{"not_picked":["Shrug It Off","True Grit"],"picked":"Warcry","floor":25},{"not_picked":["Anger","Wild Strike"],"picked":"Sword Boomerang","floor":28},{"not_picked":["Searing Blow+1","Berserk"],"picked":"Clash+1","floor":31},{"not_picked":["Berserk","Exhume"],"picked":"Immolate+1","floor":33},{"not_picked":["Battle Trance+1","Cleave+1"],"picked":"Heavy Blade+1","floor":35},{"not_picked":["Panacea","Deep Breath"],"picked":"Master of Strategy","floor":37},{"not_picked":["Purity","Transmutation"],"picked":"Apotheosis","floor":37},{"not_picked":["Jack Of All Trades","Trip"],"picked":"Madness","floor":37},{"not_picked":["Body Slam+1","Thunderclap+1"],"picked":"Dropkick+1","floor":39},{"not_picked":["Wild Strike+1","Anger+1"],"picked":"Impervious","floor":41},{"not_picked":["Warcry+1","Inflame"],"picked":"Iron Wave+1","floor":47},{"not_picked":["Armaments","Dual Wield"],"picked":"Iron Wave+1","floor":55}],"player_experience":1452037,"relics_obtained":[{"floor":7,"key":"Omamori"},{"floor":9,"key":"Bag of Preparation"},{"floor":12,"key":"Juzu Bracelet"},{"floor":19,"key":"Necronomicon"},{"floor":23,"key":"TungstenRod"},{"floor":25,"key":"Bird Faced Urn"},{"floor":26,"key":"Ancient Tea Set"},{"floor":31,"key":"Molten Egg 2"},{"floor":41,"key":"Lantern"},{"floor":47,"key":"HornCleat"},{"floor":55,"key":"Eternal Feather"}],"event_choices":[{"damage_healed":0,"gold_gain":0,"cards_transformed":["Strike_R"],"player_choice":"Change","damage_taken":0,"max_hp_gain":0,"max_hp_loss":0,"event_name":"Living Wall","floor":11,"gold_loss":0,"cards_obtained":["Anger"]},{"damage_healed":0,"gold_gain":0,"player_choice":"Obtained Book","damage_taken":21,"max_hp_gain":0,"max_hp_loss":0,"event_name":"Cursed Tome","floor":19,"gold_loss":0},{"damage_healed":0,"gold_gain":0,"player_choice":"Opened","damage_taken":0,"relics_obtained":["The Courier"],"max_hp_gain":0,"max_hp_loss":0,"event_name":"The Mausoleum","floor":21,"gold_loss":0,"cards_obtained":["Writhe"]},{"cards_removed":["Strike_R"],"damage_healed":0,"gold_gain":0,"player_choice":"Gave Gold","damage_taken":0,"max_hp_gain":0,"max_hp_loss":0,"event_name":"Beggar","floor":29,"gold_loss":75},{"damage_healed":0,"gold_gain":0,"player_choice":"Ignored","damage_taken":0,"max_hp_gain":0,"max_hp_loss":0,"event_name":"Tomb of Lord Red Mask","floor":36,"gold_loss":0},{"damage_healed":0,"gold_gain":0,"player_choice":"Memory 3","damage_taken":10,"max_hp_gain":0,"max_hp_loss":0,"event_name":"SensoryStone","floor":37,"gold_loss":0},{"damage_healed":0,"gold_gain":0,"player_choice":"0 cards matched","damage_taken":0,"max_hp_gain":0,"max_hp_loss":0,"event_name":"Match and Keep!","floor":42,"gold_loss":0,"cards_obtained":[]},{"damage_healed":0,"gold_gain":0,"player_choice":"Max HP","damage_taken":0,"max_hp_gain":0,"max_hp_loss":6,"event_name":"Winding Halls","floor":48,"gold_loss":0}],"is_beta":false,"boss_relics":[{"not_picked":["Coffee Dripper","Tiny House"],"picked":"SlaversCollar"},{"not_picked":["Cursed Key","Runic Dome"],"picked":"Runic Pyramid"}],"items_purged_floors":[20],"is_endless":false,"potions_floor_spawned":[1,4,14,16,22,28,33,39,47],"killed_by":"The Heart","ascension_level":20}}