{"host":"qm4rv4rkpk76sbxu","time":1613063405,"event":{"mods":["BaseMod","Bestiary","Block Reminder","DeckTracker","Filter the Spire","Keyboard Shortcuts","Minty Spire (QoL Compilation)","MonsterHotkey","Quick Restart","Random Character Button","Relic Stats","Slay-I","StSLib","Unceasing Turn Reminder","ojb\u0027s Better Paths Mod","ojb\u0027s Info Mod"],"gold_per_floor":[111,130,130,130,130,174,174,209,209,227,246,246,69,108,108,237,237,256,275,275,275,275,275,319,339,339,377,390,434,434,473,473,594,594,618,618,638,638,654,690,690,711,738,773,793,826,839,857,857,857,857,857,65,103,103],"floor_reached":56,"language":"ENG","playtime":14129,"items_purged":["All Out Attack+1"],"score":1758,"play_id":"cf43e6bb-f040-46f6-b086-e9f083b4085a","local_time":"20210211181005","is_ascension_mode":true,"campfire_choices":[{"data":"All Out Attack","floor":7.0,"key":"SMITH"},{"data":"Corpse Explosion","floor":15.0,"key":"SMITH"},{"data":"Ghostly","floor":23.0,"key":"SMITH"},{"data":"Concentrate","floor":30.0,"key":"SMITH"},{"data":"Ghostly","floor":32.0,"key":"SMITH"},{"data":"Ghostly","floor":41.0,"key":"SMITH"},{"floor":49.0,"key":"RECALL"},{"data":"After Image","floor":52.0,"key":"SMITH"}],"circlet_count":0,"master_deck":["Strike_G","Strike_G+1","Strike_G","Strike_G","Strike_G","Defend_G","Defend_G+1","Defend_G","Defend_G","Defend_G","Survivor","Neutralize","Deadly Poison","Slice","Corpse Explosion+1","Slice","Cloak And Dagger","Footwork","Malaise","Catalyst+1","Deflect+1","Ghostly+1","Ghostly+1","Ghostly","Ghostly","Ghostly+1","Blur","Finisher","Concentrate+1","Adrenaline","Backflip","Melter","Calculated Gamble+1","Backflip+1","After Image+1","Catalyst+1","Night Terror","Well Laid Plans","Acrobatics"],"relics":["Ring of the Snake","Golden Idol","Kunai","Gambling Chip","Ancient Tea Set","Matryoshka","Toy Ornithopter","Omamori","Coffee Dripper","Nilry\u0027s Codex","Red Mask","Ninja Scroll","Smiling Mask","Oddly Smooth Stone","Pen Nib","Sundial","WristBlade","Paper Crane","Art of War","Boot","Mummified Hand","ClockworkSouvenir","Centennial Puzzle","Bottled Lightning"],"acts_visited":["Exordium","TheCity","TheBeyond","TheEnding"],"potions_floor_usage":[55,55,55],"damage_taken":[{"damage":3.0,"enemies":"Cultist","floor":1.0,"turns":5.0},{"damage":0.0,"enemies":"2 Louse","floor":2.0,"turns":3.0},{"damage":18.0,"enemies":"3 Sentries","floor":6.0,"turns":7.0},{"damage":0.0,"enemies":"Gremlin Nob","floor":8.0,"turns":3.0},{"damage":0.0,"enemies":"Small Slimes","floor":10.0,"turns":2.0},{"damage":0.0,"enemies":"3 Louse","floor":11.0,"turns":1.0},{"damage":13.0,"enemies":"3 Sentries","floor":14.0,"turns":3.0},{"damage":25.0,"enemies":"Hexaghost","floor":16.0,"turns":8.0},{"damage":5.0,"enemies":"Shell Parasite","floor":18.0,"turns":5.0},{"damage":0.0,"enemies":"3 Byrds","floor":19.0,"turns":1.0},{"damage":0.0,"enemies":"Masked Bandits","floor":24.0,"turns":2.0},{"damage":0.0,"enemies":"Snake Plant","floor":25.0,"turns":4.0},{"damage":0.0,"enemies":"Gremlin Leader","floor":27.0,"turns":5.0},{"damage":4.0,"enemies":"Sentry and Sphere","floor":28.0,"turns":4.0},{"damage":2.0,"enemies":"Book of Stabbing","floor":29.0,"turns":6.0},{"damage":0.0,"enemies":"Slavers","floor":31.0,"turns":6.0},{"damage":10.0,"enemies":"Collector","floor":33.0,"turns":7.0},{"damage":1.0,"enemies":"3 Darklings","floor":35.0,"turns":5.0},{"damage":0.0,"enemies":"3 Shapes","floor":37.0,"turns":1.0},{"damage":1.0,"enemies":"Spire Growth","floor":39.0,"turns":5.0},{"damage":13.0,"enemies":"Nemesis","floor":40.0,"turns":7.0},{"damage":0.0,"enemies":"3 Darklings","floor":42.0,"turns":4.0},{"damage":6.0,"enemies":"Giant Head","floor":44.0,"turns":11.0},{"damage":0.0,"enemies":"Transient","floor":45.0,"turns":5.0},{"damage":2.0,"enemies":"Nemesis","floor":46.0,"turns":9.0},{"damage":2.0,"enemies":"Jaw Worm Horde","floor":47.0,"turns":2.0},{"damage":0.0,"enemies":"3 Darklings","floor":48.0,"turns":4.0},{"damage":0.0,"enemies":"Time Eater","floor":50.0,"turns":12.0},{"damage":0,"enemies":"Shield and Spear","floor":54,"turns":5},{"damage":0,"enemies":"The Heart","floor":55,"turns":5}],"seed_played":"7775845532836988449","potions_obtained":[{"floor":1.0,"key":"Explosive Potion"},{"floor":8.0,"key":"SpeedPotion"},{"floor":10.0,"key":"Swift Potion"},{"floor":24.0,"key":"Energy Potion"},{"floor":29.0,"key":"LiquidMemories"},{"floor":33.0,"key":"DuplicationPotion"},{"floor":35.0,"key":"Ancient Potion"},{"floor":46.0,"key":"Block Potion"},{"floor":48.0,"key":"FearPotion"}],"is_trial":false,"path_per_floor":["M","M","?","?","?","E","R","E","T","M","M","?","$","E","R","B",null,"M","M","?","?","$","R","?","M","T","E","M","E","R","E","R","B",null,"M","?","M","?","M","E","R","M","T","E","M","E","M","M","R","B",null,"R","$","E","B",null],"character_chosen":"THE_SILENT","items_purchased":["Toy Ornithopter","Cloak And Dagger","Night Terror","GhostInAJar","ClockworkSouvenir","Centennial Puzzle","Poison Potion","Well Laid Plans","DistilledChaos"],"campfire_rested":0,"item_purchase_floors":[13,13,53,53,53,53,53,53,53],"current_hp_per_floor":[67,67,53,53,50,32,32,32,32,32,32,53,53,40,40,15,65,60,60,44,32,32,32,32,32,32,32,28,26,26,26,26,21,32,31,31,31,31,30,22,22,22,22,16,21,19,17,17,17,22,32,32,32,32,32],"gold":103,"neow_bonus":"ONE_RANDOM_RARE_CARD","is_daily":false,"chose_seed":false,"campfire_upgraded":7,"win_rate":0.0,"timestamp":1613063405,"path_taken":["M","M","?","?","?","E","R","E","T","M","M","?","?","E","R","BOSS","M","?","?","?","?","R","?","M","T","E","M","E","R","E","R","BOSS","M","?","M","?","M","E","R","M","T","E","M","E","?","M","R","BOSS","R","$","E","BOSS"],"items_purchased_type":["Relic","Card","Card","Potion","Relic","Relic","Potion","Card","Potion"],"build_version":"2020-12-22","purchased_purges":1,"victory":true,"max_hp_per_floor":[70,70,70,65,65,65,65,65,65,65,65,65,65,65,65,65,65,65,65,65,32,32,32,32,32,32,32,32,32,32,32,32,32,32,32,32,32,32,32,32,32,32,32,32,32,32,32,32,32,32,32,32,32,32,32],"relic_stats":{"counters":[30,147],"Golden Idol":237,"Pen Nib":[15],"Smiling Mask":25,"Boot":[4],"Centennial Puzzle":[0],"Sundial":[6],"Mummified Hand":[11],"Gambling Chip":[97],"Art of War":[23],"Kunai":[51],"obtain_stats":[{"Golden Idol":4,"Nilry\u0027s Codex":20,"Oddly Smooth Stone":27,"Pen Nib":29,"Omamori":14,"Paper Crane":40,"Ancient Tea Set":8,"Smiling Mask":26,"Boot":44,"ClockworkSouvenir":53,"Centennial Puzzle":53,"Matryoshka":9,"WristBlade":34,"Ninja Scroll":26,"Sundial":31,"Mummified Hand":46,"Gambling Chip":6,"Coffee Dripper":17,"Red Mask":24,"Art of War":43,"Kunai":5,"Bottled Lightning":54,"Toy Ornithopter":13,"Ring of the Snake":0},{"Golden Idol":2,"Nilry\u0027s Codex":10,"Oddly Smooth Stone":13,"Pen Nib":15,"Omamori":7,"Paper Crane":21,"Ancient Tea Set":4,"Smiling Mask":12,"Boot":23,"ClockworkSouvenir":28,"Centennial Puzzle":28,"Matryoshka":4,"WristBlade":17,"Ninja Scroll":12,"Sundial":16,"Mummified Hand":25,"Gambling Chip":3,"Coffee Dripper":8,"Red Mask":11,"Art of War":22,"Kunai":2,"Bottled Lightning":29,"Toy Ornithopter":6,"Ring of the Snake":0},{"Golden Idol":8,"Nilry\u0027s Codex":38,"Oddly Smooth Stone":49,"Pen Nib":59,"Omamori":24,"Paper Crane":90,"Ancient Tea Set":18,"Smiling Mask":44,"Boot":105,"ClockworkSouvenir":137,"Centennial Puzzle":137,"Matryoshka":18,"WristBlade":72,"Ninja Scroll":44,"Sundial":65,"Mummified Hand":119,"Gambling Chip":15,"Coffee Dripper":32,"Red Mask":40,"Art of War":94,"Kunai":8,"Bottled Lightning":142,"Toy Ornithopter":21,"Ring of the Snake":0}],"Toy Ornithopter":20,"Ring of the Snake":[60]},"card_choices":[{"not_picked":["Concentrate","Underhanded Strike"],"picked":"All Out Attack","floor":1.0},{"not_picked":["Escape Plan","Quick Slash"],"picked":"Deadly Poison","floor":2.0},{"not_picked":["Bane","Backflip"],"picked":"Slice","floor":6.0},{"not_picked":["Flechettes","Eviscerate"],"picked":"Corpse Explosion","floor":8.0},{"not_picked":["Calculated Gamble","Bane"],"picked":"Slice","floor":10.0},{"not_picked":["Quick Slash","Bouncing Flask","Choke"],"picked":"SKIP","floor":11.0},{"not_picked":["Dagger Throw","Dagger Spray"],"picked":"Footwork","floor":14.0},{"not_picked":["Glass Knife","Wraith Form v2"],"picked":"Malaise","floor":16.0},{"not_picked":["Eviscerate","Sucker Punch"],"picked":"Catalyst+1","floor":18.0},{"not_picked":["Deadly Poison","Acrobatics"],"picked":"Deflect+1","floor":19.0},{"not_picked":["Poisoned Stab+1","Bane"],"picked":"Blur","floor":24.0},{"not_picked":["Dodge and Roll","Concentrate"],"picked":"Finisher","floor":25.0},{"not_picked":["Infinite Blades+1","Deflect+1"],"picked":"Concentrate","floor":27.0},{"not_picked":["Dagger Throw","Escape Plan"],"picked":"Noxious Fumes","floor":28.0},{"not_picked":["Sucker Punch","Dodge and Roll","Dash+1"],"picked":"SKIP","floor":29.0},{"not_picked":["Eviscerate","Predator","Prepared"],"picked":"SKIP","floor":31.0},{"not_picked":["Grand Finale","Unload"],"picked":"Adrenaline","floor":33.0},{"not_picked":["Underhanded Strike","Deadly Poison+1"],"picked":"Backflip","floor":35.0},{"not_picked":["Poisoned Stab+1","Distraction+1","Dagger Throw"],"picked":"SKIP","floor":37.0},{"not_picked":["PiercingWail","Prepared","Dash+1"],"picked":"SKIP","floor":39.0},{"not_picked":["Dagger Throw+1","Heel Hook+1","Backstab"],"picked":"SKIP","floor":40.0},{"not_picked":["Backflip","Poisoned Stab+1"],"picked":"Calculated Gamble+1","floor":42.0},{"not_picked":["Bane+1","Blur+1"],"picked":"Backflip+1","floor":44.0},{"not_picked":["Sucker Punch","Quick Slash","Dagger Throw+1"],"picked":"SKIP","floor":45.0},{"not_picked":["Escape Plan","Malaise"],"picked":"After Image","floor":46.0},{"not_picked":["Skewer+1","Masterful Stab","Prepared"],"picked":"SKIP","floor":47.0},{"not_picked":["PiercingWail","Crippling Poison"],"picked":"Catalyst+1","floor":48.0},{"not_picked":["Infinite Blades","Tools of the Trade"],"picked":"Acrobatics","floor":54}],"player_experience":1530892,"relics_obtained":[{"floor":6.0,"key":"Gambling Chip"},{"floor":8.0,"key":"Ancient Tea Set"},{"floor":9.0,"key":"Matryoshka"},{"floor":14.0,"key":"Omamori"},{"floor":20.0,"key":"Nilry\u0027s Codex"},{"floor":24.0,"key":"Red Mask"},{"floor":26.0,"key":"Ninja Scroll"},{"floor":26.0,"key":"Smiling Mask"},{"floor":27.0,"key":"Oddly Smooth Stone"},{"floor":29.0,"key":"Pen Nib"},{"floor":31.0,"key":"Sundial"},{"floor":40.0,"key":"Paper Crane"},{"floor":43.0,"key":"Art of War"},{"floor":44.0,"key":"Boot"},{"floor":46.0,"key":"Mummified Hand"},{"floor":54,"key":"Bottled Lightning"}],"event_choices":[{"damage_healed":0.0,"max_hp_gain":0.0,"max_hp_loss":0.0,"gold_gain":0.0,"event_name":"Shining Light","player_choice":"Entered Light","floor":3.0,"gold_loss":0.0,"damage_taken":14.0,"cards_upgraded":["Strike_G","Defend_G"]},{"damage_healed":0.0,"max_hp_gain":0.0,"max_hp_loss":5.0,"gold_gain":0.0,"event_name":"Golden Idol","player_choice":"Lose Max HP","floor":4.0,"gold_loss":0.0,"damage_taken":0.0,"relics_obtained":["Golden Idol"]},{"damage_healed":0.0,"max_hp_gain":0.0,"max_hp_loss":0.0,"gold_gain":0.0,"event_name":"Scrap Ooze","player_choice":"Success","floor":5.0,"gold_loss":0.0,"damage_taken":3.0,"relics_obtained":["Kunai"]},{"damage_healed":21.0,"max_hp_gain":0.0,"max_hp_loss":0.0,"gold_gain":0.0,"event_name":"Big Fish","player_choice":"Banana","floor":12.0,"gold_loss":0.0,"damage_taken":0.0},{"damage_healed":0.0,"max_hp_gain":0.0,"max_hp_loss":0.0,"gold_gain":0.0,"event_name":"Cursed Tome","player_choice":"Obtained Book","floor":20.0,"gold_loss":0.0,"damage_taken":16.0},{"damage_healed":0.0,"max_hp_gain":0.0,"max_hp_loss":33.0,"gold_gain":0.0,"event_name":"Ghosts","player_choice":"Became a Ghost","floor":21.0,"gold_loss":0.0,"damage_taken":0.0,"cards_obtained":["Ghostly","Ghostly","Ghostly","Ghostly","Ghostly"]},{"damage_healed":0.0,"max_hp_gain":0.0,"max_hp_loss":0.0,"gold_gain":0.0,"event_name":"Masked Bandits","player_choice":"Fought Bandits","floor":24.0,"gold_loss":0.0,"damage_taken":0.0},{"cards_removed":["Noxious Fumes"],"damage_healed":0.0,"max_hp_gain":0.0,"max_hp_loss":0.0,"gold_gain":0.0,"event_name":"Falling","player_choice":"Removed Power","floor":36.0,"gold_loss":0.0,"damage_taken":0.0},{"cards_removed":["A Thousand Cuts"],"damage_healed":0.0,"max_hp_gain":0.0,"max_hp_loss":0.0,"gold_gain":0.0,"event_name":"NoteForYourself","player_choice":"Took Card","floor":38.0,"gold_loss":0.0,"damage_taken":0.0,"cards_obtained":["Melter"]}],"is_beta":false,"boss_relics":[{"not_picked":["Cursed Key","SacredBark"],"picked":"Coffee Dripper"},{"not_picked":["Velvet Choker","Fusion Hammer"],"picked":"WristBlade"}],"items_purged_floors":[53],"is_endless":false,"potions_floor_spawned":[1,8,10,16,24,25,29,31,33,35,37,39,46,48],"ascension_level":4}}