{"host":"rm0ctv8qd8mnbkg1","time":1613042115,"event":{"mods":["BaseMod","Beaked The Cultist","BetterRewards","Colored Map","DNKmod","Dark Map","Defuse TimeMaze Blight","Downfall","Friendly Minions","Halation","Hubris","Marisa????????","Minty Spire (QoL Compilation)","MostiFishMod","Permanent Neow","Quarter Circle Forward PUNCH!","RRrroohrrRGHHhhh!!","Rare Cards Sparkle","Relic Sorter","Reliquary","Replay The Spire","RumiaBox-????????","Shade Mod","Shop Mod","Spicy Shops","Spire Arcade","StS++","StSLib","The Construct","The Servant 0.9.4","TheVacant","Wandering Minibosses","??????REMEMod"],"gold_per_floor":[10000,10000,10000,10000,9341,9441,9441,8985,8985,9003,9014,9014,9014,9014,9014,9014,9029,9129,9129,9129,9162,9179,9296,9316,9310,9310,9310,9310,9310],"floor_reached":27,"language":"ENG","playtime":1021,"items_purged":[],"score":297,"play_id":"695543f8-4ece-4717-953e-42ae6296181e","local_time":"20210211111515","is_ascension_mode":false,"campfire_choices":[{"data":"sneckomod:Unknown","floor":1,"key":"SMITH"}],"circlet_count":0,"master_deck":["sneckomod:Strike","sneckomod:Defend","sneckomod:TailWhip","sneckomod:SnekBite","sneckomod:Unknown+1","sneckomod:Unknown","Night Terror+1","sneckomod:UnknownExhaust+1","sneckomod:UnknownStrike","sneckomod:Unknown1Cost+1","sneckomod:SnekBeam","sneckomod:Unknown1Cost+1","sneckomod:UnknownRareAttack","sneckomod:RainOfDice","Clumsy","Malaise","sneckomod:UnknownColorless","sneckomod:UnknownBlock","sneckomod:UnknownBoss","sneckomod:SnakeSap+1","sneckomod:GlitteringGambit+1","sneckomod:WideSting+1","Pummel+1","sneckomod:Unknown1Cost+1","sneckomod:UnknownDraw+1","sneckomod:UnknownUncommonPower","sneckomod:UnknownStrike","sneckomod:UnknownClassGUARDIAN","sneckomod:UnknownClassGREEN"],"relics":["sneckomod:SneckoSoul","REME_ComplimentaryCards","DaveBox","downfall:HeartsMalice","Durian","Guide Book","TheAbacus","GodSword6","Lantern","hubris:Icosahedron","m_SnakeBloodCore","Replay:Bottled Eggs","Prayer Wheel","reliquary:PurpleTingedLeaf","reliquary:Knoch","hubris:EvacipatedBox","Astrolabe","downfall:CloakOfManyFaces","CultistMask","FaceOfCleric","NlothsMask","GremlinMask","SsserpentHead","Replay:Wax Seal","halation:Thesaurus","Frozen Eye","ReplayFunnel"],"acts_visited":["Exordium","TheCity"],"potions_floor_usage":[25,25,25,25],"damage_taken":[{"damage":0,"enemies":"Cultist","floor":2,"turns":1},{"damage":0,"enemies":"Small Slimes","floor":4,"turns":1},{"damage":0,"enemies":"downfall:FleeingMerchant","floor":5,"turns":1},{"damage":2,"enemies":"downfall:FleeingMerchant","floor":8,"turns":6},{"damage":0,"enemies":"2 Louse","floor":10,"turns":2},{"damage":0,"enemies":"Lots of Slimes","floor":11,"turns":1},{"damage":0,"enemies":"Red Slaver","floor":17,"turns":1},{"damage":15,"enemies":"DF_ARCHETYPE_STREAMLINE","floor":18,"turns":5},{"damage":0,"enemies":"Shell Parasite","floor":21,"turns":3},{"damage":9,"enemies":"Shelled Parasite and Fungi","floor":22,"turns":2},{"damage":11,"enemies":"downfall:FaceTrader","floor":23,"turns":3},{"damage":2,"enemies":"Snake Plant","floor":24,"turns":2},{"damage":0,"enemies":"downfall:FleeingMerchant","floor":25,"turns":5},{"damage":0,"enemies":"3 Cultists","floor":27,"turns":1}],"seed_played":"-6798888119111156441","potions_obtained":[{"floor":10,"key":"sneckomod:DiceRollPotion"},{"floor":17,"key":"StSpp:ScatteredPotion"}],"is_trial":false,"path_per_floor":["R","M","?","M","$","?","T","$","?","M","M","?","R","PTL","PTL","$","M","B",null,"R","M","M","?","M","$","T","M"],"character_chosen":"THE_SNECKO","items_purchased":["sneckomod:Unknown1Cost","Durian","Guide Book","TheAbacus","sneckomod:Unknown1Cost","Lantern","sneckomod:UnknownRareAttack","Replay:Bottled Eggs","Prayer Wheel","reliquary:PurpleTingedLeaf","reliquary:Knoch","hubris:EvacipatedBox","Replay:Wax Seal","halation:Thesaurus","ReplayFunnel"],"campfire_rested":0,"item_purchase_floors":[5,5,5,5,8,8,8,16,16,16,16,16,25,25,25],"current_hp_per_floor":[1000,1000,1000,1000,1005,1005,1005,1003,1003,1011,1011,1011,1011,1011,1011,930,933,1001,1013,1013,1013,1007,1013,1017,1018,1018,1018,1018,1018],"gold":9310,"neow_bonus":"THREE_ENEMY_KILL","is_daily":false,"chose_seed":false,"campfire_upgraded":1,"win_rate":0.0,"timestamp":1613042115,"path_taken":["R","M","?","M","$","?","T","$","?","M","M","?","R","PTL","PTL","?","M","BOSS","R","M","M","?","M","$","T","M"],"items_purchased_type":["Card","Relic","Relic","Relic","Card","Relic","Card","Relic","Relic","Relic","Relic","Relic","Relic","Relic","Relic"],"build_version":"2020-12-22","purchased_purges":0,"victory":false,"max_hp_per_floor":[1000,1000,1000,1000,1005,1005,1005,1005,1005,1013,1013,1013,1013,1013,1013,1013,1013,1013,1013,1013,1013,1013,1013,1017,1018,1018,1018,1018,1018],"card_choices":[{"not_picked":["sneckomod:Nope","sneckomod:SnakeSap"],"picked":"sneckomod:UnknownExhaust","floor":2},{"not_picked":["sneckomod:Memorize","sneckomod:UnknownExhaust"],"picked":"sneckomod:UnknownStrike","floor":4},{"not_picked":["sneckomod:SnakeSap","sneckomod:SoulRoll"],"picked":"sneckomod:Unknown1Cost","floor":5},{"not_picked":["sneckomod:UnknownCommonSkill","sneckomod:QuickBite"],"picked":"sneckomod:SnekBeam","floor":8},{"not_picked":["sneckomod:Unknown1Cost","sneckomod:UnknownDexterity"],"picked":"sneckomod:RainOfDice","floor":10},{"not_picked":["sneckomod:WideSting","sneckomod:SerpentIdol"],"picked":"sneckomod:UnknownX","floor":11},{"not_picked":["sneckomod:Rotation","sneckomod:DiceBlock"],"picked":"sneckomod:UnknownColorless","floor":17},{"not_picked":["ReplayTheSpireMod:GoodbyeWorld","Perfected Strike"],"picked":"sneckomod:UnknownBlock","floor":17},{"not_picked":["Seek","Amplify"],"picked":"sneckomod:UnknownBoss","floor":18},{"not_picked":["sneckomod:DiceBoulder+1","sneckomod:DiceCrush"],"picked":"sneckomod:Unknown1Cost+1","floor":21},{"not_picked":["sneckomod:MixItUp","sneckomod:DiceCrush","sneckomod:IronFang"],"picked":"SKIP","floor":21},{"not_picked":["sneckomod:UnknownCommonSkill","sneckomod:WideSting"],"picked":"sneckomod:UnknownDraw+1","floor":22},{"not_picked":["sneckomod:UnknownDraw","sneckomod:UnknownCommonAttack+1"],"picked":"sneckomod:UnknownUncommonPower","floor":22},{"not_picked":["sneckomod:UnknownBlock","sneckomod:WideSting+1"],"picked":"sneckomod:UnknownStrike","floor":23},{"not_picked":["sneckomod:Rotation","sneckomod:UnknownCommonAttack+1"],"picked":"sneckomod:UnknownClassGUARDIAN","floor":24},{"not_picked":["sneckomod:UnknownBoss","sneckomod:IronFang","sneckomod:UnendingSupply"],"picked":"SKIP","floor":24},{"not_picked":["sneckomod:UnknownCommonAttack+1","sneckomod:DiceBlock"],"picked":"sneckomod:UnknownClassGREEN","floor":25}],"player_experience":344702,"relics_obtained":[{"floor":7,"key":"GodSword6"},{"floor":23,"key":"downfall:CloakOfManyFaces"}],"event_choices":[],"is_beta":false,"boss_relics":[{"not_picked":["EE1DDrone","hubris:TerracottaHorce","TimeKeys"],"picked":"Astrolabe"}],"items_purged_floors":[],"is_endless":false,"potions_floor_spawned":[10,17,18,21,24],"killed_by":"3 Cultists","ascension_level":0}}