{"host":"rantoq7h0pygex6x","time":1613019964,"event":{"mods":["AchievementEnabler","BaseMod","BetterRewards","Minty Spire (QoL Compilation)"],"gold_per_floor":[112,112,123,133,112,112,144,144,144,163,180,180,6,24,24,24,24],"floor_reached":16,"language":"ENG","playtime":730,"items_purged":["Defend_B"],"score":308,"play_id":"cacaf182-1b25-478f-aaec-30d80b0ba120","local_time":"20210211130604","is_ascension_mode":true,"campfire_choices":[{"data":"Zap","floor":6.0,"key":"SMITH"},{"data":"Defragment","floor":8.0,"key":"SMITH"},{"floor":12.0,"key":"REST"},{"floor":15,"key":"REST"}],"circlet_count":0,"master_deck":["AscendersBane","Strike_B","Strike_B","Strike_B","Strike_B","Defend_B","Defend_B","Defend_B","Zap+1","Dualcast","Conserve Battery","Lockon","Stack","Hologram","Darkness","Coolheaded","Storm","Defragment+1","Redo","Buffer"],"relics":["Cracked Core","Thread and Needle","Pen Nib","Vajra"],"acts_visited":["Exordium"],"potions_floor_usage":[],"damage_taken":[{"damage":0.0,"enemies":"Jaw Worm","floor":1.0,"turns":3.0},{"damage":0.0,"enemies":"Cultist","floor":3.0,"turns":3.0},{"damage":8.0,"enemies":"Small Slimes","floor":4.0,"turns":3.0},{"damage":0.0,"enemies":"Exordium Thugs","floor":5.0,"turns":4.0},{"damage":21.0,"enemies":"3 Sentries","floor":7.0,"turns":8.0},{"damage":0.0,"enemies":"2 Fungi Beasts","floor":10.0,"turns":3.0},{"damage":8.0,"enemies":"Exordium Wildlife","floor":11.0,"turns":4.0},{"damage":15,"enemies":"Exordium Thugs","floor":14,"turns":3},{"damage":41,"enemies":"Hexaghost","floor":16,"turns":11}],"seed_played":"7351221712550460544","potions_obtained":[{"floor":3.0,"key":"Block Potion"},{"floor":4.0,"key":"DuplicationPotion"},{"floor":5.0,"key":"Fire Potion"}],"is_trial":false,"path_per_floor":["M","?","M","M","M","R","E","R","T","M","M","R","$","M","R","B"],"character_chosen":"DEFECT","items_purchased":["Thread and Needle","Conserve Battery","Lockon","Buffer"],"campfire_rested":2,"item_purchase_floors":[0,0,0,13],"current_hp_per_floor":[46,46,46,38,38,38,17,17,17,17,9,30,30,15,36,0,0],"gold":24,"neow_bonus":"","is_daily":false,"chose_seed":false,"campfire_upgraded":2,"win_rate":0.0,"timestamp":1613019964,"path_taken":["M","?","M","M","M","R","E","R","T","?","M","R","?","M","R","BOSS"],"items_purchased_type":["Relic","Card","Card","Card"],"build_version":"2020-12-22","purchased_purges":1,"victory":false,"max_hp_per_floor":[71,71,71,71,71,71,71,71,71,71,71,71,71,71,71,71,71],"card_choices":[{"not_picked":["Streamline","Aggregate"],"picked":"Stack","floor":1.0},{"not_picked":["Leap","Compile Driver"],"picked":"Darkness","floor":3.0},{"not_picked":["Heatsinks","Rip and Tear"],"picked":"Coolheaded","floor":4.0},{"not_picked":["Compile Driver","FTL"],"picked":"Storm","floor":5.0},{"not_picked":["Meteor Strike","Redo"],"picked":"Defragment","floor":7.0},{"not_picked":["Loop","Leap"],"picked":"Redo","floor":10.0},{"not_picked":["Gash","Steam","Steam Power"],"picked":"SKIP","floor":11.0},{"not_picked":["Streamline","Recycle","Skim"],"picked":"SKIP","floor":14}],"player_experience":989203,"relics_obtained":[{"floor":7.0,"key":"Pen Nib"},{"floor":9.0,"key":"Vajra"}],"event_choices":[{"damage_healed":0.0,"max_hp_gain":0.0,"max_hp_loss":0.0,"gold_gain":0.0,"event_name":"Match and Keep!","player_choice":"1 cards matched","floor":2.0,"gold_loss":0.0,"damage_taken":0.0,"cards_obtained":["Hologram"]}],"is_beta":false,"boss_relics":[],"items_purged_floors":[0],"is_endless":false,"potions_floor_spawned":[3,4,5],"killed_by":"Hexaghost","ascension_level":20}}