{"host":"cy3pd5cut10e7v8y","time":1613006586,"event":{"mods":["AchievementEnabler","Act Like it!","BaseMod","Colored Map","Colored Powertips","Koishi","Minty Spire (QoL Compilation)","StSLib","The Animator","Waifu the Spire"],"gold_per_floor":[229,242,11,186,41,41,41,66,120,151,180,204,219,231,231,347,347,359,458,638,655,458,458,492,518,518,530,530,580,274,307,307,407,407,417,417,39,0,0,0,10,10,81,131,131,160,160,170,170,170,170,170,463,513,568,568,568,70,145,225,225,225,320,398,488,238,353,353,353,353],"floor_reached":69,"language":"ENG","playtime":6188,"items_purged":["Doubt","animator:Strike","animator:Strike","animator:Defend"],"score":1012,"play_id":"d2c425be-411d-4acc-a779-c848f1cbe5d7","local_time":"20210211022306","is_ascension_mode":false,"campfire_choices":[{"data":"animator:SilverFang","floor":6,"key":"SMITH"},{"floor":15,"key":"REST"},{"data":"animator:Nanami","floor":23,"key":"SMITH"},{"data":"animator:Biyorigo","floor":32,"key":"SMITH"},{"floor":40,"key":"RECALL"},{"data":"animator:Kaijin","floor":42,"key":"SMITH"},{"data":"animator:Emonzaemon","floor":45,"key":"SMITH"},{"data":"animator:Emonzaemon","floor":47,"key":"SMITH"},{"data":"animator:Shichika","floor":49,"key":"SMITH"},{"data":"animator:UneriGinkaku","floor":52,"key":"SMITH"},{"floor":62,"key":"REST"},{"floor":68,"key":"REST"}],"circlet_count":0,"master_deck":["animator:Defend_Katanagatari+1","animator:Defend+1","animator:Defend+1","animator:Emonzaemon+1","animator:SilverFang+1","animator:Sonic+1","animator:Lancer+1","animator:Emonzaemon+1","animator:Nanami+1","animator:PandorasActor+1","animator:ZankiKiguchi+1","animator:Biyorigo+1","animator:Shichika+1","animator:UneriGinkaku+1","animator:Kaijin+1","animator:Hakurou+1","animator:TsurugaMeisai+1","animator:Sonic+1","animator:UneriGinkaku+1","animator:Kuribayashi+1"],"relics":["animator:TheEruzaStone","animator:AncientMedallion"],"acts_visited":["Exordium","TheCity","TheBeyond","TheEnding","EYB:TheUnnamedReign"],"potions_floor_usage":[16,46,46,50,50,50,60,67,67,67,69],"damage_taken":[{"damage":0,"enemies":"Small Slimes","floor":1,"turns":3},{"damage":0,"enemies":"2 Louse","floor":2,"turns":2},{"damage":44,"enemies":"Gremlin Nob","floor":8,"turns":7},{"damage":1,"enemies":"Cultist","floor":10,"turns":3},{"damage":1,"enemies":"2 Fungi Beasts","floor":11,"turns":3},{"damage":0,"enemies":"Gremlin Gang","floor":13,"turns":6},{"damage":1,"enemies":"Blue Slaver","floor":14,"turns":2},{"damage":23,"enemies":"The Guardian","floor":16,"turns":10},{"damage":0,"enemies":"Spheric Guardian","floor":18,"turns":3},{"damage":4,"enemies":"Shell Parasite","floor":21,"turns":3},{"damage":3,"enemies":"animator:HornedBat","floor":24,"turns":6},{"damage":0,"enemies":"Chosen and Byrds","floor":27,"turns":4},{"damage":0,"enemies":"Book of Stabbing","floor":29,"turns":5},{"damage":0,"enemies":"animator:HornedBat","floor":31,"turns":5},{"damage":14,"enemies":"Champ","floor":33,"turns":11},{"damage":15,"enemies":"Orb Walker","floor":35,"turns":5},{"damage":2,"enemies":"3 Darklings","floor":41,"turns":5},{"damage":8,"enemies":"Mind Bloom Boss Battle","floor":44,"turns":6},{"damage":16,"enemies":"Giant Head","floor":46,"turns":8},{"damage":0,"enemies":"Transient","floor":48,"turns":5},{"damage":35,"enemies":"Donu and Deca","floor":50,"turns":8},{"damage":9,"enemies":"animator:UNNAMED_CULTIST_1","floor":54,"turns":9},{"damage":3,"enemies":"animator:UNNAMED_HAT","floor":55,"turns":12},{"damage":18,"enemies":"animator:TRIPLE_LAGAVULIN","floor":59,"turns":5},{"damage":16,"enemies":"animator:UNNAMED_CULTIST_2","floor":60,"turns":9},{"damage":24,"enemies":"animator:ULTIMATE_CUBE","floor":63,"turns":7},{"damage":53,"enemies":"animator:ULTIMATE_WISP","floor":67,"turns":8},{"damage":105,"enemies":"animator:TheUnnamed","floor":69,"turns":11}],"seed_played":"5180086874710727150","potions_obtained":[{"floor":10,"key":"SneckoOil"},{"floor":11,"key":"PowerPotion"},{"floor":14,"key":"SpeedPotion"},{"floor":29,"key":"Weak Potion"},{"floor":31,"key":"animator:FalseLifePotion"},{"floor":33,"key":"Weak Potion"},{"floor":44,"key":"AttackPotion"},{"floor":46,"key":"SpeedPotion"},{"floor":54,"key":"animator:FalseLifePotion"},{"floor":55,"key":"animator:FalseLifePotion"},{"floor":59,"key":"animator:FalseLifePotion"},{"floor":60,"key":"animator:FalseLifePotion"},{"floor":67,"key":"animator:FalseLifePotion"}],"is_trial":false,"path_per_floor":["M","M","$","?","$","R","?","E","T","M","M","T","M","M","R","B",null,"M","?","?","M","$","R","E","T","T","M","?","E","$","E","R","B",null,"M","?","$","?","T","R","M","R","T","?","R","E","R","M","R","B",null,"R","??","M","M","T","?","$","M","M","?","R","E","T","?","$","E","R","B"],"character_chosen":"THE_ANIMATOR","items_purchased":["animator:Sonic","Tiny Chest","animator:Lancer","CultistPotion","Membership Card","animator:Kaijin","Potion Belt","animator:BattleDrones","Ornamental Fan","Orrery","animator:AncientMedallion","animator:AncientMedallion","animator:AncientMedallion"],"campfire_rested":3,"item_purchase_floors":[3,3,5,22,30,30,30,37,37,37,58,58,66],"current_hp_per_floor":[66,66,66,66,66,66,66,22,22,21,20,20,23,24,44,23,67,68,68,43,41,56,56,55,55,55,57,57,59,68,68,68,54,68,53,53,70,70,70,70,68,68,68,62,70,54,63,67,70,35,70,70,98,89,90,90,98,98,80,80,30,59,55,55,55,55,30,59,0,0],"gold":353,"neow_bonus":"HUNDRED_GOLD","is_daily":false,"chose_seed":false,"campfire_upgraded":8,"win_rate":0.0,"timestamp":1613006586,"path_taken":["M","M","$","?","$","R","?","E","T","?","M","?","M","?","R","BOSS","M","?","?","M","$","R","E","?","T","M","?","E","$","E","R","BOSS","M","?","$","?","?","R","M","R","T","?","R","E","R","M","R","BOSS","R","??","M","M","T","?","$","M","M","?","R","E","T","?","$","E","R","BOSS"],"items_purchased_type":["Card","Relic","Card","Potion","Relic","Card","Relic","Relic","Relic","Relic","Relic","Relic","Relic"],"build_version":"2020-12-22","purchased_purges":4,"victory":false,"max_hp_per_floor":[66,66,66,66,66,66,66,66,66,66,66,66,67,67,67,67,67,68,68,68,68,68,68,68,68,68,68,68,68,68,68,68,68,68,68,68,70,70,70,70,70,70,70,70,70,70,70,70,70,70,70,70,98,98,98,98,98,98,98,98,98,98,98,98,98,98,98,98,98,98],"card_choices":[{"not_picked":["animator:Tyuule","animator:YaoHaDucy"],"picked":"animator:SilverFang","floor":1},{"not_picked":["animator:Demiurge","animator:Hitei","animator:SilverFang"],"picked":"SKIP","floor":2},{"not_picked":["animator:SilverFang","animator:Kuribayashi"],"picked":"animator:Emonzaemon","floor":8},{"not_picked":["animator:Emonzaemon","animator:Konayuki"],"picked":"animator:Nanami","floor":10},{"not_picked":["animator:RinTohsaka","animator:Geryuganshoop"],"picked":"animator:PandorasActor","floor":11},{"not_picked":["animator:SakuraMatou","animator:HiiragiShinya"],"picked":"animator:ZankiKiguchi","floor":13},{"not_picked":["animator:Ainz","animator:Souei","animator:Yuuichirou"],"picked":"SKIP","floor":14},{"not_picked":["animator:HigakiRinne","animator:Shizu"],"picked":"animator:Biyorigo","floor":16},{"not_picked":["animator:Hitei","animator:Togame"],"picked":"animator:Shichika","floor":18},{"not_picked":["animator:Shinoa","animator:Mitsuba","animator:YaoHaDucy"],"picked":"SKIP","floor":21},{"not_picked":["animator:Yuuichirou","animator:Tyuule","animator:Souei"],"picked":"SKIP","floor":24},{"not_picked":["animator:Ainz","animator:RoryMercury","animator:HiiragiShinya+1"],"picked":"SKIP","floor":27},{"not_picked":["animator:Emonzaemon","animator:Nanami"],"picked":"animator:UneriGinkaku","floor":29},{"not_picked":["animator:YaoHaDucy+1","animator:Demiurge","animator:PinaCoLada"],"picked":"SKIP","floor":31},{"not_picked":["animator:Tyuule","animator:UneriGinkaku+1"],"picked":"animator:Hakurou+1","floor":35},{"not_picked":["animator:Shalltear","animator:Mitsuba"],"picked":"animator:TsurugaMeisai","floor":37},{"not_picked":["animator:Tatsumaki+1","animator:Caster+1","animator:UneriGinkaku"],"picked":"SKIP","floor":41},{"not_picked":["animator:Cocytus+1","animator:Shinoa+1","animator:RoryMercury"],"picked":"SKIP","floor":48},{"not_picked":["animator:NarberalGamma","animator:Rider","animator:Evileye"],"picked":"SKIP","floor":54},{"not_picked":["animator:KrulTepes+1","animator:Mitsuba","animator:Cocytus"],"picked":"SKIP","floor":55},{"not_picked":["animator:Shinoa","animator:PinaCoLada"],"picked":"animator:Sonic","floor":59},{"not_picked":["animator:Entoma","animator:Shion+1","animator:Hitei"],"picked":"SKIP","floor":60},{"not_picked":["animator:Mitsuba","animator:RoryMercury"],"picked":"animator:UneriGinkaku+1","floor":63},{"not_picked":["animator:GazelDwargon","animator:KrulTepes"],"picked":"animator:Kuribayashi+1","floor":67}],"player_experience":186504,"relics_obtained":[{"floor":8,"key":"Gremlin Horn"},{"floor":9,"key":"Bronze Scales"},{"floor":12,"key":"Blood Vial"},{"floor":24,"key":"Omamori"},{"floor":25,"key":"Smiling Mask"},{"floor":26,"key":"CloakClasp"},{"floor":29,"key":"Ice Cream"},{"floor":31,"key":"Juzu Bracelet"},{"floor":43,"key":"Eternal Feather"},{"floor":44,"key":"Champion Belt"},{"floor":46,"key":"Blood Vial"},{"floor":46,"key":"Letter Opener"},{"floor":53,"key":"animator:TheEruzaStone"},{"floor":53,"key":"animator:AncientMedallion"},{"floor":56,"key":"animator:AncientMedallion"},{"floor":63,"key":"animator:AncientMedallion"},{"floor":64,"key":"animator:AncientMedallion"},{"floor":67,"key":"animator:AncientMedallion"}],"event_choices":[{"damage_healed":0,"gold_gain":175,"player_choice":"AGREE","damage_taken":0,"max_hp_gain":0,"max_hp_loss":0,"event_name":"Liars Game","floor":4,"gold_loss":0,"cards_obtained":["Doubt"]},{"cards_removed":["animator:Azekura"],"damage_healed":0,"gold_gain":0,"player_choice":"Gave Card","damage_taken":0,"relics_obtained":["MealTicket"],"max_hp_gain":0,"max_hp_loss":0,"event_name":"WeMeetAgain","floor":7,"gold_loss":0},{"damage_healed":0,"gold_gain":99,"player_choice":"Stole From Cult","damage_taken":0,"max_hp_gain":0,"max_hp_loss":0,"event_name":"Nest","floor":19,"gold_loss":0},{"damage_healed":0,"gold_gain":180,"player_choice":"GOLD GOLD POTION ","damage_taken":25,"max_hp_gain":0,"max_hp_loss":0,"event_name":"Knowing Skull","floor":20,"potions_obtained":["Energy Potion"],"gold_loss":0,"cards_obtained":[]},{"damage_healed":0,"gold_gain":0,"player_choice":"Memory 1","damage_taken":0,"max_hp_gain":0,"max_hp_loss":0,"event_name":"SensoryStone","floor":36,"gold_loss":0},{"damage_healed":0,"gold_gain":0,"player_choice":"Paid","damage_taken":0,"relics_obtained":["Red Mask"],"max_hp_gain":0,"max_hp_loss":0,"event_name":"Tomb of Lord Red Mask","floor":38,"gold_loss":39},{"damage_healed":0,"gold_gain":0,"player_choice":"Fight","damage_taken":0,"max_hp_gain":0,"max_hp_loss":0,"event_name":"MindBloom","floor":44,"gold_loss":0}],"is_beta":false,"boss_relics":[{"not_picked":["Cursed Key","Fusion Hammer"],"picked":"animator:VividPicture"},{"not_picked":["Pandora\u0027s Box","Astrolabe"],"picked":"Empty Cage"}],"items_purged_floors":[5,22,30,37],"is_endless":false,"potions_floor_spawned":[10,11,14,29,31,33,44,46,54,63,67],"killed_by":"animator:TheUnnamed","ascension_level":0}}