{"host":"vyiqbz5w606ur92t","time":1613007274,"event":{"mods":["BaseMod","Downfall","Minty Spire (QoL Compilation)","StSLib"],"gold_per_floor":[99,116,174,174,84,100,125,139,139,139,24,49,49,34,46,121,121,21,32,32,32,17,42,42,59,77,77,93,127,27,29,43,120,120,120,136,147,147,147,174,174,225,225,253,267,300,25,36,46,46],"floor_reached":51,"language":"ENG","playtime":7141,"items_purged":["Slimebound:Strike_Slimebound","Slimebound:Defend_Slimebound","Slimebound:Defend_Slimebound"],"score":1492,"play_id":"3297ca66-b60d-466c-8d2c-f5177bb2f1c3","local_time":"20210211013434","is_ascension_mode":true,"campfire_choices":[{"data":"Slimebound:GrowthPunch","floor":1,"key":"SMITH"},{"data":"Slimebound:Defend_Slimebound","floor":9,"key":"PURGE"},{"data":"Slimebound:Split","floor":13,"key":"PURGE"},{"data":"Slimebound:MinionMaster","floor":18,"key":"PURGE"},{"data":"Slimebound:HauntingLick","floor":27,"key":"SMITH"},{"data":"Slimebound:SamplingLick","floor":30,"key":"SMITH"},{"floor":35,"key":"RECALL"}],"circlet_count":0,"master_deck":["AscendersBane","Slimebound:Strike_Slimebound+1","Slimebound:Tackle+1","Slimebound:CorrosiveSpit+1","Slimebound:GrowthPunch+1","Slimebound:SplitMire","Slimebound:SplitSpecialist+1","Slimebound:GoopSpray","Slimebound:HauntingLick+1","Slimebound:SamplingLick+1","Slimebound:Recollect","Slimebound:RainOfGoop","Slimebound:ServeAndProtect","Slimebound:SamplingLick+1","Slimebound:FlameTackle+1","Slimebound:Dissolve","Slimebound:SlimeTap","Slimebound:DuplicatedForm","Slimebound:ComboTackle+1","Slimebound:FormOfPuddle+1","Slimebound:Replication+1"],"relics":["Slimebound:AbsorbEndCombat","Slimebound:ScrapOozeRelic","Juzu Bracelet","War Paint","Runic Pyramid","downfall:HeartBlessingBlue","Gremlin Horn","InkBottle","Singing Bowl","Anchor","downfall:HeartBlessingGreen","Blue Candle","Cursed Key","Whetstone","StoneCalendar","hexamod:CandleOfCauterizing","Peace Pipe","Medical Kit"],"acts_visited":["Exordium","TheCity","TheBeyond"],"potions_floor_usage":[23,23,43],"damage_taken":[{"damage":0,"enemies":"Small Slimes","floor":2,"turns":4},{"damage":47,"enemies":"Lagavulin Event","floor":3,"turns":7},{"damage":0,"enemies":"downfall:FleeingMerchant","floor":5,"turns":4},{"damage":0,"enemies":"Jaw Worm","floor":6,"turns":3},{"damage":1,"enemies":"2 Louse","floor":8,"turns":3},{"damage":0,"enemies":"downfall:FleeingMerchant","floor":11,"turns":4},{"damage":5,"enemies":"Lagavulin","floor":12,"turns":5},{"damage":5,"enemies":"downfall:FleeingMerchant","floor":14,"turns":4},{"damage":0,"enemies":"Blue Slaver","floor":15,"turns":3},{"damage":5,"enemies":"DF_ARCHETYPE_STREAMLINE","floor":16,"turns":8},{"damage":0,"enemies":"Shell Parasite","floor":19,"turns":4},{"damage":5,"enemies":"downfall:FleeingMerchant","floor":22,"turns":4},{"damage":17,"enemies":"Book of Stabbing","floor":23,"turns":6},{"damage":3,"enemies":"3 Cultists","floor":25,"turns":4},{"damage":17,"enemies":"Snecko","floor":26,"turns":6},{"damage":10,"enemies":"Snake Plant","floor":28,"turns":4},{"damage":0,"enemies":"Gremlin Leader","floor":29,"turns":5},{"damage":0,"enemies":"downfall:FleeingMerchant","floor":31,"turns":1},{"damage":3,"enemies":"Shelled Parasite and Fungi","floor":32,"turns":4},{"damage":0,"enemies":"SI_MIRROR_ARCHETYPE","floor":33,"turns":7},{"damage":20,"enemies":"3 Shapes","floor":36,"turns":3},{"damage":15,"enemies":"Orb Walker","floor":37,"turns":3},{"damage":15,"enemies":"Reptomancer","floor":40,"turns":5},{"damage":24,"enemies":"2 Orb Walkers","floor":42,"turns":5},{"damage":17,"enemies":"2 Orb Walkers","floor":43,"turns":3},{"damage":17,"enemies":"Giant Head","floor":44,"turns":6},{"damage":18,"enemies":"Maw","floor":45,"turns":5},{"damage":15,"enemies":"Nemesis","floor":46,"turns":5},{"damage":18,"enemies":"3 Darklings","floor":48,"turns":3},{"damage":15,"enemies":"Spire Growth","floor":49,"turns":3},{"damage":18,"enemies":"IC_BLOCK_ARCHETYPE","floor":50,"turns":9}],"seed_played":"-9046158171096898405","potions_obtained":[{"floor":3,"key":"Block Potion"},{"floor":6,"key":"LiquidBronze"},{"floor":16,"key":"Swift Potion"},{"floor":25,"key":"Weak Potion"},{"floor":28,"key":"GamblersBrew"},{"floor":43,"key":"Slimebound:SlimyTonguePotion"},{"floor":45,"key":"LiquidMemories"}],"is_trial":false,"path_per_floor":["R","M","?","?","$","M","T","M","R","T","$","E","R","$","M","B",null,"R","M","?","?","$","E","T","M","M","R","M","E","R","$","M","B",null,"R","M","M","?","?","E","T","?","?","E","M","E","$","M","M","B",null],"character_chosen":"SLIMEBOUND","items_purchased":["Slimebound:Dissolve","Slimebound:SlimeTap","Blue Candle","Medical Kit"],"campfire_rested":0,"item_purchase_floors":[31,31,31,47],"current_hp_per_floor":[53,55,16,16,24,28,28,31,31,31,35,38,38,41,47,50,57,67,69,69,69,68,59,59,64,57,57,53,61,61,61,68,73,73,73,72,75,75,75,77,77,74,79,79,83,85,85,87,87,84],"gold":46,"neow_bonus":"TRANSFORM_CARD","is_daily":false,"chose_seed":false,"campfire_upgraded":3,"win_rate":0.0,"timestamp":1613007274,"path_taken":["R","M","?","?","$","M","T","M","R","?","?","E","R","$","M","BOSS","R","M","?","?","$","E","T","M","M","R","M","E","R","$","M","BOSS","R","M","M","?","?","E","T","?","?","E","M","E","$","M","M","BOSS"],"items_purchased_type":["Card","Card","Relic","Relic"],"build_version":"2020-12-22","purchased_purges":3,"victory":true,"max_hp_per_floor":[59,59,59,59,59,59,59,59,59,59,59,59,59,59,59,59,59,69,69,69,69,69,69,69,69,71,71,71,71,71,71,73,73,73,73,75,75,75,75,77,77,79,79,81,83,85,85,87,87,87],"card_choices":[{"not_picked":["Slimebound:HauntingLick","Slimebound:SplitSpecialist"],"picked":"Slimebound:SplitMire","floor":2},{"not_picked":["Slimebound:SplitMire","Slimebound:SplitBruiser"],"picked":"Slimebound:SplitSpecialist","floor":3},{"not_picked":["Slimebound:CheckThePlaybook","Slimebound:SlimeSpikes"],"picked":"Slimebound:GoopSpray","floor":5},{"not_picked":["Slimebound:SplitLeeching","Slimebound:DisruptingSlam","Slimebound:GoopTackle"],"picked":"SKIP","floor":6},{"not_picked":["Slimebound:LeechEnergy","Slimebound:SplitAcid","Slimebound:SlimeSpikes"],"picked":"SKIP","floor":8},{"not_picked":["Slimebound:SlimeSpikes","Slimebound:CheckThePlaybook","Slimebound:ComboTackle"],"picked":"SKIP","floor":11},{"not_picked":["Slimebound:ItLooksTasty","Slimebound:LeechingTouch","Slimebound:RollThrough"],"picked":"SKIP","floor":12},{"not_picked":["Slimebound:TagTeam","Slimebound:Chomp"],"picked":"Slimebound:HauntingLick","floor":14},{"not_picked":["Slimebound:SplitBruiser","Slimebound:SplitAcid","Slimebound:LeechingTouch"],"picked":"SKIP","floor":15},{"not_picked":["Slimebound:Darklings","Slimebound:TagTeam"],"picked":"Slimebound:MinionMaster","floor":16},{"not_picked":["Slimebound:SamplingLick","Slimebound:DivideAndConquer","Slimebound:FinishingTackle"],"picked":"SKIP","floor":19},{"not_picked":["Slimebound:HauntingLick","Slimebound:Chomp+1"],"picked":"Slimebound:SamplingLick","floor":22},{"not_picked":["Slimebound:HauntingLick","Slimebound:Equalize"],"picked":"Slimebound:Recollect","floor":23},{"not_picked":["Slimebound:SlimeBrawl","Slimebound:LevelUp"],"picked":"Slimebound:RainOfGoop","floor":25},{"not_picked":["Slimebound:ForwardTackle","Slimebound:LeechEnergy","Slimebound:RollThrough"],"picked":"Singing Bowl","floor":26},{"not_picked":["Slimebound:Chomp","Slimebound:SplitLeeching"],"picked":"Slimebound:ServeAndProtect","floor":28},{"not_picked":["Slimebound:SlimeSpikes","Slimebound:SlimeTap"],"picked":"Slimebound:SamplingLick+1","floor":29},{"not_picked":["Slimebound:LeechEnergy","Slimebound:Chomp"],"picked":"Slimebound:FlameTackle+1","floor":31},{"not_picked":["Slimebound:LivingWall","Slimebound:FinishingTackle","Slimebound:PressTheAttack"],"picked":"Singing Bowl","floor":32},{"not_picked":["Slimebound:FirmFortitude","Slimebound:Overexert"],"picked":"Slimebound:DuplicatedForm","floor":33},{"not_picked":["Slimebound:SamplingLick","Slimebound:ServeAndProtect+1","Slimebound:SlimeSpikes"],"picked":"Singing Bowl","floor":36},{"not_picked":["Slimebound:LivingWall","Slimebound:GoopTackle"],"picked":"Slimebound:ComboTackle+1","floor":37},{"not_picked":["Slimebound:RainOfGoop","Slimebound:TongueLash","Slimebound:SplitAcid+1"],"picked":"Singing Bowl","floor":40},{"not_picked":["Slimebound:HauntingLick","Slimebound:SamplingLick","Slimebound:LeechingTouch"],"picked":"Singing Bowl","floor":42},{"not_picked":["Slimebound:LeechingTouch","Slimebound:ViciousTackle"],"picked":"Slimebound:FormOfPuddle+1","floor":43},{"not_picked":["Slimebound:Repurpose+1","Slimebound:RollThrough","Slimebound:FinishingTackle"],"picked":"Singing Bowl","floor":44},{"not_picked":["Slimebound:SlimeTap","Slimebound:SplitBruiser","Slimebound:LeadByExample"],"picked":"Singing Bowl","floor":45},{"not_picked":["Slimebound:Gluttony","Slimebound:LeechEnergy","Slimebound:ForwardTackle+1"],"picked":"Singing Bowl","floor":46},{"not_picked":["Slimebound:SplitMire+1","Slimebound:ForwardTackle","Slimebound:OozeBath"],"picked":"Singing Bowl","floor":48},{"not_picked":["Slimebound:FinishingTackle","Slimebound:ComboTackle+1"],"picked":"Slimebound:Replication+1","floor":49}],"player_experience":1726094,"relics_obtained":[{"floor":3,"key":"Ancient Tea Set"},{"floor":7,"key":"Juzu Bracelet"},{"floor":12,"key":"War Paint"},{"floor":23,"key":"InkBottle"},{"floor":24,"key":"Singing Bowl"},{"floor":29,"key":"Anchor"},{"floor":40,"key":"Whetstone"},{"floor":42,"key":"StoneCalendar"},{"floor":44,"key":"hexamod:CandleOfCauterizing"},{"floor":46,"key":"Peace Pipe"}],"event_choices":[{"damage_healed":0,"gold_gain":0,"player_choice":"Fight","damage_taken":0,"max_hp_gain":0,"max_hp_loss":0,"event_name":"Mysterious Sphere","floor":42,"gold_loss":0}],"is_beta":false,"boss_relics":[{"not_picked":["Philosopher\u0027s Stone","SlaversCollar"],"picked":"Runic Pyramid"},{"not_picked":["Pandora\u0027s Box","sneckomod:SneckoTalon"],"picked":"Cursed Key"}],"items_purged_floors":[5,11,47],"is_endless":false,"potions_floor_spawned":[3,6,15,16,25,28,32,43,45,46,49],"ascension_level":14}}