{"host":"ac6e1xz8pi3qqstb","time":1613030351,"event":{"mods":["BaseMod","Downfall","Minty Spire (QoL Compilation)","MostiFishMod","StSLib"],"gold_per_floor":[99,118,131,131,151,166,193,225,107,117,148,17,29,29,42,42,42,42],"floor_reached":16,"language":"ZHS","playtime":794,"items_purged":[],"score":114,"play_id":"7d6e38a8-e8e3-4508-95dd-772d1dd5837d","local_time":"20210211155911","is_ascension_mode":false,"campfire_choices":[{"data":"bronze:Replicate","floor":1,"key":"SMITH"}],"circlet_count":0,"master_deck":["bronze:Strike","bronze:Strike","bronze:Strike","bronze:Strike","bronze:Defend","bronze:Defend","bronze:Defend","bronze:Defend","bronze:Replicate+1","bronze:Goto","bronze:FineTuning","bronze:CloningBeam","bronze:BugBarrage","bronze:Iterate","bronze:WhirlingStrike","bronze:SpaghettiCode","bronze:DelayedSlice","bronze:Iterate","bronze:CutThrough","bronze:Backtrace","bronze:Deprecate","bronze:Boost","bronze:ChosenStrike","bronze:Overload","bronze:SpaghettiCode","bronze:Frontload"],"relics":["bronze:BronzeCore","DaveBox","CombinedTypeHook","Centennial Puzzle","Pen Nib","HollowDreamFlower"],"acts_visited":["Exordium"],"potions_floor_usage":[16,16,16],"damage_taken":[{"damage":5,"enemies":"Small Slimes","floor":2,"turns":3},{"damage":1,"enemies":"Cultist","floor":3,"turns":4},{"damage":6,"enemies":"Jaw Worm","floor":5,"turns":2},{"damage":7,"enemies":"3 Louse","floor":6,"turns":2},{"damage":10,"enemies":"Gremlin Nob","floor":8,"turns":3},{"damage":0,"enemies":"downfall:FleeingMerchant","floor":9,"turns":4},{"damage":2,"enemies":"Blue Slaver","floor":10,"turns":3},{"damage":9,"enemies":"3 Sentries","floor":11,"turns":2},{"damage":5,"enemies":"downfall:FleeingMerchant","floor":12,"turns":4},{"damage":12,"enemies":"Large Slime","floor":13,"turns":3},{"damage":22,"enemies":"Blue Slaver","floor":15,"turns":3},{"damage":24,"enemies":"IC_STATUS_ARCHETYPE","floor":16,"turns":4}],"seed_played":"-4806059171636207177","potions_obtained":[{"floor":4,"key":"Weak Potion"},{"floor":4,"key":"SkillPotion"},{"floor":4,"key":"CultistPotion"}],"is_trial":false,"path_per_floor":["R","M","M","?","M","M","T","E","$","M","E","$","M","?","M","B"],"character_chosen":"THE_AUTOMATON","items_purchased":["bronze:DelayedSlice","bronze:Iterate","bronze:Boost","bronze:ChosenStrike"],"campfire_rested":0,"item_purchase_floors":[9,9,12,12],"current_hp_per_floor":[77,72,71,71,65,58,58,48,48,46,37,36,28,28,10,0,0,0],"gold":42,"neow_bonus":"TEN_PERCENT_HP_BONUS","is_daily":false,"chose_seed":false,"campfire_upgraded":1,"win_rate":0.0,"timestamp":1613030351,"path_taken":["R","M","M","?","?","M","T","E","?","?","E","$","M","?","M","BOSS"],"items_purchased_type":["Card","Card","Card","Card"],"build_version":"2020-12-22","purchased_purges":0,"victory":false,"max_hp_per_floor":[77,77,77,77,77,77,77,77,77,77,77,77,77,77,77,77,77,77],"card_choices":[{"not_picked":["bronze:BitShift","bronze:DarkDash"],"picked":"bronze:FineTuning","floor":2},{"not_picked":["bronze:DelayedGuard","bronze:OilSpill"],"picked":"bronze:CloningBeam","floor":3},{"not_picked":["bronze:OilSpill","bronze:BuggyMess"],"picked":"bronze:BugBarrage","floor":5},{"not_picked":["bronze:FineTuning","bronze:Invalidate"],"picked":"bronze:Iterate","floor":6},{"not_picked":["bronze:Turbo","bronze:Shell"],"picked":"bronze:WhirlingStrike","floor":8},{"not_picked":["bronze:Iterate","bronze:ForLoop"],"picked":"bronze:SpaghettiCode","floor":9},{"not_picked":["bronze:ItsAFeature","bronze:OilSpill"],"picked":"bronze:CutThrough","floor":10},{"not_picked":["bronze:CutThrough","bronze:OilSpill"],"picked":"bronze:Backtrace","floor":11},{"not_picked":["bronze:Frontload","bronze:BugBarrage"],"picked":"bronze:Deprecate","floor":12},{"not_picked":["bronze:Iterate","bronze:Branch"],"picked":"bronze:Overload","floor":13},{"not_picked":["bronze:WildBeam","bronze:CutThrough"],"picked":"bronze:Frontload","floor":15}],"player_experience":477059,"relics_obtained":[{"floor":7,"key":"Centennial Puzzle"},{"floor":8,"key":"Pen Nib"},{"floor":11,"key":"HollowDreamFlower"}],"event_choices":[{"damage_healed":0,"gold_gain":0,"player_choice":"Got Potions","damage_taken":0,"max_hp_gain":0,"max_hp_loss":0,"event_name":"Lab","floor":4,"gold_loss":0}],"is_beta":false,"boss_relics":[],"items_purged_floors":[],"is_endless":false,"potions_floor_spawned":[5,6,8,15],"killed_by":"IC_STATUS_ARCHETYPE","ascension_level":0}}