{"host":"7qdnj56gqvs5vt6s","time":1613055784,"event":{"mods":["BaseMod","Colored Map","Hermit","Hubris","Minty Spire (QoL Compilation)","Replay The Spire","StSLib","The Necromancer"],"gold_per_floor":[112,112,129,141,241,256,275,285,285,285,174,204,204,224,224,324,324,345,322,362,362,362,362,385,407,479,493,493,493,493],"floor_reached":29,"language":"ENG","playtime":2289,"items_purged":[],"score":229,"play_id":"93358861-4a31-4870-990b-1c05b437aaa9","local_time":"20210211070304","is_ascension_mode":false,"campfire_choices":[{"data":"hermit:Dive","floor":10,"key":"SMITH"},{"data":"hermit:Headshot","floor":13,"key":"SMITH"},{"floor":15,"key":"REST"},{"data":"hermit:Snapshot","floor":23,"key":"SMITH"}],"circlet_count":0,"master_deck":["hermit:Strike_Hermit","hermit:Strike_Hermit","hermit:Strike_Hermit","hermit:Strike_Hermit","hermit:Defend_Hermit","hermit:Defend_Hermit","hermit:Defend_Hermit","hermit:Defend_Hermit","hermit:Snapshot+1","hermit:Covet","hermit:BodyArmor","hermit:BodyArmor","Pain","hermit:GhostlyPresence","hermit:HoleUp","hermit:Scavenge","hermit:Dive+1","hermit:Dive","hermit:BodyArmor","Trip","hermit:Headshot+1","hermit:Quickdraw","hermit:BigShot","hermit:ItchyTrigger","hermit:TrackingShot+1","hermit:Headshot","hermit:Misfire+1","hermit:TrackingShot","hermit:TrackingShot","Strike_R"],"relics":["hermit:Momento","WarpedTongs","PreservedInsect","Peace Pipe","Velvet Choker","Red Mask","MutagenicStrength","hubris:BottledRain"],"acts_visited":["Exordium","TheCity"],"potions_floor_usage":[12,16,19,20,25,29],"damage_taken":[{"damage":1,"enemies":"Jaw Worm","floor":1,"turns":3},{"damage":0,"enemies":"Cultist","floor":3,"turns":4},{"damage":8,"enemies":"Small Slimes","floor":4,"turns":4},{"damage":1,"enemies":"3 Louse","floor":6,"turns":5},{"damage":1,"enemies":"Large Slime","floor":7,"turns":10},{"damage":14,"enemies":"Exordium Thugs","floor":8,"turns":8},{"damage":33,"enemies":"Gremlin Nob","floor":12,"turns":6},{"damage":0,"enemies":"Blue Slaver","floor":14,"turns":5},{"damage":25,"enemies":"Fading Forest","floor":16,"turns":11},{"damage":18,"enemies":"3 Byrds","floor":18,"turns":8},{"damage":4,"enemies":"2 Thieves","floor":19,"turns":5},{"damage":14,"enemies":"Masked Bandits","floor":20,"turns":5},{"damage":19,"enemies":"Cultist and Chosen","floor":24,"turns":9},{"damage":5,"enemies":"Centurion and Healer","floor":25,"turns":9},{"damage":10,"enemies":"Chosen and Byrds","floor":27,"turns":10},{"damage":17,"enemies":"Shelled Parasite and Fungi","floor":29,"turns":2}],"seed_played":"5730499819888027787","potions_obtained":[{"floor":1,"key":"SteroidPotion"},{"floor":3,"key":"Adrenaline Potion"},{"floor":14,"key":"AttackPotion"},{"floor":18,"key":"hermit:Eclipse"},{"floor":19,"key":"DuplicationPotion"},{"floor":24,"key":"Adrenaline Potion"}],"is_trial":false,"path_per_floor":["M","?","M","M","?","M","M","M","T","R","$","E","R","M","R","B",null,"M","M","?","?","?","R","M","M","T","M","?","M"],"character_chosen":"HERMIT","items_purchased":["hermit:BodyArmor","Trip"],"campfire_rested":1,"item_purchase_floors":[11,11],"current_hp_per_floor":[74,74,74,66,66,65,64,50,50,50,50,17,17,17,39,24,75,57,53,39,39,39,39,20,15,15,5,5,0,0],"gold":493,"neow_bonus":"THREE_CARDS","is_daily":false,"chose_seed":false,"campfire_upgraded":3,"win_rate":0.0,"timestamp":1613055784,"path_taken":["M","?","?","M","?","M","?","M","T","R","$","E","R","M","R","BOSS","M","?","?","?","?","R","M","M","T","M","?","?"],"items_purchased_type":["Card","Card"],"build_version":"2020-12-22","purchased_purges":0,"victory":false,"max_hp_per_floor":[75,75,75,75,75,75,75,75,75,75,75,75,75,75,75,75,75,75,75,75,75,75,75,75,75,75,75,75,75,75],"card_choices":[{"not_picked":["hermit:HighCaliber","hermit:Brawl"],"picked":"hermit:BodyArmor","floor":0},{"not_picked":["hermit:DeadMansHand","hermit:Manifest"],"picked":"hermit:BodyArmor","floor":1},{"not_picked":["hermit:Dive","hermit:Glare"],"picked":"hermit:GhostlyPresence","floor":3},{"not_picked":["hermit:Combo","hermit:Brawl"],"picked":"hermit:HoleUp","floor":4},{"not_picked":["hermit:Manifest","hermit:Misfire"],"picked":"hermit:Scavenge","floor":6},{"not_picked":["hermit:Vantage","hermit:Misfire"],"picked":"hermit:Dive","floor":7},{"not_picked":["hermit:Determination","hermit:LuckOfTheDraw"],"picked":"hermit:Dive","floor":8},{"not_picked":["hermit:Dissolve","hermit:Spite"],"picked":"hermit:Headshot","floor":12},{"not_picked":["hermit:Misfire","hermit:SprayPray"],"picked":"hermit:Quickdraw","floor":14},{"not_picked":["hermit:EternalForm","hermit:FatalDesire"],"picked":"hermit:HighNoon","floor":16},{"not_picked":["hermit:Misfire","hermit:Glare"],"picked":"hermit:BigShot","floor":18},{"not_picked":["hermit:FlashPowder","hermit:LoneWolf"],"picked":"hermit:ItchyTrigger","floor":19},{"not_picked":["hermit:Snipe","hermit:Dive+1"],"picked":"hermit:TrackingShot+1","floor":20},{"not_picked":["hermit:DeadMansHand","hermit:NoHoldsBarred"],"picked":"hermit:Misfire+1","floor":24},{"not_picked":["hermit:SprayPray+1","hermit:Gambit"],"picked":"hermit:TrackingShot","floor":25},{"not_picked":["hermit:SprayPray+1","hermit:Malice"],"picked":"hermit:TrackingShot","floor":27}],"player_experience":55255,"relics_obtained":[{"floor":9,"key":"PreservedInsect"},{"floor":12,"key":"Peace Pipe"},{"floor":20,"key":"Red Mask"},{"floor":26,"key":"hubris:BottledRain"}],"event_choices":[{"damage_healed":0,"gold_gain":0,"player_choice":"Rummage","damage_taken":0,"relics_obtained":["WarpedTongs"],"max_hp_gain":0,"max_hp_loss":0,"event_name":"Accursed Blacksmith","floor":2,"gold_loss":0,"cards_obtained":["Pain"]},{"damage_healed":0,"gold_gain":100,"player_choice":"Gold","damage_taken":0,"max_hp_gain":0,"max_hp_loss":0,"event_name":"Wheel of Change","floor":5,"gold_loss":0},{"damage_healed":0,"gold_gain":0,"player_choice":"Fought Bandits","damage_taken":0,"max_hp_gain":0,"max_hp_loss":0,"event_name":"Masked Bandits","floor":20,"gold_loss":0},{"damage_healed":0,"gold_gain":0,"player_choice":"Inject Mutagens","damage_taken":0,"relics_obtained":["MutagenicStrength"],"max_hp_gain":0,"max_hp_loss":0,"event_name":"Drug Dealer","floor":22,"gold_loss":0},{"cards_removed":["hermit:HighNoon"],"damage_healed":0,"gold_gain":0,"player_choice":"Took Card","damage_taken":0,"max_hp_gain":0,"max_hp_loss":0,"event_name":"NoteForYourself","floor":28,"gold_loss":0,"cards_obtained":["Strike_R"]}],"is_beta":false,"boss_relics":[{"not_picked":["hubris:Stopwatch","ReplayTheSpireMod:DimensionalGlitch"],"picked":"Velvet Choker"}],"items_purged_floors":[],"is_endless":false,"potions_floor_spawned":[1,3,14,18,19,24],"killed_by":"Shelled Parasite and Fungi","ascension_level":0}}