{"host":"51dweoxrcspgw6ri","time":1613077256,"event":{"mods":["BaseMod","Colored Map","Colored Powertips","Minty Spire (QoL Compilation)","Rare Cards Sparkle","Relic Stats","StSLib","SuperFastMode"],"gold_per_floor":[114,114,131,406,424,456,437,437,437],"floor_reached":8,"language":"ENG","playtime":145,"items_purged":[],"score":102,"play_id":"ce37b924-8cc4-4e57-95fc-e12b7fbd295e","local_time":"20210211220056","is_ascension_mode":true,"campfire_choices":[],"circlet_count":0,"master_deck":["AscendersBane","Strike_G","Strike_G","Strike_G","Strike_G","Strike_G","Defend_G","Defend_G","Defend_G","Defend_G","Defend_G","Survivor","Neutralize","Poisoned Stab","Regret","Quick Slash","Catalyst","Footwork"],"relics":["Ring of the Snake","NeowsBlessing","GremlinMask","White Beast Statue"],"acts_visited":["Exordium"],"potions_floor_usage":[6,6,8],"damage_taken":[{"damage":0.0,"enemies":"Jaw Worm","floor":1.0,"turns":1.0},{"damage":0.0,"enemies":"Cultist","floor":3.0,"turns":1.0},{"damage":0.0,"enemies":"Small Slimes","floor":5.0,"turns":1.0},{"damage":32,"enemies":"Lagavulin","floor":6,"turns":6},{"damage":13,"enemies":"Exordium Thugs","floor":7,"turns":4},{"damage":33,"enemies":"Gremlin Nob","floor":8,"turns":3}],"seed_played":"-8136257856822426608","potions_obtained":[{"floor":3.0,"key":"Fire Potion"},{"floor":5.0,"key":"PowerPotion"},{"floor":7,"key":"Swift Potion"}],"is_trial":false,"path_per_floor":["M","?","M","?","M","E","M","E"],"character_chosen":"THE_SILENT","items_purchased":[],"campfire_rested":0,"item_purchase_floors":[],"current_hp_per_floor":[59,59,59,59,59,27,14,0,0],"gold":437,"neow_bonus":"THREE_ENEMY_KILL","is_daily":false,"chose_seed":false,"campfire_upgraded":0,"win_rate":0.0,"timestamp":1613077256,"path_taken":["M","?","?","?","M","E","M","E"],"items_purchased_type":[],"build_version":"2020-12-22","purchased_purges":0,"victory":false,"max_hp_per_floor":[66,66,66,66,66,66,66,66,66],"relic_stats":{"counters":[6,16],"obtain_stats":[{"NeowsBlessing":0,"GremlinMask":2,"White Beast Statue":6,"Ring of the Snake":0},{"NeowsBlessing":0,"GremlinMask":1,"White Beast Statue":4,"Ring of the Snake":0},{"NeowsBlessing":0,"GremlinMask":1,"White Beast Statue":9,"Ring of the Snake":0}],"Ring of the Snake":[12]},"card_choices":[{"not_picked":["Cloak And Dagger","Tactician"],"picked":"Poisoned Stab","floor":1.0},{"not_picked":["Infinite Blades","Endless Agony","Slice"],"picked":"SKIP","floor":3.0},{"not_picked":["Quick Slash","Riddle With Holes","Masterful Stab"],"picked":"SKIP","floor":5.0},{"not_picked":["Riddle With Holes","Masterful Stab"],"picked":"Quick Slash","floor":5.0},{"not_picked":["Cloak And Dagger","Poisoned Stab"],"picked":"Catalyst","floor":6},{"not_picked":["Quick Slash","Prepared"],"picked":"Footwork","floor":7}],"player_experience":525672,"relics_obtained":[{"floor":6,"key":"White Beast Statue"}],"event_choices":[{"damage_healed":0.0,"max_hp_gain":0.0,"max_hp_loss":0.0,"gold_gain":0.0,"event_name":"FaceTrader","player_choice":"Trade","floor":2.0,"gold_loss":0.0,"damage_taken":0.0,"relics_obtained":["GremlinMask"]},{"damage_healed":0.0,"max_hp_gain":0.0,"max_hp_loss":0.0,"gold_gain":275.0,"event_name":"Golden Shrine","player_choice":"Desecrate","floor":4.0,"gold_loss":0.0,"damage_taken":0.0,"cards_obtained":["Regret"]}],"is_beta":false,"boss_relics":[],"items_purged_floors":[],"is_endless":false,"potions_floor_spawned":[3,5,7],"killed_by":"Gremlin Nob","ascension_level":15}}