{"host":"np4f5reu8f2vit8r","time":1613041859,"event":{"mods":["BaseMod","Bestiary","Curses Come First","Minty Spire (QoL Compilation)","Permanent Neow","Relic Stats","StSLib"],"gold_per_floor":[114,130,141,155,171,199,199,216,287,287,197,209,242,252,252,352,352,372,382,402,25,56,56,90,108,108,108,108],"floor_reached":27,"language":"ENG","playtime":1080,"items_purged":["Strike_R"],"score":274,"play_id":"fb02741f-5765-4bf7-818f-8d645d055682","local_time":"20210212001059","is_ascension_mode":false,"campfire_choices":[{"data":"Inflame","floor":7.0,"key":"SMITH"},{"data":"1","floor":15.0,"key":"LIFT"},{"data":"2","floor":23.0,"key":"LIFT"}],"circlet_count":0,"master_deck":["Strike_R","Strike_R","Defend_R","Defend_R","Defend_R","Bash","Inflame+1","Pummel","Cleave","Sword Boomerang","Anger","Feel No Pain","Metallicize","Power Through","Second Wind","Battle Trance","Reaper","Uppercut+1","True Grit+1","Dark Embrace+1","Warcry+1","Spot Weakness","Dropkick+1","Evolve+1","Barricade+1","Havoc+1","Flame Barrier","Combust+1"],"relics":["Philosopher\u0027s Stone","The Courier","Question Card","Girya","Astrolabe","Frozen Egg 2","Red Mask","Mango","Sundial"],"acts_visited":["Exordium","TheCity"],"potions_floor_usage":[27],"damage_taken":[{"damage":2.0,"enemies":"Jaw Worm","floor":1.0,"turns":3.0},{"damage":0.0,"enemies":"Cultist","floor":2.0,"turns":3.0},{"damage":3.0,"enemies":"2 Louse","floor":3.0,"turns":2.0},{"damage":7.0,"enemies":"Large Slime","floor":4.0,"turns":3.0},{"damage":4.0,"enemies":"Exordium Wildlife","floor":5.0,"turns":2.0},{"damage":0.0,"enemies":"3 Sentries","floor":6.0,"turns":5.0},{"damage":2.0,"enemies":"3 Louse","floor":8.0,"turns":2.0},{"damage":17.0,"enemies":"Exordium Thugs","floor":12.0,"turns":4.0},{"damage":11.0,"enemies":"Lagavulin","floor":13.0,"turns":5.0},{"damage":12.0,"enemies":"Large Slime","floor":14.0,"turns":4.0},{"damage":5.0,"enemies":"Hexaghost","floor":16.0,"turns":7.0},{"damage":0.0,"enemies":"Chosen","floor":18.0,"turns":4.0},{"damage":2.0,"enemies":"Spheric Guardian","floor":19.0,"turns":4.0},{"damage":0.0,"enemies":"Centurion and Healer","floor":20.0,"turns":6.0},{"damage":46.0,"enemies":"Masked Bandits","floor":22.0,"turns":5.0},{"damage":70.0,"enemies":"Slavers","floor":24.0,"turns":4.0},{"damage":16.0,"enemies":"3 Cultists","floor":25.0,"turns":5.0},{"damage":27,"enemies":"Book of Stabbing","floor":27,"turns":4}],"seed_played":"7887865920048328894","potions_obtained":[{"floor":1.0,"key":"Block Potion"},{"floor":4.0,"key":"SkillPotion"},{"floor":8.0,"key":"SmokeBomb"},{"floor":10.0,"key":"Regen Potion"},{"floor":10.0,"key":"Strength Potion"},{"floor":12.0,"key":"Swift Potion"},{"floor":18.0,"key":"Block Potion"}],"is_trial":false,"path_per_floor":["M","M","M","M","M","E","R","M","T","?","$","M","E","M","R","B",null,"M","M","M","$","?","R","E","M","T","E"],"character_chosen":"IRONCLAD","items_purchased":["Metallicize","Frozen Egg 2","Evolve+1","Barricade+1"],"campfire_rested":0,"item_purchase_floors":[11,21,21,21],"current_hp_per_floor":[78,78,75,68,64,64,64,62,62,62,62,45,34,22,22,17,80,80,78,78,78,50,50,21,23,23,0,0],"gold":108,"neow_bonus":"BOSS_RELIC","is_daily":false,"chose_seed":false,"campfire_upgraded":1,"win_rate":0.0,"timestamp":1613041859,"path_taken":["M","M","M","M","M","E","R","M","T","?","$","M","E","M","R","BOSS","M","?","M","$","?","R","E","M","T","E"],"items_purchased_type":["Card","Relic","Card","Card"],"build_version":"2020-12-22","purchased_purges":1,"victory":false,"max_hp_per_floor":[80,80,80,80,80,80,80,80,80,80,80,80,80,80,80,80,80,80,80,80,80,80,80,94,94,94,94,94],"relic_stats":{"counters":[18,72],"Sundial":[0],"Astrolabe":["Uppercut","True Grit","Dark Embrace"],"Question Card":10,"obtain_stats":[{"Girya":13,"Sundial":26,"Astrolabe":17,"Philosopher\u0027s Stone":0,"Mango":24,"The Courier":6,"Red Mask":22,"Frozen Egg 2":21,"Question Card":9,"Burning Blood":0},{"Girya":9,"Sundial":17,"Astrolabe":11,"Philosopher\u0027s Stone":0,"Mango":16,"The Courier":6,"Red Mask":15,"Frozen Egg 2":14,"Question Card":7,"Burning Blood":0},{"Girya":29,"Sundial":68,"Astrolabe":40,"Philosopher\u0027s Stone":0,"Mango":63,"The Courier":18,"Red Mask":59,"Frozen Egg 2":54,"Question Card":20,"Burning Blood":0}]},"card_choices":[{"not_picked":["Anger","Wild Strike"],"picked":"Inflame","floor":1.0},{"not_picked":["Headbutt","Shockwave"],"picked":"Pummel","floor":2.0},{"not_picked":["Reckless Charge","Iron Wave"],"picked":"Cleave","floor":3.0},{"not_picked":["Twin Strike","Perfected Strike"],"picked":"Sword Boomerang","floor":4.0},{"not_picked":["Heavy Blade","Thunderclap"],"picked":"Anger","floor":5.0},{"not_picked":["Dual Wield","Dark Embrace"],"picked":"Feel No Pain","floor":6.0},{"not_picked":["Clash","Cleave","Heavy Blade"],"picked":"SKIP","floor":8.0},{"not_picked":["Dropkick","Carnage","Body Slam"],"picked":"Power Through","floor":12.0},{"not_picked":["Thunderclap","Combust","Twin Strike"],"picked":"Second Wind","floor":13.0},{"not_picked":["Bludgeon","Iron Wave","Perfected Strike"],"picked":"Battle Trance","floor":14.0},{"not_picked":["Exhume","Impervious","Corruption"],"picked":"Reaper","floor":16.0},{"not_picked":["Sentinel+1","Clash+1","Thunderclap"],"picked":"Warcry+1","floor":18.0},{"not_picked":["Uppercut","Iron Wave+1","Thunderclap"],"picked":"Spot Weakness","floor":19.0},{"not_picked":["True Grit","Anger","Shrug It Off"],"picked":"Dropkick+1","floor":20.0},{"not_picked":["Pommel Strike","Intimidate","True Grit"],"picked":"Havoc+1","floor":22.0},{"not_picked":["Twin Strike","Havoc","Anger+1"],"picked":"Flame Barrier","floor":24.0},{"not_picked":["Rage","Havoc","Anger"],"picked":"Combust+1","floor":25.0}],"player_experience":949232,"relics_obtained":[{"floor":6.0,"key":"The Courier"},{"floor":9.0,"key":"Question Card"},{"floor":13.0,"key":"Girya"},{"floor":22.0,"key":"Red Mask"},{"floor":24.0,"key":"Mango"},{"floor":26.0,"key":"Sundial"}],"event_choices":[{"damage_healed":0.0,"max_hp_gain":0.0,"max_hp_loss":0.0,"gold_gain":0.0,"event_name":"Lab","player_choice":"Got Potions","floor":10.0,"gold_loss":0.0,"damage_taken":0.0},{"damage_healed":0.0,"max_hp_gain":0.0,"max_hp_loss":0.0,"gold_gain":0.0,"event_name":"Masked Bandits","player_choice":"Fought Bandits","floor":22.0,"gold_loss":0.0,"damage_taken":0.0}],"is_beta":false,"boss_relics":[{"not_picked":["Empty Cage","Ectoplasm"],"picked":"Astrolabe"}],"items_purged_floors":[11],"is_endless":false,"potions_floor_spawned":[1,4,8,12,14,18,20],"killed_by":"Book of Stabbing","ascension_level":0}}