{"host":"k6d6vy172g6ium25","time":1613058137,"event":{"mods":["Act Like it!","BaseMod","Bossed Relics","Custom Start","Downfall","Friendly Minions","Kiyohime????","Marisa????????","Minty Spire (QoL Compilation)","Prisma Mod","Rare Cards Sparkle","Relic Filter","StSLib","The Alterego","Transform Curses","Waifu the Spire","Wide Potions","Yakumo Yukari mod","Yohane!"],"gold_per_floor":[111,128,128,148,58,158,158,168,187,213,230,262,275,285,285,382,382,382,382],"floor_reached":17,"language":"ENG","playtime":1885,"items_purged":["hexamod:Defend"],"score":171,"play_id":"b398ab9b-ea23-45d4-a4c3-2b62cefcf2f1","local_time":"20210211164217","is_ascension_mode":false,"campfire_choices":[{"data":"1","floor":15,"key":"LIFT"}],"circlet_count":0,"master_deck":["hexamod:Strike+1","hexamod:Strike","hexamod:Strike","hexamod:Strike","hexamod:Defend","hexamod:Defend","hexamod:Defend","hexamod:Sear","hexamod:Float+1","hexamod:GhostflameBarrier","hexamod:InspiringFlames","hexamod:ShieldOfDarkness","hexamod:GhostOfSpireFuture","hexamod:SkipABeat","hexamod:ExtraCrispy","hexamod:CatchUp+1","hexamod:SixthSeal","hexamod:GhostOfSpireFuture","hexamod:SpectersWail","hexamod:GiftsFromTheDead"],"relics":["hexamod:SpiritBrand","Girya","Lantern","Tiny House"],"acts_visited":["Exordium","TheCity"],"potions_floor_usage":[11,12,16,16],"damage_taken":[{"damage":0,"enemies":"Small Slimes","floor":1,"turns":3},{"damage":1,"enemies":"Cultist","floor":2,"turns":3},{"damage":0,"enemies":"2 Louse","floor":4,"turns":3},{"damage":0,"enemies":"downfall:FleeingMerchant","floor":5,"turns":4},{"damage":0,"enemies":"Large Slime","floor":8,"turns":3},{"damage":4,"enemies":"Exordium Thugs","floor":9,"turns":7},{"damage":13,"enemies":"Lagavulin","floor":10,"turns":10},{"damage":6,"enemies":"3 Louse","floor":11,"turns":4},{"damage":6,"enemies":"3 Sentries","floor":12,"turns":8},{"damage":11,"enemies":"Lots of Slimes","floor":13,"turns":7},{"damage":2,"enemies":"Large Slime","floor":14,"turns":7},{"damage":13,"enemies":"WA_ARCHETYPE_RETAIN","floor":16,"turns":10}],"seed_played":"-1043743748659367795","potions_obtained":[{"floor":1,"key":"CultistPotion"},{"floor":8,"key":"SpeedPotion"},{"floor":11,"key":"Energy Potion"},{"floor":13,"key":"sneckomod:MuddlingPotion"},{"floor":14,"key":"champ:CounterPotion"}],"is_trial":false,"path_per_floor":["M","M","?","M","$","?","T","M","M","E","M","E","M","M","R","B",null],"character_chosen":"THE_SPIRIT","items_purchased":[],"campfire_rested":0,"item_purchase_floors":[],"current_hp_per_floor":[77,76,76,76,76,76,76,76,72,59,53,47,36,34,34,21,77,77,77],"gold":382,"neow_bonus":"TEN_PERCENT_HP_BONUS","is_daily":false,"chose_seed":false,"campfire_upgraded":0,"win_rate":0.0,"timestamp":1613058137,"path_taken":["M","M","?","M","?","?","T","M","M","E","M","E","M","M","R","BOSS"],"items_purchased_type":[],"build_version":"2020-12-22","purchased_purges":1,"victory":false,"max_hp_per_floor":[77,77,77,77,77,77,77,77,77,77,77,77,77,77,77,77,77,77,77],"card_choices":[{"not_picked":["hexamod:RainOfEmbers","hexamod:SuperheatedStrike","hexamod:BacktrackSmack"],"picked":"SKIP","floor":1},{"not_picked":["hexamod:HeatMetal","hexamod:FastForward"],"picked":"hexamod:GhostflameBarrier","floor":2},{"not_picked":["hexamod:GhostLash","hexamod:FastForward"],"picked":"hexamod:InspiringFlames","floor":4},{"not_picked":["hexamod:HeatCrush","hexamod:PhantomCloak"],"picked":"hexamod:ShieldOfDarkness","floor":5},{"not_picked":["hexamod:PhantomFireball","hexamod:InspiringFlames"],"picked":"hexamod:GhostOfSpireFuture","floor":8},{"not_picked":["hexamod:SuperheatedStrike","hexamod:BacktrackSmack"],"picked":"hexamod:SkipABeat","floor":9},{"not_picked":["hexamod:BurningTouch","hexamod:SuperheatedStrike"],"picked":"hexamod:ExtraCrispy","floor":10},{"not_picked":["hexamod:Rewind","hexamod:NecessarySacrifice"],"picked":"hexamod:CatchUp","floor":11},{"not_picked":["hexamod:BurningTouch","hexamod:FlamesFromBeyond"],"picked":"hexamod:SixthSeal","floor":12},{"not_picked":["hexamod:FastForward","hexamod:HauntingEcho"],"picked":"hexamod:GhostOfSpireFuture","floor":13},{"not_picked":["hexamod:NightmareStrike","hexamod:SuperheatedStrike"],"picked":"hexamod:SpectersWail","floor":14},{"not_picked":["hexamod:ForkedFlame","hexamod:ParanormalForm"],"picked":"hexamod:GiftsFromTheDead","floor":16}],"player_experience":91287,"relics_obtained":[{"floor":10,"key":"Girya"},{"floor":12,"key":"Lantern"}],"event_choices":[{"damage_healed":0,"gold_gain":0,"player_choice":"Ignored","damage_taken":0,"max_hp_gain":0,"max_hp_loss":0,"event_name":"NoteForYourself","floor":3,"gold_loss":0}],"is_beta":false,"boss_relics":[{"not_picked":["Ectoplasm","hexamod:UnbrokenSoul"],"picked":"Tiny House"}],"items_purged_floors":[5],"is_endless":false,"potions_floor_spawned":[1,8,10,11,13,14],"ascension_level":0}}