{"host":"pdq28s6637cpsst2","time":1613009289,"event":{"mods":["BaseMod","Colored Map","Highlight Path","Minty Spire (QoL Compilation)","Quick Restart"],"gold_per_floor":[118,128,141,141,161,161,161,64,64,94,119,219,219,254,254,359,359,373,373,373,392,392,392,392,417,471,471,561,589,589,149,149,149,149],"floor_reached":33,"language":"ENG","playtime":3418,"items_purged":["Defend_P"],"score":406,"play_id":"5542121e-a3a0-4c81-ab05-81ca50d2a6fc","local_time":"20210210210809","is_ascension_mode":true,"campfire_choices":[{"data":"Apotheosis","floor":6,"key":"SMITH"},{"data":"Strike_P","floor":13,"key":"PURGE"},{"data":"BattleHymn","floor":15,"key":"SMITH"},{"data":"Strike_P","floor":23,"key":"PURGE"},{"data":"Strike_P","floor":27,"key":"PURGE"},{"data":"Defend_P","floor":30,"key":"PURGE"},{"data":"Blasphemy","floor":32,"key":"SMITH"}],"circlet_count":0,"master_deck":["Defend_P+1","Defend_P","Eruption+1","Vigilance","Apotheosis+1","FlurryOfBlows","FlurryOfBlows","TalkToTheHand","Evaluate","FlurryOfBlows","BattleHymn+1","Blasphemy+1","DeceiveReality","ClearTheMind+1","Protect","MasterReality","FlyingSleeves+1","CutThroughFate+1","Evaluate"],"relics":["PureWater","Gambling Chip","Peace Pipe","Gremlin Horn","Molten Egg 2","SlaversCollar","Nunchaku","Bag of Marbles","Centennial Puzzle","Bottled Flame"],"acts_visited":["Exordium","TheCity"],"potions_floor_usage":[29,33,33],"damage_taken":[{"damage":0,"enemies":"2 Louse","floor":1,"turns":2},{"damage":0,"enemies":"Small Slimes","floor":2,"turns":3},{"damage":0,"enemies":"Cultist","floor":3,"turns":3},{"damage":9,"enemies":"3 Louse","floor":5,"turns":4},{"damage":0,"enemies":"3 Sentries","floor":11,"turns":5},{"damage":0,"enemies":"Gremlin Nob","floor":14,"turns":3},{"damage":7,"enemies":"The Guardian","floor":16,"turns":4},{"damage":13,"enemies":"2 Thieves","floor":18,"turns":4},{"damage":0,"enemies":"Chosen","floor":21,"turns":3},{"damage":0,"enemies":"Gremlin Leader","floor":25,"turns":4},{"damage":3,"enemies":"Book of Stabbing","floor":29,"turns":4},{"damage":100003,"enemies":"Automaton","floor":33,"turns":4}],"seed_played":"-4304926715984529982","potions_obtained":[{"floor":1,"key":"PowerPotion"},{"floor":2,"key":"SteroidPotion"},{"floor":25,"key":"BottledMiracle"}],"is_trial":false,"path_per_floor":["M","M","M","?","M","R","?","$","T","?","E","?","R","E","R","B",null,"M","?","?","M","?","R","T","E","T","R","?","E","R","$","R","B"],"character_chosen":"WATCHER","items_purchased":["FlurryOfBlows","BattleHymn","Bottled Flame","FlyingSleeves+1","CutThroughFate+1","Evaluate"],"campfire_rested":0,"item_purchase_floors":[8,8,31,31,31,31],"current_hp_per_floor":[65,65,65,52,43,43,43,43,43,43,43,43,43,43,43,36,65,52,52,52,52,52,52,52,52,52,52,40,37,37,37,37,0,0],"gold":149,"neow_bonus":"RANDOM_COLORLESS_2","is_daily":false,"chose_seed":false,"campfire_upgraded":3,"win_rate":0.0,"timestamp":1613009289,"path_taken":["M","M","M","?","M","R","?","$","T","?","E","?","R","E","R","BOSS","M","?","?","M","?","R","?","E","T","R","?","E","R","$","R","BOSS"],"items_purchased_type":["Card","Card","Relic","Card","Card","Card"],"build_version":"2020-12-22","purchased_purges":1,"victory":false,"max_hp_per_floor":[65,65,65,65,65,65,65,65,65,65,65,65,65,65,65,65,65,65,65,65,65,65,65,65,65,65,65,65,65,65,65,65,65,65],"card_choices":[{"not_picked":["Transmutation","Mayhem"],"picked":"Apotheosis","floor":0},{"not_picked":["Study","EmptyBody"],"picked":"FlurryOfBlows","floor":1},{"not_picked":["Weave","Protect"],"picked":"FlurryOfBlows","floor":2},{"not_picked":["Evaluate","FearNoEvil"],"picked":"TalkToTheHand","floor":3},{"not_picked":["Halt","CrushJoints"],"picked":"Evaluate","floor":5},{"not_picked":["Evaluate","Indignation"],"picked":"Blasphemy","floor":11},{"not_picked":["ThirdEye","PathToVictory"],"picked":"DeceiveReality","floor":14},{"not_picked":["Study","WindmillStrike+1"],"picked":"ClearTheMind+1","floor":18},{"not_picked":["Nirvana","Wallop+1"],"picked":"Protect","floor":21},{"not_picked":["Conclude+1","ClearTheMind+1","Evaluate+1"],"picked":"SKIP","floor":25},{"not_picked":["Fasting2","Protect"],"picked":"MasterReality","floor":29}],"player_experience":100580,"relics_obtained":[{"floor":9,"key":"Gambling Chip"},{"floor":11,"key":"Gremlin Horn"},{"floor":14,"key":"Molten Egg 2"},{"floor":25,"key":"Nunchaku"},{"floor":26,"key":"Bag of Marbles"},{"floor":29,"key":"Centennial Puzzle"}],"event_choices":[{"damage_healed":0,"gold_gain":0,"player_choice":"Entered Light","damage_taken":13,"max_hp_gain":0,"max_hp_loss":0,"event_name":"Shining Light","floor":4,"gold_loss":0,"cards_upgraded":["Eruption","Defend_P"]},{"damage_healed":0,"gold_gain":0,"player_choice":"Ignored","damage_taken":0,"max_hp_gain":0,"max_hp_loss":0,"event_name":"Liars Game","floor":7,"gold_loss":0},{"damage_healed":0,"gold_gain":30,"player_choice":"Searched \u00273\u0027 times","damage_taken":0,"relics_obtained":["Peace Pipe"],"max_hp_gain":0,"max_hp_loss":0,"event_name":"Dead Adventurer","floor":10,"gold_loss":0},{"damage_healed":0,"gold_gain":100,"player_choice":"Pray","damage_taken":0,"max_hp_gain":0,"max_hp_loss":0,"event_name":"Golden Shrine","floor":12,"gold_loss":0},{"damage_healed":0,"gold_gain":0,"player_choice":"Ignored","damage_taken":0,"max_hp_gain":0,"max_hp_loss":0,"event_name":"Ghosts","floor":19,"gold_loss":0},{"damage_healed":0,"gold_gain":0,"player_choice":"Ignored","damage_taken":0,"max_hp_gain":0,"max_hp_loss":0,"event_name":"Vampires","floor":20,"gold_loss":0},{"cards_removed":["Strike_P"],"damage_healed":0,"gold_gain":0,"player_choice":"Elegance","damage_taken":0,"max_hp_gain":0,"max_hp_loss":0,"event_name":"Back to Basics","floor":22,"gold_loss":0},{"damage_healed":0,"gold_gain":90,"player_choice":"GOLD ","damage_taken":12,"max_hp_gain":0,"max_hp_loss":0,"event_name":"Knowing Skull","floor":28,"potions_obtained":[],"gold_loss":0,"cards_obtained":[]}],"is_beta":false,"boss_relics":[{"not_picked":["Velvet Choker","Runic Pyramid"],"picked":"SlaversCollar"}],"items_purged_floors":[31],"is_endless":false,"potions_floor_spawned":[1,2,25],"killed_by":"Automaton","ascension_level":1}}