{"host":"8yg5xi2a6w9qkgsw","time":1613084803,"event":{"mods":["AchievementEnabler","BaseMod","Block Reminder","Colored Powertips","Minty Spire (QoL Compilation)","MonsterHotkey","Random Character Button","Relic Stats"],"gold_per_floor":[110,39,59,22,22,53,65,65,141,155,155,187,197,197,197,269,269,284,284,135,25,40,40,71,71,71,71,102,122,133,164,164,236,236,252,252,271,28,48,80,80,93,93,119,119,148,148,166,166,166,166,166,23,50,50],"floor_reached":56,"language":"ENG","playtime":12480,"items_purged":[],"score":2137,"play_id":"af5046bf-574a-410d-b216-fff263023c0b","local_time":"20210212000643","is_ascension_mode":true,"campfire_choices":[{"data":"Loop","floor":8.0,"key":"SMITH"},{"data":"Aggregate","floor":15.0,"key":"SMITH"},{"data":"Genetic Algorithm","floor":23.0,"key":"SMITH"},{"data":"Impatience","floor":25.0,"key":"SMITH"},{"data":"Turbo","floor":27.0,"key":"SMITH"},{"data":"Hologram","floor":32,"key":"SMITH"},{"data":"Rainbow","floor":41,"key":"SMITH"},{"floor":47,"key":"RECALL"},{"data":"Defragment","floor":49,"key":"SMITH"},{"data":"Go for the Eyes","floor":52,"key":"SMITH"}],"circlet_count":0,"master_deck":["AscendersBane","Defend_B","Defend_B","Zap","Dualcast","Rebound","Go for the Eyes+1","Gash","Loop+1","Streamline","Genetic Algorithm+1","Compile Driver","Aggregate+1","Machine Learning","BootSequence","Impatience+1","Turbo+1","Cold Snap","Leap+1","Conserve Battery","Hologram+1","Compile Driver","Seek","Rainbow+1","Force Field+1","FTL+1","Lockon+1","Turbo+1","Beam Cell","Defragment+1","Impatience+1","Coolheaded+1"],"relics":["Cracked Core","NeowsBlessing","Vajra","Kunai","White Beast Statue","Runic Pyramid","ClockworkSouvenir","Pear","Eternal Feather","StrikeDummy","Astrolabe","HornCleat","Gremlin Horn","Thread and Needle","InkBottle","Pen Nib","Medical Kit","Toy Ornithopter"],"acts_visited":["Exordium","TheCity","TheBeyond","TheEnding"],"potions_floor_usage":[28,29,31,33,39,46,55],"damage_taken":[{"damage":0.0,"enemies":"Cultist","floor":1.0,"turns":1.0},{"damage":0.0,"enemies":"2 Louse","floor":3.0,"turns":1.0},{"damage":0.0,"enemies":"Lagavulin","floor":6.0,"turns":1.0},{"damage":0.0,"enemies":"Small Slimes","floor":7.0,"turns":2.0},{"damage":0.0,"enemies":"Gremlin Gang","floor":10.0,"turns":3.0},{"damage":27.0,"enemies":"3 Sentries","floor":12.0,"turns":6.0},{"damage":3.0,"enemies":"2 Fungi Beasts","floor":13.0,"turns":3.0},{"damage":10.0,"enemies":"Slime Boss","floor":16.0,"turns":10.0},{"damage":8.0,"enemies":"3 Byrds","floor":18.0,"turns":6.0},{"damage":1.0,"enemies":"Spheric Guardian","floor":22.0,"turns":4.0},{"damage":6.0,"enemies":"Gremlin Leader","floor":24.0,"turns":9.0},{"damage":16,"enemies":"Book of Stabbing","floor":28,"turns":7},{"damage":0,"enemies":"Centurion and Healer","floor":29,"turns":6},{"damage":1,"enemies":"Chosen and Byrds","floor":30,"turns":6},{"damage":21,"enemies":"Slavers","floor":31,"turns":9},{"damage":4,"enemies":"Automaton","floor":33,"turns":14},{"damage":3,"enemies":"Orb Walker","floor":35,"turns":4},{"damage":0,"enemies":"3 Shapes","floor":37,"turns":6},{"damage":0,"enemies":"Transient","floor":39,"turns":5},{"damage":2,"enemies":"Giant Head","floor":40,"turns":7},{"damage":1,"enemies":"Maw","floor":42,"turns":7},{"damage":0,"enemies":"Nemesis","floor":44,"turns":5},{"damage":0,"enemies":"Reptomancer","floor":46,"turns":4},{"damage":0,"enemies":"Sphere and 2 Shapes","floor":48,"turns":4},{"damage":23,"enemies":"Donu and Deca","floor":50,"turns":10},{"damage":20,"enemies":"Shield and Spear","floor":54,"turns":6},{"damage":59,"enemies":"The Heart","floor":55,"turns":10}],"seed_played":"4003558437625450239","potions_obtained":[{"floor":1.0,"key":"Explosive Potion"},{"floor":12.0,"key":"SkillPotion"},{"floor":13.0,"key":"Dexterity Potion"},{"floor":16.0,"key":"FocusPotion"},{"floor":18.0,"key":"Explosive Potion"},{"floor":19.0,"key":"SpeedPotion"},{"floor":22.0,"key":"SneckoOil"},{"floor":24.0,"key":"BlessingOfTheForge"},{"floor":28,"key":"Ancient Potion"},{"floor":29,"key":"Dexterity Potion"},{"floor":31,"key":"EssenceOfSteel"},{"floor":33,"key":"SneckoOil"},{"floor":35,"key":"CultistPotion"},{"floor":39,"key":"Explosive Potion"},{"floor":40,"key":"SpeedPotion"},{"floor":42,"key":"FairyPotion"},{"floor":46,"key":"PotionOfCapacity"}],"is_trial":false,"path_per_floor":["M","$","M","$","?","E","M","R","T","M","?","E","M","?","R","B",null,"M","?","$","$","M","R","E","R","T","R","E","M","M","E","R","B",null,"M","?","M","$","M","E","R","M","T","E","?","E","R","M","R","B",null,"R","$","E","B",null],"character_chosen":"DEFECT","items_purchased":["Rebound","Go for the Eyes","Loop","ClockworkSouvenir","Impatience","Turbo","HornCleat","Medical Kit"],"campfire_rested":0,"item_purchase_floors":[2,2,4,20,21,21,38,53],"current_hp_per_floor":[64,64,64,64,69,69,69,69,69,69,62,35,32,32,32,22,63,55,55,55,55,54,54,58,58,58,58,42,42,41,20,35,31,72,69,69,69,69,69,67,82,81,81,81,81,81,86,86,86,63,80,86,86,66,12],"gold":50,"neow_bonus":"THREE_ENEMY_KILL","is_daily":false,"chose_seed":false,"campfire_upgraded":9,"win_rate":0.0,"timestamp":1613084803,"path_taken":["M","$","M","?","?","E","M","R","T","M","?","E","M","?","R","BOSS","M","?","?","$","M","R","E","R","T","R","E","M","M","E","R","BOSS","M","?","M","$","M","E","R","M","T","E","?","E","R","M","R","BOSS","R","$","E","BOSS"],"items_purchased_type":["Card","Card","Card","Relic","Card","Card","Relic","Relic"],"build_version":"2020-12-22","purchased_purges":0,"victory":true,"max_hp_per_floor":[71,71,71,71,76,76,76,76,76,76,76,76,76,76,76,76,76,76,76,76,76,76,76,86,86,86,86,86,86,86,86,86,86,86,86,86,86,86,86,86,86,86,86,86,86,86,86,86,86,86,86,86,86,86,86],"relic_stats":{"Gremlin Horn":[7,7],"counters":[27,154],"Astrolabe":["Force Field","FTL","Lockon"],"Eternal Feather":41,"Pen Nib":[11],"Kunai":[98],"Medical Kit":[14],"obtain_stats":[{"Pear":24,"NeowsBlessing":0,"Gremlin Horn":40,"Astrolabe":34,"Vajra":6,"Eternal Feather":28,"Thread and Needle":43,"Pen Nib":46,"Medical Kit":53,"White Beast Statue":12,"ClockworkSouvenir":20,"HornCleat":38,"Kunai":9,"Cracked Core":0,"StrikeDummy":31,"InkBottle":44,"Toy Ornithopter":54,"Runic Pyramid":17},{"Pear":11,"NeowsBlessing":0,"Gremlin Horn":20,"Astrolabe":16,"Vajra":3,"Eternal Feather":12,"Thread and Needle":21,"Pen Nib":23,"Medical Kit":25,"White Beast Statue":6,"ClockworkSouvenir":9,"HornCleat":18,"Kunai":4,"Cracked Core":0,"StrikeDummy":15,"InkBottle":22,"Toy Ornithopter":26,"Runic Pyramid":8},{"Pear":45,"NeowsBlessing":0,"Gremlin Horn":108,"Astrolabe":86,"Vajra":3,"Eternal Feather":52,"Thread and Needle":115,"Pen Nib":124,"Medical Kit":138,"White Beast Statue":14,"ClockworkSouvenir":32,"HornCleat":96,"Kunai":5,"Cracked Core":0,"StrikeDummy":72,"InkBottle":120,"Toy Ornithopter":144,"Runic Pyramid":26}],"InkBottle":[27],"Toy Ornithopter":5},"card_choices":[{"not_picked":["Consume","Stack","Leap"],"picked":"SKIP","floor":1.0},{"not_picked":["Double Energy","Glacier"],"picked":"Gash","floor":3.0},{"not_picked":["Hello World","Double Energy"],"picked":"Streamline","floor":6.0},{"not_picked":["Gash","Coolheaded"],"picked":"Genetic Algorithm","floor":7.0},{"not_picked":["Sweeping Beam","Fusion"],"picked":"Compile Driver","floor":10.0},{"not_picked":["Barrage","Doom and Gloom","Tempest"],"picked":"SKIP","floor":12.0},{"not_picked":["Turbo","Cold Snap"],"picked":"Aggregate","floor":13.0},{"not_picked":["Rainbow","Seek"],"picked":"Machine Learning","floor":16.0},{"not_picked":["Streamline","Fusion"],"picked":"BootSequence","floor":18.0},{"not_picked":["Steam+1","Rip and Tear"],"picked":"Cold Snap","floor":22.0},{"not_picked":["Steam Power","Lockon"],"picked":"Leap+1","floor":24.0},{"not_picked":["Stack","Rebound"],"picked":"Conserve Battery","floor":28},{"not_picked":["Rip and Tear","Gash"],"picked":"Hologram","floor":29},{"not_picked":["Conserve Battery","Aggregate"],"picked":"Compile Driver","floor":30},{"not_picked":["Auto Shields","Beam Cell"],"picked":"Seek","floor":31},{"not_picked":["Electrodynamics","Hyperbeam"],"picked":"Rainbow","floor":33},{"not_picked":["Go for the Eyes","Sunder"],"picked":"Turbo+1","floor":35},{"not_picked":["Streamline","Storm+1"],"picked":"Beam Cell","floor":37},{"not_picked":["Storm","Beam Cell","Doom and Gloom"],"picked":"SKIP","floor":39},{"not_picked":["Auto Shields","Reprogram","Barrage+1"],"picked":"SKIP","floor":40},{"not_picked":["Coolheaded","Double Energy"],"picked":"Defragment","floor":42},{"not_picked":["Beam Cell","Streamline","Meteor Strike"],"picked":"SKIP","floor":44},{"not_picked":["Conserve Battery","Stack","Barrage+1"],"picked":"SKIP","floor":46},{"not_picked":["Cold Snap+1","Ball Lightning+1"],"picked":"Coolheaded+1","floor":48},{"not_picked":["Leap","Turbo+1","Chaos+1"],"picked":"SKIP","floor":54}],"player_experience":1496251,"relics_obtained":[{"floor":6.0,"key":"Vajra"},{"floor":9.0,"key":"Kunai"},{"floor":12.0,"key":"White Beast Statue"},{"floor":24.0,"key":"Pear"},{"floor":28,"key":"Eternal Feather"},{"floor":31,"key":"StrikeDummy"},{"floor":40,"key":"Gremlin Horn"},{"floor":43,"key":"Thread and Needle"},{"floor":44,"key":"InkBottle"},{"floor":46,"key":"Pen Nib"},{"floor":54,"key":"Toy Ornithopter"}],"event_choices":[{"damage_healed":0.0,"max_hp_gain":5.0,"max_hp_loss":0.0,"gold_gain":0.0,"event_name":"Big Fish","player_choice":"Donut","floor":5.0,"gold_loss":0.0,"damage_taken":0.0},{"cards_removed":["Strike_B"],"damage_healed":0.0,"max_hp_gain":0.0,"max_hp_loss":0.0,"gold_gain":0.0,"event_name":"Golden Wing","player_choice":"Card Removal","floor":11.0,"gold_loss":0.0,"damage_taken":7.0},{"cards_removed":["Strike_B"],"damage_healed":0.0,"max_hp_gain":0.0,"max_hp_loss":0.0,"gold_gain":0.0,"event_name":"Purifier","player_choice":"Purged","floor":14.0,"gold_loss":0.0,"damage_taken":0.0},{"damage_healed":0.0,"max_hp_gain":0.0,"max_hp_loss":0.0,"gold_gain":0.0,"event_name":"Lab","player_choice":"Got Potions","floor":19.0,"gold_loss":0.0,"damage_taken":0.0},{"cards_removed":["Defend_B"],"damage_healed":0,"gold_gain":0,"player_choice":"Removed Skill","damage_taken":0,"max_hp_gain":0,"max_hp_loss":0,"event_name":"Falling","floor":36,"gold_loss":0},{"damage_healed":0,"gold_gain":0,"player_choice":"Copied","damage_taken":0,"max_hp_gain":0,"max_hp_loss":0,"event_name":"Duplicator","floor":45,"gold_loss":0,"cards_obtained":["Impatience"]}],"is_beta":false,"boss_relics":[{"not_picked":["Busted Crown","SlaversCollar"],"picked":"Runic Pyramid"},{"not_picked":["Pandora\u0027s Box","Velvet Choker"],"picked":"Astrolabe"}],"items_purged_floors":[],"is_endless":false,"potions_floor_spawned":[1,12,13,16,18,22,24,28,29,30,31,33,35,37,39,40,42,44,46,48,54],"ascension_level":15}}