{"host":"kp5m5tbwfn2imaek","time":1613072879,"event":{"mods":["AchievementEnabler","BaseMod","Bestiary","Minty Spire (QoL Compilation)","Relic Stats"],"gold_per_floor":[109,126,126,140,165,204,204,92,92,127,127,152,188,206,206,329,329,348,72,90,109,59,92,92,113,165,165,5,38,56,97,97,255,255,325,399,499,582,139,263,337,440,440,493,606,55,118,201,201,231,231,231,84,178,178],"floor_reached":56,"language":"ENG","playtime":4334,"items_purged":["Strike_P","Strike_P","Vengeance","Strike_P+1"],"score":1984,"play_id":"a59d43b2-9df2-41fc-bd5c-4ef837684ebc","local_time":"20210211144759","is_ascension_mode":true,"campfire_choices":[{"floor":7,"key":"REST"},{"data":"1","floor":11,"key":"LIFT"},{"data":"2","floor":15,"key":"LIFT"},{"data":"3","floor":24,"key":"LIFT"},{"floor":27,"key":"RECALL"},{"data":"Wish","floor":32,"key":"SMITH"},{"data":"Ragnarok","floor":49,"key":"SMITH"},{"data":"Swivel","floor":52,"key":"SMITH"}],"circlet_count":0,"master_deck":["Strike_P+1","Defend_P+1","Defend_P","Defend_P+1","Defend_P+1","Eruption+1","Vigilance+1","LessonLearned","CutThroughFate+1","SashWhip+1","DeceiveReality","ThirdEye+1","ThirdEye+1","Wireheading+1","Wireheading+1","Tantrum+1","Scrawl+1","Meditate+1","Fasting2+1","Vault+1","Ragnarok+1","SandsOfTime+1","Collect+1","Swivel+1","Wish+1","TalkToTheHand+1","Protect+1","Wish+1","Omniscience+1","DevaForm+1","Fasting2+1","Wallop"],"relics":["PureWater","Golden Idol","MealTicket","White Beast Statue","Girya","Pen Nib","Snecko Eye","Orrery","InkBottle","PreservedInsect","Mercury Hourglass","Oddly Smooth Stone","SacredBark","Lantern","Bottled Tornado","War Paint","Anchor","HornCleat","Darkstone Periapt","Vajra"],"acts_visited":["Exordium","TheCity","TheBeyond","TheEnding"],"potions_floor_usage":[10,13,14,16,18,33,41,55,55],"damage_taken":[{"damage":3,"enemies":"2 Louse","floor":1,"turns":5},{"damage":0,"enemies":"Cultist","floor":2,"turns":2},{"damage":0,"enemies":"Small Slimes","floor":4,"turns":2},{"damage":0,"enemies":"3 Louse","floor":5,"turns":2},{"damage":41,"enemies":"Lagavulin","floor":6,"turns":14},{"damage":9,"enemies":"3 Sentries","floor":10,"turns":8},{"damage":20,"enemies":"Lots of Slimes","floor":12,"turns":6},{"damage":8,"enemies":"Lagavulin","floor":13,"turns":7},{"damage":6,"enemies":"Gremlin Gang","floor":14,"turns":3},{"damage":3,"enemies":"Hexaghost","floor":16,"turns":8},{"damage":2,"enemies":"2 Thieves","floor":18,"turns":2},{"damage":0,"enemies":"Shell Parasite","floor":20,"turns":3},{"damage":0,"enemies":"Snecko","floor":21,"turns":5},{"damage":0,"enemies":"Book of Stabbing","floor":23,"turns":3},{"damage":12,"enemies":"Centurion and Healer","floor":25,"turns":4},{"damage":3,"enemies":"Gremlin Leader","floor":29,"turns":2},{"damage":0,"enemies":"Snake Plant","floor":30,"turns":1},{"damage":0,"enemies":"Book of Stabbing","floor":31,"turns":1},{"damage":9,"enemies":"Champ","floor":33,"turns":7},{"damage":0,"enemies":"3 Darklings","floor":35,"turns":3},{"damage":18,"enemies":"3 Shapes","floor":36,"turns":3},{"damage":0,"enemies":"Maw","floor":38,"turns":8},{"damage":0,"enemies":"Reptomancer","floor":40,"turns":3},{"damage":0,"enemies":"Transient","floor":41,"turns":6},{"damage":0,"enemies":"Nemesis","floor":42,"turns":5},{"damage":0,"enemies":"Jaw Worm Horde","floor":44,"turns":1},{"damage":20,"enemies":"Writhing Mass","floor":45,"turns":5},{"damage":0,"enemies":"Reptomancer","floor":47,"turns":2},{"damage":0,"enemies":"4 Shapes","floor":48,"turns":6},{"damage":20,"enemies":"Donu and Deca","floor":50,"turns":6},{"damage":0,"enemies":"Shield and Spear","floor":54,"turns":3},{"damage":0,"enemies":"The Heart","floor":55,"turns":7}],"seed_played":"6990807180146783977","potions_obtained":[{"floor":4,"key":"LiquidBronze"},{"floor":6,"key":"Dexterity Potion"},{"floor":10,"key":"Strength Potion"},{"floor":12,"key":"SpeedPotion"},{"floor":13,"key":"Fire Potion"},{"floor":14,"key":"SneckoOil"},{"floor":16,"key":"FairyPotion"},{"floor":18,"key":"SpeedPotion"},{"floor":20,"key":"StancePotion"},{"floor":21,"key":"CultistPotion"},{"floor":25,"key":"FearPotion"},{"floor":33,"key":"Regen Potion"},{"floor":35,"key":"BottledMiracle"},{"floor":41,"key":"DuplicationPotion"}],"is_trial":false,"path_per_floor":["M","M","?","M","M","E","R","$","T","E","R","M","E","M","R","B",null,"M","$","M","M","?","E","R","M","T","R","$","E","M","E","R","B",null,"M","M","?","M","$","E","M","E","T","M","M","$","E","M","R","B",null,"R","$","E","B",null],"character_chosen":"WATCHER","items_purchased":["Wireheading","Fasting2","Orrery","Wish","Omniscience","Lantern","Anchor","HornCleat","Ancient Potion","Fasting2"],"campfire_rested":1,"item_purchase_floors":[8,19,19,28,39,39,46,46,53,53],"current_hp_per_floor":[62,62,62,62,62,21,41,56,56,47,47,27,19,13,13,10,53,51,66,66,66,66,66,66,54,54,54,67,64,64,64,64,55,64,64,46,46,46,61,61,61,61,61,61,41,56,56,56,56,36,59,59,67,67,67],"gold":178,"neow_bonus":"ONE_RANDOM_RARE_CARD","is_daily":false,"chose_seed":false,"campfire_upgraded":3,"win_rate":0.0,"timestamp":1613072879,"path_taken":["M","M","?","M","M","E","R","$","T","E","R","M","E","M","R","BOSS","M","$","M","M","?","E","R","M","T","R","?","E","?","E","R","BOSS","M","M","?","M","$","E","M","E","T","M","M","$","E","M","R","BOSS","R","$","E","BOSS"],"items_purchased_type":["Card","Card","Relic","Card","Card","Relic","Relic","Relic","Potion","Card"],"build_version":"2020-12-22","purchased_purges":4,"victory":true,"max_hp_per_floor":[72,72,67,67,67,67,67,67,67,67,67,67,67,67,67,67,67,67,67,67,67,67,67,67,67,67,67,67,67,67,67,67,67,67,67,67,67,67,67,67,67,67,67,67,67,67,67,67,67,67,67,67,67,67,67],"relic_stats":{"Darkstone Periapt":0,"counters":[32,143],"Golden Idol":241,"Snecko Eye":[190,169,159,158],"MealTicket":81,"Pen Nib":[15],"PreservedInsect":339,"War Paint":["Defend_P","Meditate"],"obtain_stats":[{"Darkstone Periapt":47,"Girya":10,"Lantern":39,"Golden Idol":3,"SacredBark":34,"Oddly Smooth Stone":31,"Vajra":54,"Pen Nib":13,"PreservedInsect":26,"Bottled Tornado":40,"War Paint":42,"White Beast Statue":9,"Mercury Hourglass":29,"Anchor":46,"HornCleat":46,"Snecko Eye":17,"Orrery":19,"MealTicket":6,"PureWater":0,"InkBottle":23},{"Darkstone Periapt":28,"Girya":6,"Lantern":22,"Golden Idol":2,"SacredBark":19,"Oddly Smooth Stone":18,"Vajra":31,"Pen Nib":8,"PreservedInsect":15,"Bottled Tornado":23,"War Paint":25,"White Beast Statue":5,"Mercury Hourglass":16,"Anchor":27,"HornCleat":27,"Snecko Eye":10,"Orrery":11,"MealTicket":5,"PureWater":0,"InkBottle":14},{"Darkstone Periapt":121,"Girya":33,"Lantern":99,"Golden Idol":7,"SacredBark":85,"Oddly Smooth Stone":78,"Vajra":136,"Pen Nib":46,"PreservedInsect":74,"Bottled Tornado":102,"War Paint":113,"White Beast Statue":25,"Mercury Hourglass":76,"Anchor":119,"HornCleat":119,"Snecko Eye":57,"Orrery":59,"MealTicket":25,"PureWater":0,"InkBottle":70}],"InkBottle":[31],"Mercury Hourglass":[251]},"card_choices":[{"not_picked":["Worship","FlurryOfBlows"],"picked":"CutThroughFate","floor":1},{"not_picked":["Consecrate","Prostrate"],"picked":"SashWhip","floor":2},{"not_picked":["CrushJoints","EmptyBody"],"picked":"DeceiveReality","floor":4},{"not_picked":["Crescendo","Prostrate"],"picked":"ThirdEye","floor":5},{"not_picked":["Prostrate","Brilliance"],"picked":"ThirdEye","floor":6},{"not_picked":["SashWhip","Evaluate"],"picked":"Wireheading","floor":10},{"not_picked":["CrushJoints","ForeignInfluence"],"picked":"Vengeance","floor":12},{"not_picked":["Fasting2","Wish"],"picked":"Tantrum","floor":13},{"not_picked":["ThirdEye","Pray","CrushJoints"],"picked":"SKIP","floor":14},{"not_picked":["Establishment","Judgement"],"picked":"Scrawl","floor":16},{"not_picked":["WaveOfTheHand","FollowUp"],"picked":"Meditate","floor":18},{"not_picked":["Wireheading","FollowUp"],"picked":"Vault","floor":19},{"not_picked":["Vengeance","BowlingBash+1"],"picked":"Ragnarok","floor":19},{"not_picked":["Prostrate","ClearTheMind"],"picked":"SandsOfTime+1","floor":19},{"not_picked":["WaveOfTheHand+1","BowlingBash","ForeignInfluence+1"],"picked":"SKIP","floor":20},{"not_picked":["PathToVictory","InnerPeace"],"picked":"Collect","floor":21},{"not_picked":["CrushJoints","WindmillStrike"],"picked":"Swivel","floor":23},{"not_picked":["ReachHeaven","JustLucky+1","Conclude+1"],"picked":"SKIP","floor":25},{"not_picked":["ConjureBlade","Adaptation","Protect"],"picked":"SKIP","floor":29},{"not_picked":["EmptyBody","Wireheading+1"],"picked":"TalkToTheHand","floor":30},{"not_picked":["Crescendo","BowlingBash"],"picked":"Protect+1","floor":31},{"not_picked":["Ragnarok","Alpha"],"picked":"Wish","floor":33},{"not_picked":["Consecrate","Protect","CrushJoints+1"],"picked":"SKIP","floor":35},{"not_picked":["EmptyBody+1","Conclude","DeceiveReality+1"],"picked":"SKIP","floor":36},{"not_picked":["PathToVictory+1","WaveOfTheHand+1","Consecrate+1"],"picked":"SKIP","floor":38},{"not_picked":["Evaluate","Consecrate+1","CutThroughFate"],"picked":"SKIP","floor":40},{"not_picked":["CutThroughFate+1","ThirdEye","LessonLearned"],"picked":"SKIP","floor":41},{"not_picked":["FearNoEvil+1","CutThroughFate+1"],"picked":"DevaForm","floor":42},{"not_picked":["Adaptation","DeceiveReality+1","WreathOfFlame+1"],"picked":"SKIP","floor":44},{"not_picked":["EmptyFist","BowlingBash+1","PathToVictory"],"picked":"SKIP","floor":45},{"not_picked":["Establishment","Conclude+1","Evaluate+1"],"picked":"SKIP","floor":47},{"not_picked":["ClearTheMind+1","Evaluate+1","Conclude+1"],"picked":"SKIP","floor":48},{"not_picked":["FlurryOfBlows+1","Blasphemy"],"picked":"Wallop","floor":54}],"player_experience":719764,"relics_obtained":[{"floor":6,"key":"MealTicket"},{"floor":9,"key":"White Beast Statue"},{"floor":10,"key":"Girya"},{"floor":13,"key":"Pen Nib"},{"floor":23,"key":"InkBottle"},{"floor":26,"key":"PreservedInsect"},{"floor":29,"key":"Mercury Hourglass"},{"floor":31,"key":"Oddly Smooth Stone"},{"floor":40,"key":"Bottled Tornado"},{"floor":42,"key":"War Paint"},{"floor":47,"key":"Darkstone Periapt"},{"floor":54,"key":"Vajra"}],"event_choices":[{"damage_healed":0,"gold_gain":0,"player_choice":"Lose Max HP","damage_taken":0,"relics_obtained":["Golden Idol"],"max_hp_gain":0,"max_hp_loss":5,"event_name":"Golden Idol","floor":3,"gold_loss":0},{"damage_healed":0,"gold_gain":0,"player_choice":"Bet on Murderer","damage_taken":0,"max_hp_gain":0,"max_hp_loss":0,"event_name":"The Joust","floor":22,"gold_loss":50},{"damage_healed":0,"gold_gain":100,"player_choice":"Pray","damage_taken":0,"max_hp_gain":0,"max_hp_loss":0,"event_name":"Golden Shrine","floor":37,"gold_loss":0}],"is_beta":false,"boss_relics":[{"not_picked":["Runic Dome","Tiny House"],"picked":"Snecko Eye"},{"not_picked":["Runic Pyramid","Astrolabe"],"picked":"SacredBark"}],"items_purged_floors":[8,19,39,46],"is_endless":false,"potions_floor_spawned":[4,6,10,12,13,14,16,18,20,21,23,25,29,30,31,33,35,36,38,40,41,42,44,45,47,48,54],"ascension_level":8}}