{"host":"mmqs5ul2bvb60kyc","time":1613028471,"event":{"mods":["AchievementEnabler","Act Like it!","BaseMod","Colored Map","Colored Powertips","Minty Spire (QoL Compilation)","Quick Restart","StSLib"],"gold_per_floor":[117,134,154,154,172,172,172,207,276,276,201,201,236,236,236,330,330,355,375,41,65,65,65,65],"floor_reached":23,"language":"ZHS","playtime":605,"items_purged":[],"score":350,"play_id":"f244643f-77d9-4a4e-995f-ca63d0c214a2","local_time":"20210211152751","is_ascension_mode":true,"campfire_choices":[{"floor":6.0,"key":"DIG"},{"floor":10.0,"key":"DIG"},{"floor":12.0,"key":"REST"},{"data":"Defragment","floor":15.0,"key":"SMITH"}],"circlet_count":0,"master_deck":["AscendersBane","Strike_B","Strike_B","Strike_B","Defend_B","Defend_B","Defend_B","Defend_B","Zap+1","Dualcast","Turbo","Tempest+1","Chill","Streamline","Compile Driver","Defragment+1","Creative AI","Undo","Defragment","Coolheaded","Ball Lightning"],"relics":["Cracked Core","Shovel","Lizard Tail","Golden Idol","Ancient Tea Set","Singing Bowl","Pocketwatch","Odd Mushroom","Black Star","Toxic Egg 2"],"acts_visited":["Exordium","TheCity"],"potions_floor_usage":[23],"damage_taken":[{"damage":6.0,"enemies":"2 Louse","floor":1.0,"turns":3.0},{"damage":10.0,"enemies":"Small Slimes","floor":2.0,"turns":3.0},{"damage":13.0,"enemies":"Cultist","floor":3.0,"turns":4.0},{"damage":15.0,"enemies":"Large Slime","floor":5.0,"turns":3.0},{"damage":24.0,"enemies":"Lagavulin","floor":8.0,"turns":7.0},{"damage":0.0,"enemies":"The Mushroom Lair","floor":13.0,"turns":2.0},{"damage":17.0,"enemies":"The Guardian","floor":16.0,"turns":7.0},{"damage":2.0,"enemies":"Chosen","floor":18.0,"turns":3.0},{"damage":21.0,"enemies":"2 Thieves","floor":19.0,"turns":4.0},{"damage":20.0,"enemies":"3 Cultists","floor":21.0,"turns":6.0},{"damage":19,"enemies":"Gremlin Leader","floor":23,"turns":2}],"seed_played":"-3761182792228401178","potions_obtained":[{"floor":1.0,"key":"EntropicBrew"},{"floor":3.0,"key":"Fruit Juice"},{"floor":5.0,"key":"PowerPotion"},{"floor":13.0,"key":"Energy Potion"},{"floor":18.0,"key":"Dexterity Potion"},{"floor":19.0,"key":"SteroidPotion"}],"is_trial":false,"path_per_floor":["M","M","M","?","M","R","?","E","T","R","?","R","?","?","R","B",null,"M","M","$","M","?","E"],"character_chosen":"DEFECT","items_purchased":["Coolheaded","Toxic Egg 2"],"campfire_rested":1,"item_purchase_floors":[20,20],"current_hp_per_floor":[58,48,40,17,2,2,2,12,12,12,12,32,32,25,25,8,54,52,31,31,11,11,0,0],"gold":65,"neow_bonus":"ONE_RARE_RELIC","is_daily":false,"chose_seed":false,"campfire_upgraded":1,"win_rate":0.0,"timestamp":1613028471,"path_taken":["M","M","M","?","M","R","?","E","T","R","?","R","?","?","R","BOSS","M","M","$","M","?","E"],"items_purchased_type":["Card","Relic"],"build_version":"2020-12-22","purchased_purges":0,"victory":false,"max_hp_per_floor":[71,71,76,76,76,76,69,69,69,69,69,69,69,69,69,69,69,69,69,69,69,69,69,69],"card_choices":[{"not_picked":["Gash","Sweeping Beam"],"picked":"Turbo","floor":1.0},{"not_picked":["Doom and Gloom","Barrage"],"picked":"Tempest","floor":2.0},{"not_picked":["Gash","Doom and Gloom"],"picked":"Chill","floor":3.0},{"not_picked":["Consume","Rip and Tear"],"picked":"Streamline","floor":5.0},{"not_picked":["Turbo","Leap"],"picked":"Compile Driver","floor":8.0},{"not_picked":["Sweeping Beam","Compile Driver"],"picked":"Defragment","floor":13.0},{"not_picked":["Multi-Cast","Seek"],"picked":"Creative AI","floor":16.0},{"not_picked":["Reprogram","Tempest"],"picked":"Undo","floor":18.0},{"not_picked":["Streamline","Skim"],"picked":"Defragment","floor":19.0},{"not_picked":["Compile Driver","Stack+1"],"picked":"Ball Lightning","floor":21.0}],"player_experience":349701,"relics_obtained":[{"floor":6.0,"key":"Lizard Tail"},{"floor":8.0,"key":"Ancient Tea Set"},{"floor":9.0,"key":"Singing Bowl"},{"floor":10.0,"key":"Pocketwatch"},{"floor":13.0,"key":"Odd Mushroom"}],"event_choices":[{"damage_healed":0.0,"max_hp_gain":0.0,"max_hp_loss":0.0,"gold_gain":0.0,"event_name":"Shining Light","player_choice":"Entered Light","floor":4.0,"gold_loss":0.0,"damage_taken":23.0,"cards_upgraded":["Zap","Tempest"]},{"damage_healed":0.0,"max_hp_gain":0.0,"max_hp_loss":7.0,"gold_gain":0.0,"event_name":"Golden Idol","player_choice":"Lose Max HP","floor":7.0,"gold_loss":0.0,"damage_taken":0.0,"relics_obtained":["Golden Idol"]},{"cards_removed":["Pain"],"damage_healed":0.0,"max_hp_gain":0.0,"max_hp_loss":0.0,"gold_gain":0.0,"event_name":"The Cleric","player_choice":"Card Removal","floor":11.0,"gold_loss":75.0,"damage_taken":0.0},{"damage_healed":0.0,"max_hp_gain":0.0,"max_hp_loss":0.0,"gold_gain":0.0,"event_name":"Mushrooms","player_choice":"Fought Mushrooms","floor":13.0,"gold_loss":0.0,"damage_taken":0.0},{"cards_removed":["Strike_B"],"damage_healed":0.0,"max_hp_gain":0.0,"max_hp_loss":0.0,"gold_gain":0.0,"event_name":"Golden Wing","player_choice":"Card Removal","floor":14.0,"gold_loss":0.0,"damage_taken":7.0},{"damage_healed":0.0,"max_hp_gain":0.0,"max_hp_loss":0.0,"gold_gain":0.0,"event_name":"Cursed Tome","player_choice":"Ignored","floor":22.0,"gold_loss":0.0,"damage_taken":0.0}],"is_beta":false,"boss_relics":[{"not_picked":["Cursed Key","Nuclear Battery"],"picked":"Black Star"}],"items_purged_floors":[],"is_endless":false,"potions_floor_spawned":[1,3,5,13,18,19],"killed_by":"Gremlin Leader","ascension_level":17}}