{"host":"ex9ev9v5sog028vn","time":1613042906,"event":{"mods":["Act Like it!","BaseMod","Block Reminder","Hallownest","Minty Spire (QoL Compilation)","Quick Restart","Relic Stats","StSLib","The Bug Knight"],"gold_per_floor":[119,119,152,168,183,183,209,209,209,226,236,236,247,104,104,199,199,211,211,228,287,207,207,232,5,30,58,85,85,40,40,40,139,139,157,157,157,82,82,82,102,133,133,164,178,98,98,9,9,9,9,9,9,44,44,44],"floor_reached":55,"language":"ENG","playtime":4439,"items_purged":["HollowMod:NailStrikeStart"],"score":769,"play_id":"23fbd066-12b1-4f9d-b8a4-5171108bed4b","local_time":"20210211082826","is_ascension_mode":false,"campfire_choices":[{"data":"HollowMod:MothsMistake","floor":6.0,"key":"SMITH"},{"data":"HollowMod:InfectionAssault","floor":8.0,"key":"SMITH"},{"data":"HollowMod:Weaversong","floor":12.0,"key":"SMITH"},{"data":"HollowMod:HeavyBlow","floor":15.0,"key":"SMITH"},{"data":"HollowMod:InfectionAssault","floor":23.0,"key":"SMITH"},{"data":"HollowMod:DesolateDive","floor":29.0,"key":"SMITH"},{"data":"HollowMod:ChannelNail","floor":32.0,"key":"SMITH"},{"data":"HollowMod:AwokenDreamNail","floor":40.0,"key":"SMITH"},{"floor":47.0,"key":"DIG"},{"floor":49,"key":"RECALL"},{"floor":52,"key":"DIG"}],"circlet_count":0,"master_deck":["HollowMod:NailStrikeStart","HollowMod:NailStrikeStart","HollowMod:QuickDashStart","HollowMod:QuickDashStart","HollowMod:QuickDashStart","HollowMod:FocusHealStart","HollowMod:PogoStrike","HollowMod:Weaversong+1","HollowMod:InfectionAssault+1","HollowMod:HeavyBlow+1","HollowMod:MothsMistake+1","HollowMod:BaldurShell+1","HollowMod:CloakDash","HollowMod:CloakDash","HollowMod:NewGlowingWomb+1","HollowMod:SoulMaster+1","HollowMod:NewJinnsSoul+1","HollowMod:BaldurShell+1","HollowMod:InfectionAssault+1","Hallownest:skillCityofTearsMap","HollowMod:HornetsHelp","HollowMod:DesolateDive+1","HollowMod:AwokenDreamNail+1","HollowMod:BaldurShell+1","Hallownest:skillCityofTearsMap","Hallownest:skillCityofTearsMap","HollowMod:SoulStrike+1","HollowMod:ChannelNail","Decay","HollowMod:DashSlash+1","Hallownest:attackMasterDashSlash","HollowMod:NewGlowingWomb+1","HollowMod:GoodIntentions"],"relics":["HollowMod:VesselMask","Blue Candle","Frozen Egg 2","Meat on the Bone","Sozu","Hallownest:WatcherSealRelic","Kunai","HollowMod:KingsBrand","Juzu Bracelet","Pear","MealTicket","Cursed Key","Hallownest:BeastSealRelic","Eternal Feather","Dream Catcher","Shovel","Happy Flower","HornCleat","Shuriken"],"acts_visited":["Exordium","Hallownest:Greenpath","Hallownest:CityofTears","TheEnding"],"potions_floor_usage":[55,55],"damage_taken":[{"damage":4.0,"enemies":"Hallownest:2_Tiktiks_and_1_Crawlid","floor":1.0,"turns":3.0},{"damage":8.0,"enemies":"Hallownest:monsterMarmu","floor":2.0,"turns":9.0},{"damage":9.0,"enemies":"Hallownest:eliteCrystalGuardian","floor":3.0,"turns":5.0},{"damage":5.0,"enemies":"Hallownest:2_Baldur","floor":4.0,"turns":2.0},{"damage":1.0,"enemies":"Hallownest:2_MossCreeps","floor":5.0,"turns":6.0},{"damage":26.0,"enemies":"Hallownest:eliteMossKnight","floor":7.0,"turns":6.0},{"damage":19.0,"enemies":"Hallownest:Guard_and_Warrior","floor":10.0,"turns":6.0},{"damage":3.0,"enemies":"Hallownest:monsterMossCharger","floor":11.0,"turns":4.0},{"damage":17.0,"enemies":"Hallownest:MossCreep_and_Mosskin","floor":13.0,"turns":5.0},{"damage":51.0,"enemies":"Hallownest:BossFalseKnight","floor":16.0,"turns":7.0},{"damage":14.0,"enemies":"Hallownest:2_Mistakes","floor":18.0,"turns":6.0},{"damage":21.0,"enemies":"Hallownest:3_Youths","floor":20.0,"turns":6.0},{"damage":26.0,"enemies":"Hallownest:Glutton_and_Coward","floor":21.0,"turns":7.0},{"damage":37.0,"enemies":"Hallownest:eliteWatcherKnight","floor":24.0,"turns":10.0},{"damage":3.0,"enemies":"Hallownest:eliteSoulWarrior","floor":27.0,"turns":8.0},{"damage":56.0,"enemies":"Hallownest:BossMantisLord","floor":33.0,"turns":8.0},{"damage":32.0,"enemies":"Hallownest:2_Littles","floor":35.0,"turns":5.0},{"damage":6.0,"enemies":"Hallownest:Shield_Heavy","floor":41.0,"turns":4.0},{"damage":29.0,"enemies":"Hallownest:eliteCollector","floor":42.0,"turns":8.0},{"damage":40.0,"enemies":"Hallownest:eliteHiveKnight","floor":44.0,"turns":6.0},{"damage":9.0,"enemies":"Hallownest:Shield_Sturdy","floor":45.0,"turns":5.0},{"damage":75,"enemies":"Hallownest:BossGreyPrinceZote","floor":50,"turns":17},{"damage":70,"enemies":"Shield and Spear","floor":54,"turns":10},{"damage":56,"enemies":"The Heart","floor":55,"turns":8}],"seed_played":"-8268530753908484538","potions_obtained":[{"floor":1.0,"key":"SpeedPotion"},{"floor":7.0,"key":"CultistPotion"},{"floor":16.0,"key":"DuplicationPotion"}],"is_trial":false,"path_per_floor":["M","?","?","M","M","R","E","R","T","M","M","R","M","$","R","B",null,"M","?","M","M","?","R","E","$","T","E","T","R","?","$","R","B",null,"M","?","?","?","?","R","M","E","T","E","M","?","R","$","R","B",null,"R","$","E","B"],"character_chosen":"THE_BUGKNIGHT","items_purchased":["HollowMod:NewGlowingWomb+1","HollowMod:KingsBrand","HollowMod:DesolateDive","HollowMod:NewGlowingWomb+1","HollowMod:GoodIntentions"],"campfire_rested":0,"item_purchase_floors":[14,25,25,48,48],"current_hp_per_floor":[71,69,60,55,60,60,40,40,40,43,46,46,47,47,47,18,75,70,70,55,47,47,47,34,34,34,59,59,59,65,80,80,46,91,63,63,63,63,63,78,78,61,61,43,52,52,70,85,91,40,91,91,91,45,0,0],"gold":44,"neow_bonus":"ONE_RANDOM_RARE_CARD","is_daily":false,"chose_seed":false,"campfire_upgraded":8,"win_rate":0.0,"timestamp":1613042906,"path_taken":["M","?","?","M","M","R","E","R","T","M","?","R","M","$","R","BOSS","M","?","?","M","?","R","E","?","T","E","?","R","?","?","R","BOSS","M","?","?","?","?","R","M","E","T","E","M","?","R","?","R","BOSS","R","$","E","BOSS"],"items_purchased_type":["Card","Relic","Card","Card","Card"],"build_version":"2020-12-22","purchased_purges":1,"victory":false,"max_hp_per_floor":[75,75,75,75,75,75,75,75,75,75,75,75,75,75,75,75,75,75,75,75,75,75,75,75,75,75,85,85,85,91,91,91,91,91,91,91,91,91,91,91,91,91,91,91,91,91,91,91,91,91,91,91,91,91,91,91],"relic_stats":{"Happy Flower":[11],"counters":[24,161],"Blue Candle":[11],"Eternal Feather":39,"Juzu Bracelet":1,"Cursed Key":1,"Sozu":7,"Dream Catcher":0,"Shovel":2,"Shuriken":[3],"MealTicket":30,"Kunai":[52],"obtain_stats":[{"Pear":27,"Happy Flower":47,"Blue Candle":3,"HollowMod:VesselMask":0,"Eternal Feather":38,"Juzu Bracelet":26,"Frozen Egg 2":7,"HollowMod:KingsBrand":25,"Cursed Key":34,"Sozu":17,"Hallownest:WatcherSealRelic":19,"Dream Catcher":42,"Shovel":44,"HornCleat":52,"Shuriken":54,"MealTicket":28,"Kunai":24,"Meat on the Bone":9,"Hallownest:BeastSealRelic":37},{"Pear":15,"Happy Flower":21,"Blue Candle":3,"HollowMod:VesselMask":0,"Eternal Feather":17,"Juzu Bracelet":14,"Frozen Egg 2":6,"HollowMod:KingsBrand":14,"Cursed Key":16,"Sozu":10,"Hallownest:WatcherSealRelic":11,"Dream Catcher":19,"Shovel":20,"HornCleat":22,"Shuriken":23,"MealTicket":15,"Kunai":14,"Meat on the Bone":6,"Hallownest:BeastSealRelic":17},{"Pear":90,"Happy Flower":126,"Blue Candle":17,"HollowMod:VesselMask":0,"Eternal Feather":103,"Juzu Bracelet":82,"Frozen Egg 2":31,"HollowMod:KingsBrand":82,"Cursed Key":98,"Sozu":53,"Hallownest:WatcherSealRelic":59,"Dream Catcher":115,"Shovel":121,"HornCleat":143,"Shuriken":153,"MealTicket":90,"Kunai":82,"Meat on the Bone":31,"Hallownest:BeastSealRelic":103}],"Meat on the Bone":132},"card_choices":[{"not_picked":["HollowMod:SoulEater","HollowMod:CrystalDash"],"picked":"HollowMod:InfectionAssault","floor":1.0},{"not_picked":["HollowMod:SoulEater","HollowMod:NewJinnsSoul","HollowMod:ShadowDash"],"picked":"SKIP","floor":3.0},{"not_picked":["HollowMod:ChannelNail","HollowMod:WraithStrike"],"picked":"HollowMod:HeavyBlow","floor":4.0},{"not_picked":["HollowMod:PureNailStrike","HollowMod:SharpenedNail"],"picked":"HollowMod:MothsMistake","floor":5.0},{"not_picked":["HollowMod:SoulEater+1","HollowMod:SharpenedNail"],"picked":"HollowMod:BaldurShell+1","floor":7.0},{"not_picked":["HollowMod:InfectedCysts","HollowMod:CycloneSlash"],"picked":"HollowMod:CloakDash","floor":10.0},{"not_picked":["HollowMod:NewLittleFool","HollowMod:WraithStrike"],"picked":"HollowMod:CloakDash","floor":11.0},{"not_picked":["HollowMod:PureNailStrike","HollowMod:RecoilStrike"],"picked":"HollowMod:ChannelNail","floor":13.0},{"not_picked":["HollowMod:Hiveblood","HollowMod:LifebloodCore"],"picked":"HollowMod:SoulMaster+1","floor":16.0},{"not_picked":["HollowMod:InfectedCysts","HollowMod:CornifersMapStart"],"picked":"HollowMod:NewJinnsSoul+1","floor":18.0},{"not_picked":["HollowMod:SoulEater+1","HollowMod:WraithStrike+1"],"picked":"HollowMod:BaldurShell+1","floor":20.0},{"not_picked":["HollowMod:DashSlash","HollowMod:MothsMistake+1"],"picked":"HollowMod:InfectionAssault","floor":21.0},{"not_picked":["HollowMod:CycloneSlash","HollowMod:ChannelNail"],"picked":"HollowMod:HornetsHelp","floor":24.0},{"not_picked":["HollowMod:Grubsong+1","HollowMod:PerfectDash","HollowMod:GreatSlash"],"picked":"SKIP","floor":27.0},{"not_picked":["HollowMod:Weaversong+1","HollowMod:LordofShades+1"],"picked":"HollowMod:AwokenDreamNail","floor":33.0},{"not_picked":["HollowMod:CrystalDash+1","HollowMod:FallenFury+1"],"picked":"HollowMod:BaldurShell+1","floor":35.0},{"not_picked":["HollowMod:NewJinnsSoul+1","HollowMod:ShadowDash+1"],"picked":"HollowMod:SoulStrike+1","floor":41.0},{"not_picked":["HollowMod:CloakDash","HollowMod:HornetsHelp"],"picked":"HollowMod:ChannelNail","floor":42.0},{"not_picked":["HollowMod:TaintedHusks+1","HollowMod:RecoilStrike"],"picked":"HollowMod:DashSlash+1","floor":44.0},{"not_picked":["HollowMod:RecoilStrike","HollowMod:NewLittleFool","HollowMod:MothsMistake+1"],"picked":"SKIP","floor":45.0},{"not_picked":["HollowMod:RecoilStrike","HollowMod:FallenFury+1","HollowMod:InfectedCysts"],"picked":"SKIP","floor":54}],"player_experience":715444,"relics_obtained":[{"floor":3.0,"key":"Blue Candle"},{"floor":7.0,"key":"Frozen Egg 2"},{"floor":9.0,"key":"Meat on the Bone"},{"floor":24.0,"key":"Kunai"},{"floor":26.0,"key":"Juzu Bracelet"},{"floor":27.0,"key":"Pear"},{"floor":28.0,"key":"MealTicket"},{"floor":42.0,"key":"Dream Catcher"},{"floor":44.0,"key":"Shovel"},{"floor":47.0,"key":"Happy Flower"},{"floor":52,"key":"HornCleat"},{"floor":54,"key":"Shuriken"}],"event_choices":[],"is_beta":false,"boss_relics":[{"not_picked":["Astrolabe","Snecko Eye"],"picked":"Sozu"},{"not_picked":["Busted Crown","Philosopher\u0027s Stone"],"picked":"Cursed Key"}],"items_purged_floors":[14],"is_endless":false,"potions_floor_spawned":[1,2,7,16,18,24,33,42,44,45,54],"killed_by":"The Heart","ascension_level":0}}