{"host":"wpu7ue7gh84ybhzj","time":1613066408,"event":{"mods":["AchievementEnabler","AlwaysNeverKeys","BaseMod","Colored Powertips","Hermit","Highlight Path","Marisa????????","Minty Spire (QoL Compilation)","Permanent Neow","Quick Restart","Rare Cards Sparkle","Relic Stats","Remilia??????","StSLib","The Servant 0.9.4"],"gold_per_floor":[111,111,111,124,137,172,172,184,184,40,52,66,66,81,81,179,179,199,219,100,100,113,113,127,127,127],"floor_reached":25,"language":"ENG","playtime":1409,"items_purged":[],"score":207,"play_id":"8d65450a-dfcd-4bfb-9e74-a15f6264e89e","local_time":"20210211180008","is_ascension_mode":false,"campfire_choices":[{"floor":7,"key":"REST"},{"floor":15,"key":"REST"},{"floor":23,"key":"REST"}],"circlet_count":0,"master_deck":["Strike_MRS","Strike_MRS+1","Strike_MRS","Defend_MRS","Defend_MRS+1","MasterSpark","UpSweep","Parasite","Parasite","DC","WitchLeyline","UnstableBomb","GalacticHalo","MilkyWay","StarBarrage","BlazeAway","GravityBeat","DarkMatter","ManaRampage","SprinkleStarSeal+1","GrandCross+1","EnergyFlow","MilkyWay","StarDustReverie","MasterSpark","UltimateShortwave","DeepEcoloBomb"],"relics":["MiniHakkero","ShroomBag","Regal Pillow","Potion Belt","Empty Cage"],"acts_visited":["Exordium","TheCity"],"potions_floor_usage":[],"damage_taken":[{"damage":9,"enemies":"2 Louse","floor":1,"turns":3},{"damage":0,"enemies":"Cultist","floor":4,"turns":2},{"damage":0,"enemies":"Small Slimes","floor":5,"turns":2},{"damage":33,"enemies":"Lagavulin","floor":6,"turns":5},{"damage":1,"enemies":"Red Slaver","floor":8,"turns":2},{"damage":20,"enemies":"Lots of Slimes","floor":11,"turns":3},{"damage":5,"enemies":"3 Louse","floor":12,"turns":3},{"damage":10,"enemies":"Looter","floor":14,"turns":2},{"damage":30,"enemies":"Slime Boss","floor":16,"turns":11},{"damage":35,"enemies":"3 Byrds","floor":18,"turns":6},{"damage":26,"enemies":"Spheric Guardian","floor":19,"turns":4},{"damage":21,"enemies":"Snake Plant","floor":22,"turns":4},{"damage":41,"enemies":"Centurion and Healer","floor":24,"turns":6}],"seed_played":"3005796246438860404","potions_obtained":[{"floor":4,"key":"DuplicationPotion"},{"floor":5,"key":"BlessingOfTheForge"},{"floor":14,"key":"Swift Potion"},{"floor":16,"key":"EntropicBrew"},{"floor":18,"key":"SteroidPotion"}],"is_trial":false,"path_per_floor":["M","?","?","M","M","E","R","M","T","$","M","M","?","M","R","B",null,"M","M","$","?","M","R","M","?"],"character_chosen":"MARISA","items_purchased":["StarBarrage","BlazeAway","EnergyFlow","MilkyWay"],"campfire_rested":3,"item_purchase_floors":[10,10,20,20],"current_hp_per_floor":[68,53,53,57,61,32,69,68,68,68,52,51,51,45,75,45,75,44,22,22,22,3,40,3,0,0],"gold":127,"neow_bonus":"RANDOM_COMMON_RELIC","is_daily":false,"chose_seed":false,"campfire_upgraded":0,"win_rate":0.0,"timestamp":1613066408,"path_taken":["M","?","?","M","M","E","R","?","T","$","M","M","?","M","R","BOSS","M","M","$","?","M","R","?","?"],"items_purchased_type":["Card","Card","Card","Card"],"build_version":"2020-12-22","purchased_purges":0,"victory":false,"max_hp_per_floor":[75,75,75,75,75,75,75,75,75,75,75,75,75,75,75,75,75,75,75,75,75,75,75,75,75,75],"relic_stats":{"Regal Pillow":38,"counters":[13,53],"obtain_stats":[{"Potion Belt":9,"ShroomBag":0,"Regal Pillow":6,"MiniHakkero":0,"Empty Cage":17},{"Potion Belt":5,"ShroomBag":0,"Regal Pillow":4,"MiniHakkero":0,"Empty Cage":9},{"Potion Belt":14,"ShroomBag":0,"Regal Pillow":12,"MiniHakkero":0,"Empty Cage":33}]},"card_choices":[{"not_picked":["DoubleSpark","Orbital"],"picked":"DC","floor":1},{"not_picked":["LuminesStrike","MeteoricShower"],"picked":"WitchLeyline","floor":4},{"not_picked":["WitchOfGreed","PowerUp"],"picked":"UnstableBomb","floor":5},{"not_picked":["WitchLeyline","ManaConvection"],"picked":"GalacticHalo","floor":6},{"not_picked":["AsteroidBelt","OrrerysSun"],"picked":"MilkyWay","floor":8},{"not_picked":["SporeBomb","WitchOfGreed"],"picked":"GravityBeat","floor":11},{"not_picked":["Singularity","WitchOfGreed"],"picked":"ManaConvection","floor":12},{"not_picked":["6A","PowerUp"],"picked":"DarkMatter","floor":14},{"not_picked":["UltimateShortwave","BigCrunch"],"picked":"ManaRampage","floor":16},{"not_picked":["SporeBomb","MysteriousBeam"],"picked":"SprinkleStarSeal+1","floor":18},{"not_picked":["GravityBeat","SporeBomb+1"],"picked":"GrandCross+1","floor":19},{"not_picked":["ShootingEcho","OpenUniverse"],"picked":"UltimateShortwave","floor":22},{"not_picked":["DC","IllusionStar+1"],"picked":"DeepEcoloBomb","floor":24}],"player_experience":42822,"relics_obtained":[{"floor":6,"key":"Regal Pillow"},{"floor":9,"key":"Potion Belt"}],"event_choices":[{"damage_healed":0,"gold_gain":0,"player_choice":"Entered Light","damage_taken":15,"max_hp_gain":0,"max_hp_loss":0,"event_name":"Shining Light","floor":2,"gold_loss":0,"cards_upgraded":["Defend_MRS","Strike_MRS"]},{"cards_removed":["Defend_MRS"],"damage_healed":0,"gold_gain":0,"player_choice":"Purged","damage_taken":0,"max_hp_gain":0,"max_hp_loss":0,"event_name":"Purifier","floor":3,"gold_loss":0},{"cards_removed":["Defend_MRS"],"damage_healed":0,"gold_gain":0,"player_choice":"Card Removal","damage_taken":0,"max_hp_gain":0,"max_hp_loss":0,"event_name":"Wheel of Change","floor":13,"gold_loss":0},{"damage_healed":0,"gold_gain":0,"player_choice":"2 cards matched","damage_taken":0,"max_hp_gain":0,"max_hp_loss":0,"event_name":"Match and Keep!","floor":21,"gold_loss":0,"cards_obtained":["StarDustReverie","MasterSpark"]}],"is_beta":false,"boss_relics":[{"not_picked":["Snecko Eye","Coffee Dripper"],"picked":"Empty Cage"}],"items_purged_floors":[],"is_endless":false,"potions_floor_spawned":[4,5,14,16,18],"ascension_level":0}}