{"host":"o9lehcdjc4u6j9un","time":1613038674,"event":{"mods":["Aspiration","BaseMod","Better-Laid Plans","Colored Map","Downfall","Gremlin Mod","Hermit","Marisa£®ÏF”Í°°ƒß¿Ì…≥£©","Minty Spire (QoL Compilation)","Remilia£®¿Ÿ√◊¿Ú—«£©","StSLib","The Alterego","The Hierophant","The Runesmith","The Senshi","The Servant 0.9.4","Yakumo Yukari mod","Youmu£®ªÍ∆«—˝√Œ£©","≤–¡Ù÷ÆŒÔ"],"gold_per_floor":[117,41,41,51,69,95,108,108,108,143,143,175,195,257,257,355,355,369,369,92,92,92,92,105,124,151,7,41,41,75,87,87,182,182,195,211,229,282,282,282,311,325,405,421,421,447,0,15,15,15,15,15,15,42,42],"floor_reached":56,"language":"ZHS","playtime":3322,"items_purged":["Choke"],"score":1235,"play_id":"80d5cc0e-888a-4145-b81a-764234d00045","local_time":"20210211181754","is_ascension_mode":false,"campfire_choices":[{"data":"PlaceholderMod:EvolutionSpray","floor":8.0,"key":"SMITH"},{"data":"PlaceholderMod:RadicalHit","floor":11.0,"key":"SMITH"},{"data":"PlaceholderMod:PoisonExcitation","floor":15.0,"key":"SMITH"},{"data":"RitualDagger","floor":23.0,"key":"SMITH"},{"data":"PlaceholderMod:Activation","floor":32.0,"key":"SMITH"},{"data":"PlaceholderMod:DiffusionPoison","floor":40.0,"key":"SMITH"},{"floor":45.0,"key":"RECALL"},{"data":"PlaceholderMod:PoisonWhip","floor":49.0,"key":"SMITH"},{"data":"PlaceholderMod:TriggerStrike","floor":52.0,"key":"SMITH"}],"circlet_count":0,"master_deck":["PlaceholderMod:BaseDefend","PlaceholderMod:BaseDefend","PlaceholderMod:BaseDefend","PlaceholderMod:BaseDefend","PlaceholderMod:BaseDefend","PlaceholderMod:Crystal","PlaceholderMod:PoisonWhip+1","PlaceholderMod:CycleAttack","PlaceholderMod:SpinBlade","PlaceholderMod:PoisonExcitation+1","Unload","PlaceholderMod:RadicalHit+1","PlaceholderMod:EvolutionSpray+1","PlaceholderMod:NutritionAbsorb","PlaceholderMod:Activation+1","PlaceholderMod:Eat","PlaceholderMod:DirectingGroup+1","PlaceholderMod:BlastSpray","PlaceholderMod:HardStinger+1","Slimebound:Tackle+1","Slimebound:Tackle+1","Slimebound:Tackle+1","PlaceholderMod:HardStinger+1","RitualDagger+1","PlaceholderMod:ComplexForm+1","PlaceholderMod:ThreeBenzyolStart+1","PlaceholderMod:TriggerStrike+1","PlaceholderMod:HealingAttack+1","PlaceholderMod:DiffusionPoison+1","PlaceholderMod:ConsolidateHit+1","Parasite","PlaceholderMod:InnerStable+1","PlaceholderMod:HornyBlast+1","PlaceholderMod:ThreeBenzyolStart+1","PlaceholderMod:RadicalHit+1","PlaceholderMod:CorePoison+1","PlaceholderMod:StrongAcid+1","PlaceholderMod:HighConcentration"],"relics":["PlaceholderMod:Tancle","theSenshi:SailorFukuRelic","Bird Faced Urn","Mercury Hourglass","Toxic Egg 2","Eternal Feather","sneckomod:SneckoTalon","Orichalcum","Toy Ornithopter","Torii","Blood Vial","PlaceholderMod:LiveLive","TungstenRod","Ancient Tea Set","theSenshi:FeatherClipsRelic","Juzu Bracelet","hexamod:Sixitude","Ice Cream"],"acts_visited":["Exordium","TheCity","TheBeyond","TheEnding"],"potions_floor_usage":[55,55,55],"damage_taken":[{"damage":3.0,"enemies":"Small Slimes","floor":1.0,"turns":4.0},{"damage":1.0,"enemies":"Cultist","floor":4.0,"turns":3.0},{"damage":11.0,"enemies":"Jaw Worm","floor":5.0,"turns":2.0},{"damage":28.0,"enemies":"Lagavulin","floor":6.0,"turns":5.0},{"damage":1.0,"enemies":"Exordium Wildlife","floor":7.0,"turns":2.0},{"damage":18.0,"enemies":"3 Sentries","floor":10.0,"turns":5.0},{"damage":13.0,"enemies":"Lagavulin","floor":12.0,"turns":4.0},{"damage":0.0,"enemies":"2 Fungi Beasts","floor":13.0,"turns":2.0},{"damage":0.0,"enemies":"Gremlin Nob","floor":14.0,"turns":2.0},{"damage":30.0,"enemies":"Hexaghost","floor":16.0,"turns":5.0},{"damage":0.0,"enemies":"3 Byrds","floor":18.0,"turns":1.0},{"damage":4.0,"enemies":"2 Thieves","floor":24.0,"turns":2.0},{"damage":9.0,"enemies":"Chosen and Byrds","floor":25.0,"turns":3.0},{"damage":0.0,"enemies":"Slavers","floor":28.0,"turns":1.0},{"damage":17.0,"enemies":"Book of Stabbing","floor":30.0,"turns":3.0},{"damage":0.0,"enemies":"3 Cultists","floor":31.0,"turns":3.0},{"damage":31.0,"enemies":"Collector","floor":33.0,"turns":5.0},{"damage":1.0,"enemies":"3 Darklings","floor":35.0,"turns":3.0},{"damage":1.0,"enemies":"Orb Walker","floor":36.0,"turns":2.0},{"damage":15.0,"enemies":"Writhing Mass","floor":37.0,"turns":3.0},{"damage":35.0,"enemies":"2 Orb Walkers","floor":38.0,"turns":3.0},{"damage":10.0,"enemies":"Nemesis","floor":41.0,"turns":3.0},{"damage":9.0,"enemies":"Spire Growth","floor":42.0,"turns":2.0},{"damage":6.0,"enemies":"Maw","floor":44.0,"turns":5.0},{"damage":14.0,"enemies":"3 Darklings","floor":48.0,"turns":3.0},{"damage":79.0,"enemies":"Time Eater","floor":50.0,"turns":8.0},{"damage":35,"enemies":"Shield and Spear","floor":54,"turns":5},{"damage":68,"enemies":"The Heart","floor":55,"turns":7}],"seed_played":"-3319305981750337969","potions_obtained":[{"floor":6.0,"key":"LiquidBronze"},{"floor":7.0,"key":"Fire Potion"},{"floor":10.0,"key":"SkillPotion"},{"floor":12.0,"key":"EssenceOfSteel"},{"floor":14.0,"key":"Swift Potion"},{"floor":24.0,"key":"DuplicationPotion"},{"floor":30.0,"key":"Regen Potion"},{"floor":35.0,"key":"FearPotion"},{"floor":38.0,"key":"PanachePotion"},{"floor":41.0,"key":"AttackPotion"},{"floor":42.0,"key":"Block Potion"},{"floor":48.0,"key":"EssenceOfSteel"},{"floor":54,"key":"Dexterity Potion"}],"is_trial":false,"path_per_floor":["M","$","?","M","M","E","M","R","T","E","R","E","M","?","R","B",null,"M","?","$","?","?","R","M","M","T","$","E","?","E","M","R","B",null,"M","M","M","?","?","R","E","M","T","M","R","T","$","M","R","B",null,"R","$","E","B",null],"character_chosen":"THE_PLACEHOLDER","items_purchased":["PlaceholderMod:SpinBlade","PlaceholderMod:PoisonExcitation","Orichalcum","PlaceholderMod:HardStinger+1","Toy Ornithopter","hexamod:Sixitude","PlaceholderMod:CorePoison+1"],"campfire_rested":0,"item_purchase_floors":[2,2,20,20,27,47,47],"current_hp_per_floor":[82,82,82,81,70,42,41,41,41,23,23,10,14,18,30,4,85,85,85,85,85,79,85,81,76,76,76,81,65,59,63,78,53,90,89,89,75,77,77,90,87,88,88,90,90,90,90,82,90,30,90,90,90,63,40],"gold":42,"neow_bonus":"TEN_PERCENT_HP_BONUS","is_daily":false,"chose_seed":false,"campfire_upgraded":8,"win_rate":0.0,"timestamp":1613038674,"path_taken":["M","$","?","M","?","E","M","R","T","E","R","E","M","?","R","BOSS","M","?","$","?","?","R","M","?","T","$","E","?","E","M","R","BOSS","M","M","M","?","?","R","E","M","T","M","R","?","$","M","R","BOSS","R","$","E","BOSS"],"items_purchased_type":["Card","Card","Relic","Card","Relic","Relic","Card"],"build_version":"2020-12-22","purchased_purges":1,"victory":true,"max_hp_per_floor":[85,85,85,85,85,85,85,85,85,85,85,85,85,85,85,85,85,85,85,85,85,85,85,85,85,85,85,85,90,90,90,90,90,90,90,90,90,90,90,90,90,90,90,90,90,90,90,90,90,90,90,90,90,90,90],"card_choices":[{"not_picked":["PlaceholderMod:DissolvingSpikes","PlaceholderMod:MultipleOxi"],"picked":"PlaceholderMod:CycleAttack","floor":1.0},{"not_picked":["PlaceholderMod:DissolvingSpikes","PlaceholderMod:ThreeBenzyolStart"],"picked":"PlaceholderMod:RadicalHit","floor":4.0},{"not_picked":["PlaceholderMod:NutritionAbsorb","PlaceholderMod:HardStrike"],"picked":"PlaceholderMod:EvolutionSpray","floor":5.0},{"not_picked":["PlaceholderMod:SprayAttack","PlaceholderMod:OHStrongAttack"],"picked":"PlaceholderMod:StrongAcid","floor":6.0},{"not_picked":["PlaceholderMod:NearChange","PlaceholderMod:HornyBlast"],"picked":"PlaceholderMod:NutritionAbsorb","floor":7.0},{"not_picked":["PlaceholderMod:SeverePoisonStrike","PlaceholderMod:Corrosion"],"picked":"PlaceholderMod:Activation","floor":10.0},{"not_picked":["PlaceholderMod:SpinBlade","PlaceholderMod:PoisonAbsorb+1"],"picked":"PlaceholderMod:Eat","floor":12.0},{"not_picked":["PlaceholderMod:SpinBlade","PlaceholderMod:PoisonAbsorb+1","PlaceholderMod:EvolutionSpray"],"picked":"SKIP","floor":13.0},{"not_picked":["PlaceholderMod:SprayAttack","PlaceholderMod:HornyBlast"],"picked":"PlaceholderMod:DirectingGroup+1","floor":14.0},{"not_picked":["PlaceholderMod:QualitativeChange+1","PlaceholderMod:Eat"],"picked":"PlaceholderMod:BlastSpray","floor":16.0},{"not_picked":["PlaceholderMod:Break+1","PlaceholderMod:PoisonAbsorb+1"],"picked":"PlaceholderMod:HardStinger+1","floor":18.0},{"not_picked":["PlaceholderMod:PoisonAbsorb+1","PlaceholderMod:Stratification+1"],"picked":"PlaceholderMod:ComplexForm+1","floor":24.0},{"not_picked":["PlaceholderMod:Polyp+1","PlaceholderMod:ConsolidateHit","PlaceholderMod:Stratification+1"],"picked":"SKIP","floor":25.0},{"not_picked":["PlaceholderMod:AttackAsDefend","PlaceholderMod:NutritionAbsorb+1"],"picked":"PlaceholderMod:ThreeBenzyolStart+1","floor":28.0},{"not_picked":["PlaceholderMod:PoisonBlast","PlaceholderMod:HardStrike"],"picked":"PlaceholderMod:TriggerStrike","floor":30.0},{"not_picked":["PlaceholderMod:SprayAttack","PlaceholderMod:ChainPoly+1"],"picked":"PlaceholderMod:HealingAttack+1","floor":31.0},{"not_picked":["PlaceholderMod:CorePoison+1","PlaceholderMod:InnerSoften+1"],"picked":"PlaceholderMod:DiffusionPoison","floor":33.0},{"not_picked":["PlaceholderMod:Turn+1","PlaceholderMod:HornyBlast+1","PlaceholderMod:SelectReaction+1"],"picked":"SKIP","floor":35.0},{"not_picked":["PlaceholderMod:ParasiteChange+1","PlaceholderMod:DirectingGroup+1"],"picked":"PlaceholderMod:ConsolidateHit+1","floor":36.0},{"not_picked":["PlaceholderMod:ConsolidateHit+1","PlaceholderMod:StressReaction+1","PlaceholderMod:ProliferateStrike"],"picked":"SKIP","floor":37.0},{"not_picked":["PlaceholderMod:ComplexForm","PlaceholderMod:Internalization+1"],"picked":"PlaceholderMod:InnerStable+1","floor":38.0},{"not_picked":["PlaceholderMod:TriggerStrike","PlaceholderMod:ProliferateStrike"],"picked":"PlaceholderMod:HornyBlast+1","floor":41.0},{"not_picked":["PlaceholderMod:SevereHeat+1","PlaceholderMod:Turn+1"],"picked":"PlaceholderMod:ThreeBenzyolStart+1","floor":42.0},{"not_picked":["PlaceholderMod:OHStrongAttack","PlaceholderMod:ConsolidateHit"],"picked":"PlaceholderMod:RadicalHit+1","floor":44.0},{"not_picked":["PlaceholderMod:Eat","PlaceholderMod:StressReaction+1"],"picked":"PlaceholderMod:StrongAcid+1","floor":48.0},{"not_picked":["PlaceholderMod:ConsolidateHit+1","PlaceholderMod:Polyp+1"],"picked":"PlaceholderMod:HighConcentration","floor":54}],"player_experience":215704,"relics_obtained":[{"floor":6.0,"key":"theSenshi:SailorFukuRelic"},{"floor":9.0,"key":"Bird Faced Urn"},{"floor":10.0,"key":"Mercury Hourglass"},{"floor":12.0,"key":"Toxic Egg 2"},{"floor":14.0,"key":"Eternal Feather"},{"floor":28.0,"key":"Torii"},{"floor":30.0,"key":"Blood Vial"},{"floor":38.0,"key":"TungstenRod"},{"floor":41.0,"key":"Ancient Tea Set"},{"floor":43.0,"key":"theSenshi:FeatherClipsRelic"},{"floor":46.0,"key":"Juzu Bracelet"},{"floor":54,"key":"Ice Cream"}],"event_choices":[{"damage_healed":0.0,"max_hp_gain":0.0,"max_hp_loss":0.0,"gold_gain":0.0,"event_name":"Dead Adventurer","player_choice":"Searched \u00272\u0027 times","floor":14.0,"gold_loss":0.0,"damage_taken":0.0},{"damage_healed":0.0,"max_hp_gain":0.0,"max_hp_loss":0.0,"gold_gain":0.0,"event_name":"Ghosts","player_choice":"Ignored","floor":21.0,"gold_loss":0.0,"damage_taken":0.0},{"damage_healed":0.0,"max_hp_gain":0.0,"max_hp_loss":0.0,"gold_gain":0.0,"event_name":"Nest","player_choice":"Joined the Cult","floor":22.0,"gold_loss":0.0,"damage_taken":6.0,"cards_obtained":["RitualDagger"]},{"damage_healed":0.0,"max_hp_gain":5.0,"max_hp_loss":0.0,"gold_gain":0.0,"event_name":"Forgotten Altar","player_choice":"Shed Blood","floor":29.0,"gold_loss":0.0,"damage_taken":21.0},{"damage_healed":0.0,"max_hp_gain":0.0,"max_hp_loss":0.0,"gold_gain":0.0,"event_name":"Mysterious Sphere","player_choice":"Fight","floor":38.0,"gold_loss":0.0,"damage_taken":0.0},{"cards_removed":["PlaceholderMod:StrongAcid"],"damage_healed":0.0,"max_hp_gain":0.0,"max_hp_loss":0.0,"gold_gain":0.0,"event_name":"Falling","player_choice":"Removed Skill","floor":39.0,"gold_loss":0.0,"damage_taken":0.0}],"is_beta":false,"boss_relics":[{"not_picked":["aspiration:PoetsPen_weak","aspiration:MarisaSkillbook"],"picked":"sneckomod:SneckoTalon"},{"not_picked":["SlaversCollar","aspiration:SecretTechniqueScroll"],"picked":"PlaceholderMod:LiveLive"}],"items_purged_floors":[20],"is_endless":false,"potions_floor_spawned":[6,7,10,12,14,24,25,30,35,38,41,42,48,54],"ascension_level":0}}