{"host":"syozzdlzcqop4jia","time":1613081189,"event":{"mods":["AchievementEnabler","BaseMod","Colored Map","Colored Powertips","Minty Spire (QoL Compilation)","Quick Restart"],"gold_per_floor":[115,115,131,31,31,62,75,75,75,93,93,21,33,50,50,153,153,163,179,278,60,75,75,102,28,79,79,79,99,99,99],"floor_reached":30,"language":"ENG","playtime":1490,"items_purged":[],"score":255,"play_id":"c7166ecc-6e72-4940-8574-31d5d8d685c3","local_time":"20210211230629","is_ascension_mode":false,"campfire_choices":[{"floor":8,"key":"RECALL"},{"floor":15,"key":"REST"},{"data":"Self Repair","floor":23,"key":"SMITH"},{"floor":28,"key":"REST"}],"circlet_count":0,"master_deck":["Strike_B","Strike_B","Strike_B","Strike_B","Defend_B","Defend_B","Defend_B","Defend_B","Zap+1","Dualcast","Lockon","Rebound","Ball Lightning","BootSequence","Tempest","Cold Snap","Stack","Zap","Storm","Redo","Rip and Tear","Buffer","Chill+1","Steam+1","Doom and Gloom","Self Repair+1","Conserve Battery","Loop","White Noise+1"],"relics":["Cracked Core","FaceOfCleric","Mercury Hourglass","Nuclear Battery","Vajra","Red Mask","Juzu Bracelet"],"acts_visited":["Exordium","TheCity"],"potions_floor_usage":[6,19,24],"damage_taken":[{"damage":3,"enemies":"Jaw Worm","floor":1,"turns":3},{"damage":0,"enemies":"Cultist","floor":3,"turns":2},{"damage":17,"enemies":"3 Sentries","floor":6,"turns":6},{"damage":0,"enemies":"2 Louse","floor":7,"turns":2},{"damage":0,"enemies":"Gremlin Gang","floor":10,"turns":3},{"damage":12,"enemies":"Blue Slaver","floor":13,"turns":3},{"damage":0,"enemies":"Exordium Wildlife","floor":14,"turns":3},{"damage":66,"enemies":"Hexaghost","floor":16,"turns":9},{"damage":17,"enemies":"Spheric Guardian","floor":18,"turns":4},{"damage":7,"enemies":"Shell Parasite","floor":19,"turns":4},{"damage":0,"enemies":"Chosen and Byrds","floor":22,"turns":4},{"damage":0,"enemies":"Masked Bandits","floor":24,"turns":2},{"damage":0,"enemies":"Centurion and Healer","floor":29,"turns":4},{"damage":80,"enemies":"Book of Stabbing","floor":30,"turns":5}],"seed_played":"-3224496069381687571","potions_obtained":[{"floor":1,"key":"Fire Potion"},{"floor":6,"key":"Swift Potion"},{"floor":13,"key":"FocusPotion"},{"floor":18,"key":"LiquidBronze"},{"floor":19,"key":"SpeedPotion"},{"floor":29,"key":"Explosive Potion"}],"is_trial":false,"path_per_floor":["M","?","M","$","$","E","M","R","T","M","?","$","M","M","R","B",null,"M","M","?","$","M","R","?","$","T","?","R","M","E"],"character_chosen":"DEFECT","items_purchased":["Ball Lightning","BootSequence","Storm","Vajra","Doom and Gloom","Loop"],"campfire_rested":2,"item_purchase_floors":[4,4,12,21,21,25],"current_hp_per_floor":[72,72,73,73,73,57,58,58,58,59,59,59,48,49,73,8,82,66,60,60,60,61,61,62,62,62,45,72,73,0,0],"gold":99,"neow_bonus":"UPGRADE_CARD","is_daily":false,"chose_seed":false,"campfire_upgraded":1,"win_rate":0.0,"timestamp":1613081189,"path_taken":["M","?","M","?","$","E","?","R","T","M","?","$","M","?","R","BOSS","M","M","?","$","M","R","?","?","T","?","R","M","E"],"items_purchased_type":["Card","Card","Card","Relic","Card","Card"],"build_version":"2020-12-22","purchased_purges":0,"victory":false,"max_hp_per_floor":[75,75,76,76,76,77,78,78,78,79,79,79,80,81,81,82,82,83,84,84,84,85,85,86,86,86,91,91,92,92,92],"card_choices":[{"not_picked":["Doom and Gloom","Stack"],"picked":"Lockon","floor":1},{"not_picked":["Gash","Chill"],"picked":"Rebound","floor":3},{"not_picked":["Beam Cell","Steam Power"],"picked":"Tempest","floor":6},{"not_picked":["Force Field","Streamline"],"picked":"Cold Snap","floor":7},{"not_picked":["Rebound","Steam Power"],"picked":"Stack","floor":10},{"not_picked":["Stack","Gash"],"picked":"Redo","floor":13},{"not_picked":["Steam Power","Glacier"],"picked":"Rip and Tear","floor":14},{"not_picked":["Core Surge","Fission"],"picked":"Buffer","floor":16},{"not_picked":["Barrage+1","Sweeping Beam"],"picked":"Chill+1","floor":18},{"not_picked":["Reprogram","Leap"],"picked":"Steam+1","floor":19},{"not_picked":["Go for the Eyes","Loop+1"],"picked":"Self Repair","floor":22},{"not_picked":["Turbo+1","Heatsinks+1"],"picked":"Conserve Battery","floor":24},{"not_picked":["Beam Cell+1","Consume"],"picked":"White Noise+1","floor":29}],"player_experience":690454,"relics_obtained":[{"floor":6,"key":"Mercury Hourglass"},{"floor":24,"key":"Red Mask"},{"floor":26,"key":"Juzu Bracelet"}],"event_choices":[{"damage_healed":0,"gold_gain":0,"player_choice":"Trade","damage_taken":0,"relics_obtained":["FaceOfCleric"],"max_hp_gain":0,"max_hp_loss":0,"event_name":"FaceTrader","floor":2,"gold_loss":0},{"damage_healed":0,"gold_gain":0,"player_choice":"1 cards matched","damage_taken":0,"max_hp_gain":0,"max_hp_loss":0,"event_name":"Match and Keep!","floor":11,"gold_loss":0,"cards_obtained":["Zap"]},{"damage_healed":0,"gold_gain":99,"player_choice":"Stole From Cult","damage_taken":0,"max_hp_gain":0,"max_hp_loss":0,"event_name":"Nest","floor":20,"gold_loss":0},{"damage_healed":0,"gold_gain":0,"player_choice":"Fought Bandits","damage_taken":0,"max_hp_gain":0,"max_hp_loss":0,"event_name":"Masked Bandits","floor":24,"gold_loss":0},{"damage_healed":0,"gold_gain":0,"player_choice":"Shed Blood","damage_taken":22,"max_hp_gain":5,"max_hp_loss":0,"event_name":"Forgotten Altar","floor":27,"gold_loss":0}],"is_beta":false,"boss_relics":[{"not_picked":["Pandora\u0027s Box","Coffee Dripper"],"picked":"Nuclear Battery"}],"items_purged_floors":[],"is_endless":false,"potions_floor_spawned":[1,6,13,18,19,29],"killed_by":"Book of Stabbing","ascension_level":0}}