{"host":"7h05nr6qm89lgkco","time":1613023911,"event":{"mods":["BaseMod","Bestiary","Block Reminder","ChefMod","Colored Powertips","DeckTracker","Downfall","Friendly Minions","Minty Spire (QoL Compilation)","Quick Restart","Rare Cards Sparkle","Relic Stats","StSLib","The Cursed","The Poker Player","Unceasing Turn Reminder"],"gold_per_floor":[99,110,130,130,230,230,253,265,278,311,331,341,360,389,402,504,504,504,520,520,537,555,396,446,458,484,484,502,502,502,536,550,649,649,549,565,665,684,645,545,545,564,589,602,502,519,553,569,579,579,579,609,19,19,19,19],"floor_reached":57,"language":"ZHS","playtime":3864,"items_purged":["downfall:Malfunctioning","Pride","champ:Defend"],"score":1374,"play_id":"5e0891fd-da61-4977-8e74-90aa8c3f4e2f","local_time":"20210211141151","is_ascension_mode":true,"campfire_choices":[{"data":"champ:Taunt","floor":1.0,"key":"SMITH"},{"data":"champ:RisingSlash","floor":6.0,"key":"SMITH"},{"data":"champ:LastStand","floor":18.0,"key":"SMITH"},{"data":"champ:Lariat","floor":27.0,"key":"SMITH"},{"data":"champ:HeartStrike","floor":29.0,"key":"SMITH"},{"floor":35.0,"key":"RECALL"},{"data":"champ:GladiatorForm","floor":40.0,"key":"SMITH"},{"data":"champ:BerserkersShout","floor":45.0,"key":"SMITH"},{"data":"champ:CheapShot","floor":54.0,"key":"SMITH"}],"circlet_count":0,"master_deck":["champ:Strike+1","champ:Strike+1","champ:Defend","champ:Defend","champ:Execute","champ:Taunt+1","champ:RisingSlash+1","champ:RageSigil+1","champ:ShieldSigil","champ:FanOfKnives","champ:BerserkersShout+1","champ:EnragedBash","champ:LastStand+1","champ:SwordSigil+1","champ:PreciseThrust+1","champ:RageSigil+1","champ:RapidStrikes+1","champ:LastStand+1","champ:Shatter+1","champ:HeartStrike+1","champ:Lariat+1","champ:GladiatorForm+1","champ:BerserkersShout+1","champ:Duel+1","champ:AdrenalArmor+1","champ:Duel+1","champ:CheapShot+1","Trip","Master of Strategy"],"relics":["champ:ChampionCrown","Bag of Marbles","Centennial Puzzle","FossilizedHelix","Happy Flower","Astrolabe","Smiling Mask","MealTicket","Lizard Tail","Pantograph","Coffee Dripper","downfall:HeartBlessingGreen","champ:BerserkersGuideToSlaughter","PreservedInsect","downfall:HeartBlessingRed","Vajra","downfall:HeartBlessingBlue","Pen Nib","Guardian:PocketSentry","HandDrill"],"acts_visited":["Exordium","TheCity","TheBeyond","TheEnding"],"potions_floor_usage":[56,56,56],"damage_taken":[{"damage":13.0,"enemies":"Jaw Worm","floor":2.0,"turns":3.0},{"damage":14.0,"enemies":"2 Louse","floor":3.0,"turns":2.0},{"damage":10.0,"enemies":"Cultist","floor":8.0,"turns":2.0},{"damage":31.0,"enemies":"Large Slime","floor":9.0,"turns":4.0},{"damage":25.0,"enemies":"Gremlin Nob","floor":10.0,"turns":2.0},{"damage":53.0,"enemies":"Lots of Slimes","floor":11.0,"turns":3.0},{"damage":12.0,"enemies":"Blue Slaver","floor":12.0,"turns":2.0},{"damage":25.0,"enemies":"Lots of Slimes","floor":13.0,"turns":3.0},{"damage":71.0,"enemies":"Lagavulin","floor":14.0,"turns":6.0},{"damage":5.0,"enemies":"Exordium Thugs","floor":15.0,"turns":3.0},{"damage":158.0,"enemies":"DF_ARCHETYPE_STREAMLINE","floor":16.0,"turns":8.0},{"damage":72.0,"enemies":"3 Byrds","floor":19.0,"turns":3.0},{"damage":33.0,"enemies":"Shell Parasite","floor":21.0,"turns":2.0},{"damage":109.0,"enemies":"Chosen and Byrds","floor":22.0,"turns":6.0},{"damage":69.0,"enemies":"downfall:FleeingMerchant","floor":23.0,"turns":4.0},{"damage":40.0,"enemies":"Snecko","floor":25.0,"turns":1.0},{"damage":74.0,"enemies":"Slavers","floor":26.0,"turns":4.0},{"damage":36.0,"enemies":"Shelled Parasite and Fungi","floor":28.0,"turns":2.0},{"damage":36.0,"enemies":"Book of Stabbing","floor":31.0,"turns":3.0},{"damage":33.0,"enemies":"Chosen and Byrds","floor":32.0,"turns":5.0},{"damage":126.0,"enemies":"SI_MIRROR_ARCHETYPE","floor":33.0,"turns":6.0},{"damage":63.0,"enemies":"3 Shapes","floor":36.0,"turns":5.0},{"damage":106.0,"enemies":"3 Darklings","floor":38.0,"turns":3.0},{"damage":60.0,"enemies":"downfall:FleeingMerchant","floor":39.0,"turns":2.0},{"damage":88.0,"enemies":"Maw","floor":42.0,"turns":5.0},{"damage":67.0,"enemies":"Reptomancer","floor":43.0,"turns":3.0},{"damage":16.0,"enemies":"Jaw Worm Horde","floor":44.0,"turns":2.0},{"damage":94.0,"enemies":"4 Shapes","floor":46.0,"turns":5.0},{"damage":15.0,"enemies":"Nemesis","floor":47.0,"turns":1.0},{"damage":120.0,"enemies":"Transient","floor":48.0,"turns":3.0},{"damage":117.0,"enemies":"Maw","floor":49.0,"turns":3.0},{"damage":204.0,"enemies":"IC_BLOCK_ARCHETYPE","floor":50.0,"turns":5.0},{"damage":90.0,"enemies":"downfall:CharBossMerchant","floor":52.0,"turns":4.0},{"damage":209,"enemies":"downfall:NeowBoss","floor":55,"turns":8},{"damage":169,"enemies":"downfall:NeowBossFinal","floor":56,"turns":8}],"seed_played":"5189438973494452128","potions_obtained":[{"floor":2.0,"key":"LiquidMemories"},{"floor":3.0,"key":"champ:TechniquePotion"},{"floor":11.0,"key":"FearPotion"},{"floor":13.0,"key":"Regen Potion"},{"floor":16.0,"key":"Slimebound:ThreeZeroPotion"},{"floor":21.0,"key":"PowerPotion"},{"floor":25.0,"key":"BlessingOfTheForge"},{"floor":28.0,"key":"Energy Potion"},{"floor":31.0,"key":"Regen Potion"},{"floor":32.0,"key":"Fire Potion"},{"floor":43.0,"key":"FearPotion"},{"floor":46.0,"key":"Swift Potion"},{"floor":47.0,"key":"Energy Potion"},{"floor":48.0,"key":"Dexterity Potion"}],"is_trial":false,"path_per_floor":["R","M","M","?","?","R","T","M","M","E","M","M","M","E","M","B",null,"R","M","?","M","M","$","T","M","E","R","M","R","?","E","M","B",null,"R","M","?","M","$","R","T","M","E","M","R","M","E","M","M","B",null,"E","$","R","B","B",null],"character_chosen":"THE_CHAMP","items_purchased":["champ:HeartStrike","champ:BerserkersGuideToSlaughter","PreservedInsect","Swift Potion","Trip","HandDrill","Master of Strategy","Weak Potion"],"campfire_rested":0,"item_purchase_floors":[23,39,39,53,53,53,53,53],"current_hp_per_floor":[90,87,83,83,83,83,83,83,77,77,79,82,82,78,78,30,90,90,88,88,82,53,51,51,56,37,37,37,37,37,31,27,27,90,90,87,87,90,90,90,90,72,65,79,89,100,100,100,93,66,100,100,100,100,66,48],"gold":19,"neow_bonus":"RANDOM_COMMON_RELIC","is_daily":false,"chose_seed":false,"campfire_upgraded":8,"win_rate":0.0,"timestamp":1613023911,"path_taken":["R","M","M","?","?","R","T","?","M","E","M","M","M","E","M","BOSS","R","M","?","M","M","$","T","?","E","R","M","R","?","E","M","BOSS","R","M","?","M","$","R","T","?","E","M","R","M","E","M","M","BOSS","E","$","R","BOSS","BOSS"],"items_purchased_type":["Card","Relic","Relic","Potion","Card","Relic","Card","Potion"],"build_version":"2020-12-22","purchased_purges":3,"victory":true,"max_hp_per_floor":[90,90,90,90,90,90,90,90,90,90,90,90,90,90,90,90,90,90,90,90,90,90,90,90,90,90,90,90,90,90,90,90,90,90,90,90,90,90,90,90,90,90,90,90,100,100,100,100,100,100,100,100,100,100,100,100],"relic_stats":{"Centennial Puzzle":[98],"Lizard Tail":0,"Happy Flower":[34],"counters":[35,131],"Astrolabe":["champ:SwordSigil","champ:PreciseThrust","champ:RageSigil"],"Pantograph":57,"MealTicket":0,"PreservedInsect":205,"Pen Nib":[10],"HandDrill":[20],"Smiling Mask":125,"obtain_stats":[{"Happy Flower":14,"downfall:HeartBlessingRed":40,"Astrolabe":17,"Vajra":43,"champ:ChampionCrown":0,"downfall:HeartBlessingGreen":35,"PreservedInsect":39,"Pen Nib":47,"Guardian:PocketSentry":52,"Smiling Mask":24,"Centennial Puzzle":7,"Lizard Tail":30,"downfall:HeartBlessingBlue":45,"Pantograph":31,"MealTicket":26,"Bag of Marbles":0,"Coffee Dripper":34,"HandDrill":53,"champ:BerserkersGuideToSlaughter":39,"FossilizedHelix":10},{"Happy Flower":9,"downfall:HeartBlessingRed":24,"Astrolabe":11,"Vajra":26,"champ:ChampionCrown":0,"downfall:HeartBlessingGreen":21,"PreservedInsect":24,"Pen Nib":29,"Guardian:PocketSentry":33,"Smiling Mask":15,"Centennial Puzzle":2,"Lizard Tail":18,"downfall:HeartBlessingBlue":27,"Pantograph":19,"MealTicket":17,"Bag of Marbles":0,"Coffee Dripper":21,"HandDrill":33,"champ:BerserkersGuideToSlaughter":24,"FossilizedHelix":5},{"Happy Flower":27,"downfall:HeartBlessingRed":84,"Astrolabe":38,"Vajra":92,"champ:ChampionCrown":0,"downfall:HeartBlessingGreen":74,"PreservedInsect":84,"Pen Nib":100,"Guardian:PocketSentry":115,"Smiling Mask":53,"Centennial Puzzle":5,"Lizard Tail":60,"downfall:HeartBlessingBlue":94,"Pantograph":63,"MealTicket":58,"Bag of Marbles":0,"Coffee Dripper":74,"HandDrill":115,"champ:BerserkersGuideToSlaughter":84,"FossilizedHelix":13}]},"card_choices":[{"not_picked":["champ:FlashCut","champ:CrownThrow"],"picked":"champ:RisingSlash","floor":2.0},{"not_picked":["champ:RapidStrikes","champ:DefensiveStyle"],"picked":"champ:RageSigil","floor":3.0},{"not_picked":["champ:PerfectedStrike","champ:EnGarde","champ:Backstep"],"picked":"SKIP","floor":8.0},{"not_picked":["champ:AdrenalArmor","champ:Haymaker"],"picked":"champ:ShieldSigil","floor":9.0},{"not_picked":["champ:PreciseThrust","champ:FocusedDefense","champ:Backstep"],"picked":"SKIP","floor":10.0},{"not_picked":["champ:PreciseThrust","champ:BladeFlurry"],"picked":"champ:FanOfKnives","floor":11.0},{"not_picked":["champ:PerfectedStrike","champ:SkillfulDodge","champ:BladeFlurry"],"picked":"SKIP","floor":12.0},{"not_picked":["champ:StanceDance","champ:GutPunch"],"picked":"champ:BerserkersShout","floor":13.0},{"not_picked":["champ:TornadoPunch","champ:EnGarde","champ:ShieldWall"],"picked":"SKIP","floor":14.0},{"not_picked":["champ:Haymaker","champ:BerserkerStyle"],"picked":"champ:EnragedBash","floor":15.0},{"not_picked":["champ:ShieldThrow","champ:HeavySlash"],"picked":"champ:LastStand","floor":16.0},{"not_picked":["champ:ShieldSigil+1","champ:BladeFlurry"],"picked":"champ:RapidStrikes+1","floor":19.0},{"not_picked":["champ:FanOfKnives","champ:ShieldSigil","champ:DefensiveStyle"],"picked":"SKIP","floor":21.0},{"not_picked":["champ:Endure","champ:PerfectedStrike"],"picked":"champ:Shatter+1","floor":22.0},{"not_picked":["champ:CrownThrow","champ:FanOfKnives+1","champ:GutPunch"],"picked":"SKIP","floor":23.0},{"not_picked":["champ:PreciseThrust","champ:TornadoPunch","champ:ShieldThrow"],"picked":"SKIP","floor":25.0},{"not_picked":["champ:Endure","champ:Backstep"],"picked":"champ:Lariat","floor":26.0},{"not_picked":["champ:CrownThrow+1","champ:ShieldSigil+1","champ:FancyFootwork"],"picked":"SKIP","floor":28.0},{"not_picked":["champ:HeartStrike","champ:DefensiveShout","champ:BerserkersShout"],"picked":"SKIP","floor":31.0},{"not_picked":["champ:EndlessRage","champ:ShieldSigil","champ:BerserkerStyle"],"picked":"SKIP","floor":32.0},{"not_picked":["champ:HeavySlash","champ:StrikeOfGenius"],"picked":"champ:GladiatorForm","floor":33.0},{"not_picked":["champ:IronFortress","champ:EnGarde"],"picked":"champ:BerserkersShout+1","floor":36.0},{"not_picked":["champ:SetATrap","champ:SwordSigil","champ:DefensiveStyle"],"picked":"SKIP","floor":38.0},{"not_picked":["champ:FalseCounter","champ:BringItOn"],"picked":"champ:Duel+1","floor":39.0},{"not_picked":["champ:BerserkersShout","champ:TornadoPunch","champ:PerfectedStrike+1"],"picked":"SKIP","floor":42.0},{"not_picked":["champ:ShieldSigil","champ:TornadoPunch","champ:PerfectedStrike+1"],"picked":"SKIP","floor":43.0},{"not_picked":["champ:Haymaker","champ:FocusedBerserking"],"picked":"champ:AdrenalArmor+1","floor":44.0},{"not_picked":["champ:CrownThrow","champ:Shatter+1","champ:DefensiveStyle"],"picked":"SKIP","floor":46.0},{"not_picked":["champ:CrownThrow","champ:Shatter+1","champ:DefensiveStyle"],"picked":"SKIP","floor":46.0},{"not_picked":["champ:CrownThrow","champ:Shatter+1","champ:DefensiveStyle"],"picked":"SKIP","floor":46.0},{"not_picked":["champ:FalseCounter+1","champ:RisingSlash+1"],"picked":"champ:Duel+1","floor":47.0},{"not_picked":["champ:PreciseThrust","champ:ShieldWall+1","champ:BringItOn"],"picked":"SKIP","floor":48.0},{"not_picked":["champ:CrownThrow+1","champ:AdrenalArmor","champ:DefensiveShout+1"],"picked":"SKIP","floor":49.0},{"not_picked":["champ:EnGarde","champ:SkillfulDodge"],"picked":"champ:CheapShot","floor":52.0}],"player_experience":918559,"relics_obtained":[{"floor":7.0,"key":"Centennial Puzzle"},{"floor":10.0,"key":"FossilizedHelix"},{"floor":14.0,"key":"Happy Flower"},{"floor":24.0,"key":"Smiling Mask"},{"floor":26.0,"key":"MealTicket"},{"floor":31.0,"key":"Pantograph"},{"floor":43.0,"key":"Vajra"},{"floor":47.0,"key":"Pen Nib"},{"floor":52.0,"key":"Guardian:PocketSentry"}],"event_choices":[{"damage_healed":0.0,"max_hp_gain":0.0,"max_hp_loss":0.0,"gold_gain":0.0,"event_name":"Addict","player_choice":"Stole Relic","floor":30.0,"gold_loss":0.0,"damage_taken":0.0,"relics_obtained":["Lizard Tail"],"cards_obtained":["Pride"]}],"is_beta":false,"boss_relics":[{"not_picked":["Runic Pyramid","bronze:MakeshiftBattery"],"picked":"Astrolabe"},{"not_picked":["Runic Dome","Philosopher\u0027s Stone"],"picked":"Coffee Dripper"}],"items_purged_floors":[23,39,53],"is_endless":false,"potions_floor_spawned":[2,3,11,13,16,21,25,28,31,32,43,46,47,48],"ascension_level":1}}