{"host":"eft627g0ddukeijo","time":1613080004,"event":{"mods":["AchievementEnabler","BaseMod","Bestiary","Better Note","Block Reminder","Colored Powertips","Filter the Spire","Highlight Path","Minty Spire (QoL Compilation)","Permanent Neow","Quick Restart","Rare Cards Sparkle","Relic Stats","Slay-I","StSLib","Weighted Paths"],"gold_per_floor":[118,130,130,130,147,147,178,178,178,245,259,19,96,136,136,241,241,268,318,386,510,527,527,538,560,560,560,610,120,141,191,191,301,301,327,348,376,476,526,526,537,558,558,558,593,667,693,714,714,714,714],"floor_reached":50,"language":"ENG","playtime":2394,"items_purged":["Strike_R"],"score":805,"play_id":"529b0a22-e474-403e-b3a1-7f5c488f71a3","local_time":"20210212064644","is_ascension_mode":true,"campfire_choices":[{"floor":6.0,"key":"REST"},{"floor":8.0,"key":"REST"},{"floor":15.0,"key":"REST"},{"floor":23.0,"key":"RECALL"},{"floor":27.0,"key":"REST"},{"floor":32.0,"key":"REST"},{"data":"Apotheosis","floor":40.0,"key":"SMITH"},{"floor":44.0,"key":"REST"},{"floor":49.0,"key":"REST"}],"circlet_count":0,"master_deck":["Strike_R","Strike_R","Strike_R+1","Defend_R","Defend_R","Defend_R","Defend_R","Bash","Heavy Blade+1","Flame Barrier","Whirlwind","Apotheosis+1","Reaper","Bludgeon","Body Slam","Uppercut","Shrug It Off","Shrug It Off+1","Impervious","Metallicize","Pummel+1","Sword Boomerang+1","Offering","Dropkick","Shrug It Off+1","Battle Trance+1"],"relics":["Black Blood","Gambling Chip","SsserpentHead","Blue Candle","CeramicFish","Orichalcum","Velvet Choker","Paper Frog","HornCleat","MutagenicStrength","Medical Kit","Whetstone","Omamori","Prayer Wheel","Oddly Smooth Stone","Pantograph"],"acts_visited":["Exordium","TheCity","TheBeyond"],"potions_floor_usage":[],"damage_taken":[{"damage":12.0,"enemies":"Jaw Worm","floor":1.0,"turns":3.0},{"damage":6.0,"enemies":"2 Louse","floor":2.0,"turns":3.0},{"damage":10.0,"enemies":"Cultist","floor":5.0,"turns":4.0},{"damage":8.0,"enemies":"Gremlin Nob","floor":7.0,"turns":3.0},{"damage":14.0,"enemies":"Red Slaver","floor":10.0,"turns":3.0},{"damage":18.0,"enemies":"Exordium Wildlife","floor":11.0,"turns":5.0},{"damage":52.0,"enemies":"3 Sentries","floor":14.0,"turns":14.0},{"damage":0.0,"enemies":"Slime Boss","floor":16.0,"turns":15.0},{"damage":10.0,"enemies":"Spheric Guardian","floor":18.0,"turns":4.0},{"damage":2.0,"enemies":"3 Byrds","floor":20.0,"turns":4.0},{"damage":12.0,"enemies":"3 Cultists","floor":22.0,"turns":5.0},{"damage":20.0,"enemies":"Centurion and Healer","floor":24.0,"turns":5.0},{"damage":35.0,"enemies":"Chosen and Byrds","floor":25.0,"turns":7.0},{"damage":9.0,"enemies":"Cultist and Chosen","floor":30.0,"turns":6.0},{"damage":77.0,"enemies":"Collector","floor":33.0,"turns":10.0},{"damage":8.0,"enemies":"3 Shapes","floor":35.0,"turns":7.0},{"damage":41.0,"enemies":"3 Darklings","floor":36.0,"turns":5.0},{"damage":35.0,"enemies":"4 Shapes","floor":37.0,"turns":4.0},{"damage":14.0,"enemies":"Mind Bloom Boss Battle","floor":38.0,"turns":10.0},{"damage":46.0,"enemies":"Spire Growth","floor":41.0,"turns":8.0},{"damage":17.0,"enemies":"Maw","floor":42.0,"turns":9.0},{"damage":30.0,"enemies":"Nemesis","floor":45.0,"turns":10.0},{"damage":29.0,"enemies":"Transient","floor":46.0,"turns":5.0},{"damage":17.0,"enemies":"Writhing Mass","floor":47.0,"turns":7.0},{"damage":12.0,"enemies":"Spire Growth","floor":48.0,"turns":4.0},{"damage":86,"enemies":"Awakened One","floor":50,"turns":15}],"seed_played":"-8315457023448452447","potions_obtained":[{"floor":1.0,"key":"LiquidMemories"},{"floor":2.0,"key":"DistilledChaos"},{"floor":11.0,"key":"SneckoOil"},{"floor":14.0,"key":"EntropicBrew"},{"floor":18.0,"key":"DuplicationPotion"},{"floor":22.0,"key":"Fire Potion"},{"floor":35.0,"key":"Strength Potion"},{"floor":38.0,"key":"Block Potion"},{"floor":42.0,"key":"PowerPotion"},{"floor":46.0,"key":"FearPotion"},{"floor":47.0,"key":"AttackPotion"}],"is_trial":false,"path_per_floor":["M","M","?","?","M","R","E","R","T","M","M","$","T","E","R","B",null,"M","?","M","T","M","R","M","M","T","R","?","$","M","?","R","B",null,"M","M","M","?","?","R","M","M","T","R","E","M","M","M","R","B"],"character_chosen":"IRONCLAD","items_purchased":["Apotheosis","Medical Kit","Whetstone","Omamori","Shrug It Off"],"campfire_rested":7,"item_purchase_floors":[12,29,29,29,29],"current_hp_per_floor":[45,45,38,38,34,58,56,80,80,72,60,60,60,14,38,51,73,69,69,79,79,73,73,59,38,38,62,62,62,69,54,79,8,66,83,71,66,69,69,69,35,38,38,63,45,28,31,31,56,0,0],"gold":714,"neow_bonus":"ONE_RARE_RELIC","is_daily":false,"chose_seed":false,"campfire_upgraded":1,"win_rate":0.0,"timestamp":1613080004,"path_taken":["M","M","?","?","M","R","E","R","T","?","M","$","?","E","R","BOSS","M","?","?","?","M","R","M","M","T","R","?","$","M","?","R","BOSS","M","M","M","?","?","R","M","M","T","R","E","?","M","M","R","BOSS"],"items_purchased_type":["Card","Relic","Relic","Relic","Card"],"build_version":"2020-12-22","purchased_purges":1,"victory":false,"max_hp_per_floor":[80,80,80,80,80,80,80,80,80,80,80,80,80,80,80,80,80,80,80,80,80,80,80,80,80,80,80,80,80,80,85,85,85,85,85,85,85,85,85,85,85,85,85,85,85,85,85,85,85,85,85],"relic_stats":{"SsserpentHead":500,"counters":[26,175],"Gambling Chip":[70],"Blue Candle":[0],"CeramicFish":126,"Pantograph":25,"Black Blood":210,"Prayer Wheel":5,"Whetstone":["Strike_R","Heavy Blade"],"Orichalcum":[186],"Medical Kit":[11],"obtain_stats":[{"Blue Candle":7,"CeramicFish":13,"Velvet Choker":17,"Black Blood":34,"Oddly Smooth Stone":43,"Omamori":29,"Whetstone":29,"Orichalcum":14,"Medical Kit":29,"Burning Blood":0,"SsserpentHead":4,"HornCleat":26,"Gambling Chip":0,"MutagenicStrength":28,"Pantograph":45,"Prayer Wheel":38,"Paper Frog":21},{"Blue Candle":4,"CeramicFish":6,"Velvet Choker":8,"Black Blood":15,"Oddly Smooth Stone":21,"Omamori":13,"Whetstone":13,"Orichalcum":7,"Medical Kit":13,"Burning Blood":0,"SsserpentHead":2,"HornCleat":13,"Gambling Chip":0,"MutagenicStrength":13,"Pantograph":22,"Prayer Wheel":19,"Paper Frog":10},{"Blue Candle":13,"CeramicFish":21,"Velvet Choker":50,"Black Blood":91,"Oddly Smooth Stone":134,"Omamori":75,"Whetstone":75,"Orichalcum":35,"Medical Kit":75,"Burning Blood":0,"SsserpentHead":6,"HornCleat":75,"Gambling Chip":0,"MutagenicStrength":75,"Pantograph":144,"Prayer Wheel":117,"Paper Frog":58}]},"card_choices":[{"not_picked":["Evolve","Warcry"],"picked":"Heavy Blade","floor":1.0},{"not_picked":["Sever Soul","Dropkick"],"picked":"Flame Barrier","floor":2.0},{"not_picked":["Burning Pact","Armaments"],"picked":"Whirlwind","floor":5.0},{"not_picked":["Iron Wave","Wild Strike","Blood for Blood"],"picked":"SKIP","floor":7.0},{"not_picked":["Thunderclap","Iron Wave","Fire Breathing"],"picked":"SKIP","floor":10.0},{"not_picked":["Infernal Blade","Whirlwind","Burning Pact"],"picked":"SKIP","floor":11.0},{"not_picked":["Sword Boomerang","Iron Wave"],"picked":"Reaper","floor":14.0},{"not_picked":["Berserk","Exhume"],"picked":"Bludgeon","floor":16.0},{"not_picked":["Headbutt","Flex"],"picked":"Body Slam","floor":18.0},{"not_picked":["Flex+1","Shrug It Off","Whirlwind+1"],"picked":"SKIP","floor":20.0},{"not_picked":["Entrench","Havoc","Bloodletting+1"],"picked":"SKIP","floor":22.0},{"not_picked":["Evolve","Clash+1","Rampage"],"picked":"SKIP","floor":24.0},{"not_picked":["Pommel Strike","Thunderclap"],"picked":"Uppercut","floor":25.0},{"not_picked":["Clothesline","Fiend Fire"],"picked":"Shrug It Off+1","floor":30.0},{"not_picked":["Berserk","Double Tap"],"picked":"Impervious","floor":33.0},{"not_picked":["Havoc+1","Wild Strike+1"],"picked":"Metallicize","floor":35.0},{"not_picked":["Clothesline+1","Dual Wield"],"picked":"Pummel+1","floor":36.0},{"not_picked":["Shrug It Off","Havoc+1"],"picked":"Sword Boomerang+1","floor":37.0},{"not_picked":["Anger","Twin Strike+1","Entrench"],"picked":"SKIP","floor":41.0},{"not_picked":["Entrench","Sword Boomerang","Infernal Blade"],"picked":"SKIP","floor":41.0},{"not_picked":["Twin Strike+1","Clash+1"],"picked":"Offering","floor":42.0},{"not_picked":["Pommel Strike","Bloodletting","Carnage+1"],"picked":"SKIP","floor":42.0},{"not_picked":["Flex+1","Clash","Wild Strike+1"],"picked":"SKIP","floor":45.0},{"not_picked":["Clothesline","Flame Barrier"],"picked":"Dropkick","floor":46.0},{"not_picked":["Uppercut+1","Rampage","Carnage+1"],"picked":"SKIP","floor":46.0},{"not_picked":["Pummel","Intimidate+1"],"picked":"Shrug It Off+1","floor":47.0},{"not_picked":["True Grit","Dark Embrace","Burning Pact+1"],"picked":"SKIP","floor":47.0},{"not_picked":["Clothesline+1","Clash+1"],"picked":"Battle Trance+1","floor":48.0},{"not_picked":["Brutality","Shrug It Off+1","Clash"],"picked":"SKIP","floor":48.0}],"player_experience":571991,"relics_obtained":[{"floor":7.0,"key":"Blue Candle"},{"floor":13.0,"key":"CeramicFish"},{"floor":14.0,"key":"Orichalcum"},{"floor":21.0,"key":"Paper Frog"},{"floor":26.0,"key":"HornCleat"},{"floor":38.0,"key":"Prayer Wheel"},{"floor":43.0,"key":"Oddly Smooth Stone"},{"floor":45.0,"key":"Pantograph"}],"event_choices":[{"cards_removed":["Strike_R"],"damage_healed":0.0,"max_hp_gain":0.0,"max_hp_loss":0.0,"gold_gain":0.0,"event_name":"Golden Wing","player_choice":"Card Removal","floor":3.0,"gold_loss":0.0,"damage_taken":7.0},{"damage_healed":0.0,"max_hp_gain":0.0,"max_hp_loss":0.0,"gold_gain":0.0,"event_name":"FaceTrader","player_choice":"Trade","floor":4.0,"gold_loss":0.0,"damage_taken":0.0,"relics_obtained":["SsserpentHead"]},{"cards_removed":["Strike_R"],"damage_healed":0.0,"max_hp_gain":0.0,"max_hp_loss":0.0,"gold_gain":0.0,"event_name":"betterNote:BetterNote","player_choice":"Give","floor":19.0,"gold_loss":0.0,"damage_taken":0.0,"cards_obtained":["Strike_R"]},{"damage_healed":0.0,"max_hp_gain":0.0,"max_hp_loss":0.0,"gold_gain":0.0,"event_name":"Drug Dealer","player_choice":"Inject Mutagens","floor":28.0,"gold_loss":0.0,"damage_taken":0.0,"relics_obtained":["MutagenicStrength"]},{"damage_healed":0.0,"max_hp_gain":5.0,"max_hp_loss":0.0,"gold_gain":0.0,"event_name":"Forgotten Altar","player_choice":"Shed Blood","floor":31.0,"gold_loss":0.0,"damage_taken":20.0},{"damage_healed":0.0,"max_hp_gain":0.0,"max_hp_loss":0.0,"gold_gain":0.0,"event_name":"MindBloom","player_choice":"Fight","floor":38.0,"gold_loss":0.0,"damage_taken":0.0},{"damage_healed":0.0,"max_hp_gain":0.0,"max_hp_loss":0.0,"gold_gain":0.0,"event_name":"Tomb of Lord Red Mask","player_choice":"Ignored","floor":39.0,"gold_loss":0.0,"damage_taken":0.0}],"is_beta":false,"boss_relics":[{"not_picked":["SacredBark","Runic Cube"],"picked":"Velvet Choker"},{"not_picked":["Tiny House","Runic Pyramid"],"picked":"Black Blood"}],"items_purged_floors":[12],"is_endless":false,"potions_floor_spawned":[1,2,11,14,18,22,35,38,42,46,47],"killed_by":"Awakened One","ascension_level":9}}