{"host":"gaqyve1328ta0etl","time":1613058938,"event":{"mods":["BaseMod","Colored Map","Colored Powertips","Duelist Mod","Googly Eyes","Hero for Fun","Minty Spire (QoL Compilation)","Shop Mod","StSLib","SuperFastMode","The Hierophant","The Runesmith"],"gold_per_floor":[141,113,128,128,140,140,157,182,208,218,218,218,230,230,230,325,325,344,224,145,165,181,181,197,216,216,269,269,286,297,316,316,434,434,445,445,107,117,136,136,156,156,233,233,11,11,24,34,34,34],"floor_reached":51,"language":"ENG","playtime":2433,"items_purged":["theDuelist:CastleWalls","theDuelist:GiantSoldier"],"score":1110,"play_id":"e47d0e8b-ae42-4e84-bf51-798b006a818d","local_time":"20210211075538","is_ascension_mode":true,"campfire_choices":[{"data":"theDuelist:KamionTimelord","floor":6,"key":"SMITH"},{"floor":12,"key":"REST"},{"data":"theDuelist:InstantFusion","floor":15,"key":"SMITH"},{"floor":23,"key":"REST"},{"floor":28,"key":"REST"},{"floor":32,"key":"REST"},{"floor":40,"key":"REST"},{"floor":42,"key":"REST"},{"floor":46,"key":"REST"},{"floor":49,"key":"REST"}],"circlet_count":0,"master_deck":["theDuelist:Tuningware+1","theDuelist:KamionTimelord+1","theDuelist:GiantSoldier","theDuelist:HappyLover","theDuelist:Reinforcements","theDuelist:RainbowKuriboh+1","theDuelist:InstantFusion+1","theDuelist:BattleFootballer","theDuelist:BeaverWarrior","theDuelist:PineappleBlast","theDuelist:HappyLover","theDuelist:Eva","theDuelist:FairyBox","theDuelist:BeaverWarrior","theDuelist:GraniteLoyalist","theDuelist:GridRod","theDuelist:YamiForm+1","theDuelist:ScrapFactory"],"relics":["theDuelist:MillenniumPuzzle","theDuelist:CardPoolRelic","theDuelist:CardPoolBasicRelic","theDuelist:BoosterPackPoolRelic","theDuelist:CardPoolAddRelic","theDuelist:CardPoolMinusRelic","theDuelist:CardPoolSaveRelic","theDuelist:CardPoolOptionsRelic","theDuelist:MillenniumArmor","Vajra","Red Skull","Empty Cage","War Paint","Ancient Tea Set","Fusion Hammer","Bottled Tornado","Cables","theDuelist:DuelistTeaSet","ClockworkSouvenir"],"acts_visited":["Exordium","TheCity","TheBeyond"],"potions_floor_usage":[13,16,18,22,27,29,30,33,38,41,50],"damage_taken":[{"damage":0,"enemies":"Jaw Worm","floor":1,"turns":5},{"damage":0,"enemies":"Small Slimes","floor":3,"turns":5},{"damage":0,"enemies":"2 Louse","floor":5,"turns":3},{"damage":24,"enemies":"Gremlin Gang","floor":7,"turns":7},{"damage":0,"enemies":"Lagavulin","floor":8,"turns":5},{"damage":0,"enemies":"3 Louse","floor":10,"turns":1},{"damage":0,"enemies":"2 Fungi Beasts","floor":13,"turns":1},{"damage":0,"enemies":"Hexaghost","floor":16,"turns":8},{"damage":0,"enemies":"Shell Parasite","floor":18,"turns":5},{"damage":29,"enemies":"2 Thieves","floor":21,"turns":3},{"damage":1,"enemies":"Centurion and Healer","floor":22,"turns":6},{"damage":0,"enemies":"3 Cultists","floor":24,"turns":3},{"damage":9,"enemies":"Snake Plant","floor":25,"turns":3},{"damage":35,"enemies":"Slavers","floor":27,"turns":7},{"damage":6,"enemies":"Shelled Parasite and Fungi","floor":29,"turns":8},{"damage":18,"enemies":"Cultist and Chosen","floor":30,"turns":8},{"damage":0,"enemies":"Automaton","floor":33,"turns":6},{"damage":0,"enemies":"Orb Walker","floor":35,"turns":4},{"damage":4,"enemies":"3 Darklings","floor":38,"turns":3},{"damage":0,"enemies":"Maw","floor":39,"turns":6},{"damage":0,"enemies":"Jaw Worm Horde","floor":41,"turns":3},{"damage":0,"enemies":"Sphere and 2 Shapes","floor":47,"turns":5},{"damage":40,"enemies":"Transient","floor":48,"turns":5},{"damage":0,"enemies":"Donu and Deca","floor":50,"turns":7}],"seed_played":"-7581781802724147555","potions_obtained":[{"floor":3,"key":"PowerPotion"},{"floor":5,"key":"Weak Potion"},{"floor":10,"key":"theDuelist:TributeBottle"},{"floor":16,"key":"theDuelist:BurningPotion"},{"floor":21,"key":"PowerPotion"},{"floor":22,"key":"theDuelist:MegaupgradePotion"},{"floor":24,"key":"theDuelist:MegaupgradePotion"},{"floor":27,"key":"SteroidPotion"},{"floor":29,"key":"theDuelist:WaterBottle"},{"floor":38,"key":"GhostInAJar"},{"floor":41,"key":"ColorlessPotion"}],"is_trial":false,"path_per_floor":["M","?","M","?","M","R","M","E","T","M","?","R","M","?","R","B",null,"M","$","?","M","M","R","M","M","T","E","R","M","M","?","R","B",null,"M","?","$","M","M","R","M","R","T","?","$","R","M","M","R","B",null],"character_chosen":"THE_DUELIST","items_purchased":["theDuelist:FairyBox","Bottled Tornado","ClockworkSouvenir","theDuelist:GridRod"],"campfire_rested":8,"item_purchase_floors":[19,37,45,45],"current_hp_per_floor":[80,80,80,74,74,74,50,50,50,50,50,74,74,74,74,74,79,79,79,79,50,49,73,73,64,64,29,53,47,29,29,53,53,73,73,73,73,69,69,80,80,80,80,74,74,80,80,40,64,64],"gold":34,"neow_bonus":"THREE_CARDS","is_daily":false,"chose_seed":false,"campfire_upgraded":2,"win_rate":0.0,"timestamp":1613058938,"path_taken":["M","?","M","?","M","R","M","E","T","M","?","R","?","?","R","BOSS","M","$","?","?","M","R","M","M","T","E","R","M","M","?","R","BOSS","M","?","$","M","M","R","?","R","T","?","$","R","M","?","R","BOSS"],"items_purchased_type":["Card","Relic","Relic","Card"],"build_version":"2020-12-22","purchased_purges":2,"victory":true,"max_hp_per_floor":[80,80,80,80,80,80,80,80,80,80,80,80,80,80,80,80,80,80,80,80,80,80,80,80,80,80,80,80,80,80,80,80,80,80,80,80,80,80,80,80,80,80,80,80,80,80,80,80,80,80],"card_choices":[{"not_picked":["theDuelist:PowerWall","theDuelist:AfterGenocide"],"picked":"theDuelist:Eva","floor":0},{"not_picked":["theDuelist:WormKing","theDuelist:DarklordSuperbia","theDuelist:Mausoleum","theDuelist:PreventRat"],"picked":"theDuelist:BattleFootballer","floor":1},{"not_picked":["theDuelist:SwordsConcealing","theDuelist:Mathematician"],"picked":"theDuelist:InstantFusion","floor":3},{"not_picked":["theDuelist:YamiForm","theDuelist:SwordsConcealing","theDuelist:SevenCompleted","theDuelist:LightningBlade"],"picked":"theDuelist:KamionTimelord","floor":5},{"not_picked":["theDuelist:Wiretap","theDuelist:SilverApples","theDuelist:MiraculousDescent","theDuelist:CrystalRaigeki"],"picked":"theDuelist:PineappleBlast","floor":7},{"not_picked":["theDuelist:LightningVortex","theDuelist:DeltaAttacker","theDuelist:WhiteMagicalHat","theDuelist:Sangan"],"picked":"theDuelist:Reinforcements","floor":8},{"not_picked":["theDuelist:WhiteHowling+1","theDuelist:ImperialOrder+1","theDuelist:ElectromagneticShield+1","theDuelist:GravityAxe+1"],"picked":"theDuelist:YamiForm+1","floor":10},{"not_picked":["theDuelist:RainbowNeos","theDuelist:Eva","theDuelist:BlockGolem","theDuelist:DestroyerGolem"],"picked":"theDuelist:RainbowKuriboh","floor":13},{"not_picked":["theDuelist:RainbowNeos","theDuelist:Eva","theDuelist:RainbowKuriboh","theDuelist:RainbowOverdragon"],"picked":"theDuelist:HappyLover","floor":16},{"not_picked":["theDuelist:CombinationAttack","theDuelist:ScrapFactory","theDuelist:SpiritHarp","theDuelist:PsychicShockwave+1"],"picked":"theDuelist:Tuningware","floor":18},{"not_picked":["theDuelist:SangaEarth","theDuelist:AmuletAmbition","theDuelist:MythicalBeast+1","theDuelist:InstantFusion","theDuelist:SwordsConcealing+1"],"picked":"SKIP","floor":21},{"not_picked":["theDuelist:RainbowNeos","theDuelist:Invigoration","theDuelist:Eva","theDuelist:MagnumShield","theDuelist:UnderworldCannon"],"picked":"SKIP","floor":22},{"not_picked":["theDuelist:CombinationAttack","theDuelist:Downbeat","theDuelist:SpiritHarp","theDuelist:RainbowNeos+1","theDuelist:BigKoala+1"],"picked":"SKIP","floor":24},{"not_picked":["theDuelist:MeteorDestruction","theDuelist:Hinotama","theDuelist:CoreBlaster","theDuelist:RainbowNeos","theDuelist:StarBlast+1"],"picked":"SKIP","floor":25},{"not_picked":["theDuelist:Eva+1","theDuelist:DokiDoki+1","theDuelist:GemElephant+1","theDuelist:PowerGiant"],"picked":"theDuelist:GraniteLoyalist","floor":27},{"not_picked":["theDuelist:Predaponics","theDuelist:MiracleFertilizer","theDuelist:MagnumShield","theDuelist:CrystalBlessing+1","theDuelist:WormApocalypse+1"],"picked":"SKIP","floor":29},{"not_picked":["Enlightenment+1","Impatience","Sadistic Nature","Violence"],"picked":"SKIP","floor":30},{"not_picked":["theDuelist:RainbowNeos","theDuelist:KamionTimelord+1","theDuelist:Eva","theDuelist:RainbowOverdragon"],"picked":"theDuelist:HappyLover","floor":33},{"not_picked":["theDuelist:RainbowNeos","theDuelist:Eva+1","theDuelist:BlueBloodedOni","theDuelist:GreyGreedOni+1","theDuelist:RainbowOverdragon+1"],"picked":"SKIP","floor":35},{"not_picked":["theDuelist:UnderworldCannon","theDuelist:DarkFactory+1","theDuelist:GravityAxe+1","theDuelist:ElectromagneticShield","theDuelist:FuryFire"],"picked":"SKIP","floor":38},{"not_picked":["theDuelist:InfernoFireBlast+1","theDuelist:FeatherShot","theDuelist:InstantFusion+1","theDuelist:AmuletAmbition","theDuelist:Wildfire"],"picked":"SKIP","floor":39},{"not_picked":["theDuelist:CoreBlaster+1","theDuelist:CombinationAttack+1","theDuelist:WhiteMagicalHat+1","theDuelist:AfterTheStorm","theDuelist:LegendarySword"],"picked":"SKIP","floor":41},{"not_picked":["theDuelist:LightningDarts+1","theDuelist:PurplePainOni","theDuelist:LightningRodLord+1","theDuelist:GiantTrapHole+1","theDuelist:WormBarses"],"picked":"SKIP","floor":47},{"not_picked":["theDuelist:WhiteNinja","theDuelist:SwordDeepSeated+1","theDuelist:PowerWall","theDuelist:CharcoalInpachi+1","theDuelist:FrontierWiseman"],"picked":"SKIP","floor":48}],"player_experience":2116862,"relics_obtained":[{"floor":8,"key":"Vajra"},{"floor":9,"key":"Red Skull"},{"floor":26,"key":"theDuelist:KaibaToken"},{"floor":27,"key":"Ancient Tea Set"},{"floor":43,"key":"Cables"}],"event_choices":[{"damage_healed":0,"gold_gain":0,"player_choice":"Left Gold","damage_taken":0,"max_hp_gain":0,"max_hp_loss":0,"event_name":"World of Goop","floor":2,"gold_loss":28},{"damage_healed":0,"gold_gain":0,"player_choice":"Dig - random Duelist relic","duelist":true,"damage_taken":0,"max_hp_gain":0,"max_hp_loss":0,"event_name":"Aknamkanon\u0027s Tomb","floor":4,"gold_loss":0},{"cards_removed":["theDuelist:Sparks"],"damage_healed":0,"gold_gain":0,"player_choice":"Card Removal","damage_taken":0,"max_hp_gain":0,"max_hp_loss":0,"event_name":"Wheel of Change","floor":11,"gold_loss":0},{"damage_healed":0,"gold_gain":0,"player_choice":"Ignored","damage_taken":0,"max_hp_gain":0,"max_hp_loss":0,"event_name":"Liars Game","floor":14,"gold_loss":0},{"damage_healed":0,"gold_gain":0,"player_choice":"Paid Gold","damage_taken":0,"relics_obtained":["War Paint"],"max_hp_gain":0,"max_hp_loss":0,"event_name":"WeMeetAgain","floor":20,"gold_loss":79},{"damage_healed":0,"gold_gain":0,"player_choice":"Sold Final Flame for 19 Gold.","duelist":true,"damage_taken":0,"max_hp_gain":0,"max_hp_loss":0,"event_name":"Card Trader","floor":31,"gold_loss":0},{"damage_healed":0,"gold_gain":0,"player_choice":"Scored: 1687","duelist":true,"damage_taken":0,"max_hp_gain":0,"max_hp_loss":0,"event_name":"Visit from Anubis","floor":36,"gold_loss":0},{"damage_healed":0,"gold_gain":0,"player_choice":"Dig - random Duelist relic","duelist":true,"damage_taken":0,"max_hp_gain":0,"max_hp_loss":0,"event_name":"Aknamkanon\u0027s Tomb","floor":44,"gold_loss":0}],"is_beta":false,"boss_relics":[{"not_picked":["Snecko Eye","Philosopher\u0027s Stone"],"picked":"Empty Cage"},{"not_picked":["Velvet Choker","theDuelist:HauntedRelic"],"picked":"Fusion Hammer"}],"items_purged_floors":[19,37],"is_endless":false,"potions_floor_spawned":[3,5,10,16,21,22,24,27,29,38,41],"ascension_level":5}}