{"host":"b7dyfc527bmrkvbm","time":1613073684,"event":{"mods":["2.2 Compatiblity","Act Like it!","BaseMod","BetterRewards","Conspire","Downfall","Hubris","Infinite Spire","Mimic Mod","Minty Spire (QoL Compilation)","Replay The Spire","Shop Mod","StSLib","The Jungle"],"gold_per_floor":[99,111,111,129,147,165,217,667,15,27,27,43,43,61,81,176,226,26,45,45,69,69,69,69,69,81,116,116,34,34,52,76,185,185,185,210,234,254,354,380,426,461,48,81,139,185,27,27,54,54],"floor_reached":51,"language":"ENG","playtime":8567,"items_purged":["downfall:Icky","Writhe","hexamod:Defend","hexamod:Defend"],"score":870,"play_id":"ac4dcadb-0bb2-4c30-85dc-b2e66ae282cd","local_time":"20210211150124","is_ascension_mode":false,"campfire_choices":[{"floor":1,"key":"RECALL"},{"floor":13,"key":"REST"},{"data":"Replay:Bootleg Shield Generator","floor":18,"key":"SMITH"},{"data":"hexamod:TimeOfNeed","floor":23,"key":"SMITH"},{"data":"ReplayTheSpireMod:Book of Names","floor":35,"key":"SMITH"}],"circlet_count":0,"master_deck":["hexamod:Strike+1","hexamod:Defend+1","hexamod:Defend","hexamod:Sear+1","hexamod:Float+1","hexamod:Haunt+1","hexamod:Hexaguard","hexamod:GhostShield","Replay:Bootleg Shield Generator+1","hexamod:TimeOfNeed+1","hexamod:RecurringNightmare+1","hexamod:SpectersWail+1","hexamod:GhostOfSpirePresent","hexamod:SecondSeal","hexamod:FirstSeal","hexamod:RetreatToShadows+1","Slimebound:CheckThePlaybook","Necronomicurse","hexamod:FlamesFromBeyond+1","ReplayTheSpireMod:Book of Names+1","hexamod:GhostOfSpirePast","hexamod:ParanormalForm+1","hexamod:SoulSteal+1","hexamod:GiftsFromTheDead","hexamod:FlamesFromBeyond+1","hexamod:SixthSeal","Discovery+1","sneckomod:UnknownWeak+1","bronze:Constructor","hexamod:FlameSwitch+1","hexamod:TimeWarp","Panacea","FTL+1"],"relics":["Replay:Drink Me","conspire:TreasureMap","infinitespire:Eraser","Spirit Poop","Tiny House","downfall:HeartBlessingBlue","downfall:HeartBlessingRed","hubris:TenFootPole","Necronomicon","TungstenRod","War Paint","hubris:Zylophone","conspire:RoyalGoblet","conspire:TopHat","hubris:Reverence","PrismaticShard","Pen Nib","Replay:Rubber Ducky","infinitespire:Golems Mask","Replay:Ringing Soul"],"acts_visited":["Exordium","TheCity","TheBeyond"],"potions_floor_usage":[16,16,16,16,33,33,33,33,33,33,42,44,50,50],"damage_taken":[{"damage":0,"enemies":"2 Louse","floor":2,"turns":5},{"damage":9,"enemies":"Cultist","floor":4,"turns":6},{"damage":0,"enemies":"Small Slimes","floor":5,"turns":7},{"damage":39,"enemies":"Gremlin Gang","floor":6,"turns":11},{"damage":0,"enemies":"downfall:FleeingMerchant","floor":9,"turns":4},{"damage":0,"enemies":"Exordium Wildlife","floor":10,"turns":5},{"damage":1,"enemies":"Large Slime","floor":12,"turns":17},{"damage":0,"enemies":"Blue Slaver","floor":14,"turns":7},{"damage":0,"enemies":"3 Louse","floor":15,"turns":7},{"damage":4,"enemies":"SI_SHIV_ARCHETYPE","floor":16,"turns":9},{"damage":0,"enemies":"Spheric Guardian","floor":19,"turns":20},{"damage":0,"enemies":"Shell Parasite","floor":21,"turns":12},{"damage":3,"enemies":"Snecko","floor":26,"turns":6},{"damage":0,"enemies":"conspire:Head Lice","floor":27,"turns":8},{"damage":0,"enemies":"downfall:FleeingMerchant","floor":29,"turns":4},{"damage":0,"enemies":"Chosen and Byrds","floor":31,"turns":3},{"damage":1,"enemies":"3 Cultists","floor":32,"turns":4},{"damage":2,"enemies":"DF_ARCHETYPE_CLAW","floor":33,"turns":7},{"damage":1,"enemies":"Orb Walker","floor":36,"turns":4},{"damage":0,"enemies":"3 Darklings","floor":37,"turns":3},{"damage":2,"enemies":"Maw","floor":38,"turns":5},{"damage":8,"enemies":"Spire Growth","floor":40,"turns":6},{"damage":7,"enemies":"Nightmare","floor":42,"turns":7},{"damage":0,"enemies":"downfall:FleeingMerchant","floor":43,"turns":4},{"damage":35,"enemies":"Reptomancer","floor":44,"turns":4},{"damage":2,"enemies":"Reptomancer","floor":45,"turns":5},{"damage":0,"enemies":"conspire:MimicChest","floor":46,"turns":6},{"damage":2,"enemies":"downfall:FleeingMerchant","floor":47,"turns":3},{"damage":0,"enemies":"Transient","floor":49,"turns":5},{"damage":2,"enemies":"IC_BLOCK_ARCHETYPE","floor":50,"turns":6}],"seed_played":"-8340873900213168312","potions_obtained":[{"floor":2,"key":"EntropicBrew"},{"floor":12,"key":"Explosive Potion"},{"floor":15,"key":"LiquidBronze"},{"floor":16,"key":"hexamod:SoulburnPotion"},{"floor":17,"key":"FairyPotion"},{"floor":26,"key":"ColorlessPotion"},{"floor":32,"key":"Adrenaline Potion"},{"floor":36,"key":"sneckomod:MuddlingPotion"},{"floor":42,"key":"Dexterity Potion"},{"floor":45,"key":"SpeedPotion"}],"is_trial":false,"path_per_floor":["R","M","?","M","M","M","T","?","$","M","?","M","R","M","M","B",null,"R","M","?","M","?","R","T","?","M","E","?","$","AVR","M","M","B",null,"R","M","M","M","?","M","T","NM","$","E","?","?","$","?","M","B",null],"character_chosen":"THE_SPIRIT","items_purchased":["Replay:Bootleg Shield Generator","conspire:TreasureMap","infinitespire:Eraser","hexamod:TimeOfNeed","PrismaticShard","Pen Nib","hexamod:FlameSwitch","hexamod:TimeWarp","Panacea"],"campfire_rested":1,"item_purchase_floors":[9,9,9,9,43,43,47,47,47],"current_hp_per_floor":[53,53,53,44,44,5,5,5,5,5,5,4,19,19,19,15,58,68,68,68,68,62,62,62,54,51,58,58,62,62,62,62,62,62,62,62,62,62,62,61,61,61,62,34,39,46,54,54,64,68],"gold":54,"neow_bonus":"BOSS_RELIC","is_daily":false,"chose_seed":false,"campfire_upgraded":3,"win_rate":0.0,"timestamp":1613073684,"path_taken":["R","M","?","?","M","M","T","?","$","M","?","M","R","?","M","BOSS","R","M","?","M","?","R","T","?","M","E","?","?","AVR","M","M","BOSS","R","M","M","M","?","?","T","NM","$","E","?","?","$","?","M","BOSS"],"items_purchased_type":["Card","Relic","Relic","Card","Relic","Relic","Card","Card","Card"],"build_version":"2020-12-22","purchased_purges":4,"victory":true,"max_hp_per_floor":[53,53,53,53,53,53,53,53,53,53,53,53,53,53,53,53,58,68,68,68,68,62,62,62,62,62,62,62,62,62,62,62,62,62,62,62,62,62,62,62,62,62,62,62,62,62,65,65,68,68],"card_choices":[{"not_picked":["hexamod:Incineration","hexamod:NightmareStrike"],"picked":"hexamod:Haunt","floor":2},{"not_picked":["hexamod:NightmareGuise","hexamod:HauntingEcho"],"picked":"hexamod:Hexaguard","floor":4},{"not_picked":["hexamod:BurningTouch","hexamod:ShieldOfDarkness","hexamod:HauntingEcho"],"picked":"SKIP","floor":5},{"not_picked":["hexamod:NightmareStrike","hexamod:SwordOfDarkness"],"picked":"hexamod:GhostShield","floor":6},{"not_picked":["hexamod:GhostflameBarrier","hexamod:TurnItUp","hexamod:SwordOfDarkness"],"picked":"SKIP","floor":9},{"not_picked":["hexamod:FastForward","hexamod:RetreatToShadows","hexamod:PhantomFireball"],"picked":"SKIP","floor":10},{"not_picked":["hexamod:HeatMetal","hexamod:BurningTouch","hexamod:GhostLash"],"picked":"SKIP","floor":12},{"not_picked":["hexamod:SpectralAdrenaline","hexamod:BacktrackSmack"],"picked":"hexamod:RecurringNightmare","floor":14},{"not_picked":["hexamod:ShieldOfDarkness","hexamod:Incineration"],"picked":"hexamod:SpectersWail","floor":15},{"not_picked":["hexamod:ForkedFlame","hexamod:HexaLevel"],"picked":"hexamod:GhostOfSpirePresent","floor":16},{"not_picked":["hexamod:ThermalTransfer","hexamod:BurningTouch"],"picked":"hexamod:SecondSeal","floor":17},{"not_picked":["hexamod:NightmareStrike","hexamod:NightmareGuise"],"picked":"hexamod:FirstSeal","floor":19},{"not_picked":["hexamod:PhantomFireball","hexamod:BurningTouch"],"picked":"hexamod:RetreatToShadows+1","floor":21},{"not_picked":["hexamod:RadiantFlame+1","hexamod:ThermalTransfer+1","hexamod:HeatMetal"],"picked":"SKIP","floor":26},{"not_picked":["hexamod:Hexaguard","hexamod:HexaLevel"],"picked":"hexamod:FlamesFromBeyond+1","floor":27},{"not_picked":["hexamod:NightmareGuise","hexamod:GhostShield+1","hexamod:ThermalTransfer+1"],"picked":"SKIP","floor":29},{"not_picked":["hexamod:FastForward","hexamod:InspiringFlames","hexamod:RadiantFlame"],"picked":"SKIP","floor":31},{"not_picked":["hexamod:HeatCrush","hexamod:ShieldOfDarkness"],"picked":"hexamod:GhostOfSpirePast","floor":32},{"not_picked":["hexamod:ApocalypticArmor","hexamod:GhostflameInferno"],"picked":"hexamod:ParanormalForm","floor":33},{"not_picked":["hexamod:InspiringFlames","hexamod:ChargedBarrage","hexamod:HauntingEcho+1"],"picked":"SKIP","floor":36},{"not_picked":["hexamod:SpectralSpark","hexamod:AdvancingGuard"],"picked":"hexamod:SoulSteal","floor":37},{"not_picked":["hexamod:InspiringFlames","hexamod:HauntingEcho"],"picked":"hexamod:GiftsFromTheDead","floor":38},{"not_picked":["hexamod:InspiringFlames","hexamod:SpectralSpark+1"],"picked":"hexamod:FlamesFromBeyond+1","floor":40},{"not_picked":["hexamod:Again+1","hexamod:ExtraCrispy+1"],"picked":"hexamod:SixthSeal","floor":42},{"not_picked":["hexamod:Again","hexamod:FirstSeal","hexamod:GiftsFromTheDead"],"picked":"SKIP","floor":43},{"not_picked":["Wild Strike+1","champ:TornadoPunch+1"],"picked":"Discovery+1","floor":44},{"not_picked":["Tempest","Havoc+1"],"picked":"sneckomod:UnknownWeak+1","floor":45},{"not_picked":["Meditate+1","Heavy Blade+1"],"picked":"bronze:Constructor","floor":47},{"not_picked":["bronze:Overheat+1","sneckomod:DiceBlock+1"],"picked":"FTL+1","floor":49}],"player_experience":454442,"relics_obtained":[{"floor":24,"key":"hubris:TenFootPole"},{"floor":25,"key":"Necronomicon"},{"floor":27,"key":"TungstenRod"},{"floor":41,"key":"conspire:TopHat"},{"floor":42,"key":"hubris:Reverence"},{"floor":44,"key":"Replay:Rubber Ducky"},{"floor":45,"key":"infinitespire:Golems Mask"},{"floor":46,"key":"Replay:Ringing Soul"}],"event_choices":[{"cards_removed":["downfall:Icky"],"damage_healed":0,"gold_gain":0,"player_choice":"Offered Curse","damage_taken":0,"relics_obtained":["Spirit Poop"],"max_hp_gain":0,"max_hp_loss":0,"event_name":"Bonfire Elementals","floor":11,"gold_loss":0}],"is_beta":false,"boss_relics":[{"not_picked":["Philosopher\u0027s Stone","bronze:MakeshiftBattery"],"picked":"Tiny House"},{"not_picked":["SacredBark","hubris:HollowSoul"],"picked":"conspire:RoyalGoblet"}],"items_purged_floors":[29,30,43,47],"is_endless":false,"potions_floor_spawned":[2,12,15,16,26,27,31,32,36,37,42,45],"ascension_level":0}}