{"host":"bp6b47iftb3mluh0","time":1613067301,"event":{"mods":["100% Spire Juice","Act Like it!","Alarm Clock","Aspiration","Astrologer","BaseMod","Bestiary","Better Third Choice","Better Vampires","Challenge The Spire","Colored Powertips","Conspire","Curses Come First","Dota2Spire","Downfall","Friendly Minions","Gensokyo","Hallownest","Hermit","Kiyohime£®«Âºß£©","Lobotomy","LobotomyExtend","Marisa£®ÏF”Í°°ƒß¿Ì…≥£©","Marked Mod","Minty Spire (QoL Compilation)","Quick Restart","Rare Cards Sparkle","Red Circlet Mod","Relic Filter Mod","Relic Stats","Remilia£®¿Ÿ√◊¿Ú—«£©","Replay The Spire","Reworked Bosses","Ryuuou¡˙Õı","Shop Mod","Spicy Shops","StSLib","The Bug Knight","The Invoker Mod","Uncapped","Waifu the Spire","Youmu£®ªÍ∆«—˝√Œ£©","°æ“≈ŒÔø®≈∆°øREMEMod","≤–¡Ù÷ÆŒÔ"],"gold_per_floor":[99,99,99,99,99,99,9,9,9,9,28,28,45,45,60,60,71,170,170,170,189,208,208,208,208],"floor_reached":23,"language":"ZHS","playtime":731,"items_purged":["bronze:Strike"],"score":177,"play_id":"c3b0ae20-919a-481a-8ac0-014adf3ddfee","local_time":"20210212021501","is_ascension_mode":false,"campfire_choices":[{"data":"bronze:Turbo","floor":10.0,"key":"SMITH"},{"data":"bronze:Break","floor":14,"key":"SMITH"},{"floor":20,"key":"DIG"}],"circlet_count":0,"master_deck":["bronze:Strike","bronze:Strike","bronze:Strike","bronze:Defend","bronze:Defend","bronze:Defend","bronze:Replicate","bronze:Goto","Skim","bronze:Flail","bronze:Overheat","bronze:WildBeam","bronze:Turbo+1","bronze:GetLatest","bronze:Break+1","bronze:Shell","bronze:WhirlingStrike","bronze:RecursiveStrike","bronze:Deprecate"],"relics":["bronze:BronzeCore","REME_ComplimentaryCards","downfall:HeartsMalice","LetterFromLob","Garlic","Tiny Chest","Dota2Spire:Bloodstone","Letter Opener"],"acts_visited":["Exordium","TheCity"],"potions_floor_usage":[21],"damage_taken":[{"damage":0.0,"enemies":"Cultist","floor":2.0,"turns":1.0},{"damage":0.0,"enemies":"Small Slimes","floor":5.0,"turns":1.0},{"damage":0.0,"enemies":"2 Louse","floor":6.0,"turns":1.0},{"damage":5.0,"enemies":"downfall:FleeingMerchant","floor":7.0,"turns":4.0},{"damage":0.0,"enemies":"2 Fungi Beasts","floor":11.0,"turns":2.0},{"damage":0,"enemies":"3 Louse","floor":13,"turns":2},{"damage":4,"enemies":"Blue Slaver","floor":15,"turns":2},{"damage":0,"enemies":"Large Slime","floor":17,"turns":2},{"damage":10,"enemies":"SI_SHIV_ARCHETYPE","floor":18,"turns":5},{"damage":9,"enemies":"conspire:FuzzyDice","floor":21,"turns":3},{"damage":0,"enemies":"3 Cultists","floor":22,"turns":3},{"damage":0,"enemies":"Cultist and Chosen","floor":23,"turns":4}],"seed_played":"-8175107220692619694","potions_obtained":[{"floor":11.0,"key":"Cursed Concoction"},{"floor":15,"key":"Regen Potion"},{"floor":18,"key":"Block Potion"},{"floor":22,"key":"Guardian:BlockOnCardUsePotion"}],"is_trial":false,"path_per_floor":["R","M","PTL","PTL","M","M","$","?","T","R","M","?","M","R","M","?","M","B",null,"R","M","M","M"],"character_chosen":"THE_AUTOMATON","items_purchased":[],"campfire_rested":0,"item_purchase_floors":[],"current_hp_per_floor":[70,70,70,70,70,70,65,65,65,65,65,69,69,69,65,53,53,43,70,70,62,62,62,62,62],"gold":208,"neow_bonus":"THREE_ENEMY_KILL","is_daily":false,"chose_seed":false,"campfire_upgraded":2,"win_rate":0.0,"timestamp":1613067301,"path_taken":["R","M","PTL","PTL","M","M","$","?","T","R","M","?","M","R","M","?","M","BOSS","R","M","M","M"],"items_purchased_type":[],"build_version":"2020-12-22","purchased_purges":1,"victory":false,"max_hp_per_floor":[70,70,70,70,70,70,70,70,70,70,70,70,70,70,70,70,70,70,70,70,70,70,68,68,68],"relic_stats":{"counters":[12,27],"Tiny Chest":0,"Letter Opener":[30],"obtain_stats":[{"bronze:BronzeCore":0,"downfall:HeartsMalice":0,"Tiny Chest":16,"Dota2Spire:Bloodstone":19,"LetterFromLob":2,"Garlic":9,"Letter Opener":20,"REME_ComplimentaryCards":0},{"bronze:BronzeCore":0,"downfall:HeartsMalice":0,"Tiny Chest":7,"Dota2Spire:Bloodstone":9,"LetterFromLob":1,"Garlic":4,"Letter Opener":9,"REME_ComplimentaryCards":0},{"bronze:BronzeCore":0,"downfall:HeartsMalice":0,"Tiny Chest":10,"Dota2Spire:Bloodstone":17,"LetterFromLob":0,"Garlic":4,"Letter Opener":17,"REME_ComplimentaryCards":0}]},"card_choices":[{"not_picked":["bronze:CutThrough","bronze:Branch"],"picked":"bronze:Flail","floor":2.0},{"not_picked":["bronze:DarkDash","bronze:Flail"],"picked":"bronze:Overheat","floor":5.0},{"not_picked":["bronze:CutThrough","bronze:Shield"],"picked":"bronze:WildBeam","floor":6.0},{"not_picked":["bronze:Frontload","bronze:BugBarrage"],"picked":"bronze:Turbo","floor":7.0},{"not_picked":["bronze:MaxOutput","bronze:DelayedGuard"],"picked":"bronze:GetLatest","floor":11.0},{"not_picked":["bronze:OilSpill","bronze:FollowUp"],"picked":"bronze:Break","floor":13},{"not_picked":["bronze:Deprecate","bronze:ChildClass"],"picked":"bronze:Shell","floor":15},{"not_picked":["bronze:Flail","bronze:NullPointer"],"picked":"bronze:WhirlingStrike","floor":17},{"not_picked":["bronze:ShipIt","bronze:Break"],"picked":"bronze:RecursiveStrike","floor":18},{"not_picked":["bronze:WhirlingStrike","bronze:CutThrough+1"],"picked":"bronze:Deprecate","floor":21},{"not_picked":["bronze:DelayedGuard","bronze:ItsAFeature","bronze:OilSpill"],"picked":"SKIP","floor":22}],"player_experience":200483,"relics_obtained":[{"floor":2.0,"key":"LetterFromLob"},{"floor":9.0,"key":"Garlic"},{"floor":20,"key":"Letter Opener"}],"event_choices":[{"damage_healed":0.0,"max_hp_gain":0.0,"max_hp_loss":0.0,"gold_gain":0.0,"event_name":"conspire:Investor","player_choice":"Leave","floor":8.0,"gold_loss":0.0,"damage_taken":0.0},{"damage_healed":0,"gold_gain":0,"player_choice":"Relic ","damage_taken":12,"max_hp_gain":0,"max_hp_loss":0,"event_name":"betterThird:BetterScrap","floor":16,"gold_loss":0,"cards_obtained":["Eviscerate"]}],"is_beta":false,"boss_relics":[{"not_picked":["conspire:RunicOctahedron","REME_DemonsWealth"],"picked":"Dota2Spire:Bloodstone"}],"items_purged_floors":[7],"is_endless":false,"potions_floor_spawned":[11,15,18,22],"killed_by":"Cultist and Chosen","ascension_level":0}}