{"host":"dctolzh6htjtakpc","time":1613060240,"event":{"mods":["2.2 Compatiblity","AchievementEnabler","AlwaysNeverKeys","BaseMod","Block Reminder","DeckTracker","Defuse TimeMaze Blight","Minty Spire (QoL Compilation)","Permanent Neow","Quick Restart","StSLib","SuperFastMode"],"gold_per_floor":[113,33,49,49,49,49,384,384,384,384,403,436,386,386,386,484,484,500,141,161,161,180,180,214,214,241,258,63,81,94,107,107,206,206,221,221,171,187,199,199,225,225,225,32,61,74,74,105,105,105],"floor_reached":51,"language":"ENG","playtime":1668,"items_purged":["Defend_G","Defend_G","Defend_G","Slice"],"score":1311,"play_id":"6ff469e3-4d47-46e3-acad-8b0c7757c6ef","local_time":"20210211111720","is_ascension_mode":true,"campfire_choices":[{"data":"Bouncing Flask","floor":6,"key":"SMITH"},{"data":"Footwork","floor":10,"key":"SMITH"},{"data":"Blur","floor":15,"key":"SMITH"},{"data":"Burst","floor":23,"key":"SMITH"},{"data":"Noxious Fumes","floor":32,"key":"SMITH"},{"data":"Footwork","floor":40,"key":"SMITH"},{"data":"Impatience","floor":47,"key":"SMITH"},{"data":"Expertise","floor":49,"key":"SMITH"}],"circlet_count":0,"master_deck":["AscendersBane","Defend_G+1","Defend_G+1","Survivor","Neutralize","Footwork+1","Calculated Gamble","Deflect","Bouncing Flask+1","Deadly Poison","Blur+1","Burst+1","Noxious Fumes+1","Blur","Footwork+1","Expertise+1","Impatience+1","Backflip"],"relics":["Ring of the Snake","Old Coin","StrikeDummy","Smiling Mask","HoveringKite","Bird Faced Urn","Sundial","Centennial Puzzle","Boot","TheAbacus","SlaversCollar","Paper Crane","PreservedInsect","CeramicFish","MealTicket"],"acts_visited":["Exordium","TheCity","TheBeyond"],"potions_floor_usage":[7,12,24,48,48],"damage_taken":[{"damage":0,"enemies":"Small Slimes","floor":1,"turns":5},{"damage":0,"enemies":"2 Louse","floor":3,"turns":3},{"damage":8,"enemies":"3 Sentries","floor":7,"turns":10},{"damage":3,"enemies":"Cultist","floor":11,"turns":5},{"damage":5,"enemies":"Gremlin Nob","floor":12,"turns":5},{"damage":14,"enemies":"The Guardian","floor":16,"turns":12},{"damage":3,"enemies":"3 Byrds","floor":18,"turns":8},{"damage":0,"enemies":"Chosen","floor":20,"turns":6},{"damage":2,"enemies":"Shelled Parasite and Fungi","floor":22,"turns":7},{"damage":6,"enemies":"Book of Stabbing","floor":24,"turns":9},{"damage":5,"enemies":"Snake Plant","floor":27,"turns":4},{"damage":5,"enemies":"Snecko","floor":29,"turns":7},{"damage":4,"enemies":"Cultist and Chosen","floor":30,"turns":7},{"damage":0,"enemies":"Snake Plant","floor":31,"turns":5},{"damage":10,"enemies":"Automaton","floor":33,"turns":11},{"damage":7,"enemies":"3 Shapes","floor":35,"turns":7},{"damage":0,"enemies":"Orb Walker","floor":38,"turns":6},{"damage":1,"enemies":"Maw","floor":39,"turns":7},{"damage":0,"enemies":"Giant Head","floor":41,"turns":10},{"damage":0,"enemies":"Nemesis","floor":45,"turns":7},{"damage":13,"enemies":"Transient","floor":46,"turns":5},{"damage":54,"enemies":"Reptomancer","floor":48,"turns":8},{"damage":24,"enemies":"Time Eater","floor":50,"turns":16}],"seed_played":"-9046638482631076059","potions_obtained":[{"floor":1,"key":"SpeedPotion"},{"floor":3,"key":"DuplicationPotion"},{"floor":12,"key":"LiquidMemories"},{"floor":18,"key":"EssenceOfSteel"},{"floor":24,"key":"DuplicationPotion"},{"floor":27,"key":"Regen Potion"},{"floor":36,"key":"Regen Potion"}],"is_trial":false,"path_per_floor":["M","$","M","?","?","R","E","?","T","R","M","E","?","?","R","B",null,"M","$","M","?","M","R","E","?","T","M","$","M","M","M","R","B",null,"M","?","$","M","M","R","E","?","T","$","E","M","R","E","R","B",null],"character_chosen":"THE_SILENT","items_purchased":["Bouncing Flask","Bird Faced Urn","TheAbacus","Impatience","Backflip"],"campfire_rested":0,"item_purchase_floors":[2,19,28,44,44],"current_hp_per_floor":[45,45,45,31,24,24,16,16,16,16,13,8,8,31,31,17,57,54,54,58,58,60,60,58,58,58,57,57,56,56,60,60,54,66,63,63,63,69,69,69,70,70,70,70,70,59,59,56,56,38],"gold":105,"neow_bonus":"TRANSFORM_TWO_CARDS","is_daily":false,"chose_seed":false,"campfire_upgraded":8,"win_rate":0.0,"timestamp":1613060240,"path_taken":["M","$","M","?","?","R","E","?","T","R","?","E","?","?","R","BOSS","M","$","M","?","M","R","E","?","T","M","$","M","?","M","R","BOSS","M","?","$","M","?","R","E","?","T","?","E","M","R","E","R","BOSS"],"items_purchased_type":["Card","Relic","Relic","Card","Card"],"build_version":"2020-12-22","purchased_purges":4,"victory":true,"max_hp_per_floor":[70,70,70,70,70,70,70,70,70,70,70,70,70,70,70,70,70,70,70,70,70,70,70,70,70,70,70,70,70,70,70,70,70,70,70,70,70,70,70,70,70,70,70,70,70,70,70,70,70,70],"card_choices":[{"not_picked":["Heel Hook","Prepared"],"picked":"Deflect","floor":1},{"not_picked":["Dodge and Roll","Prepared","Caltrops"],"picked":"SKIP","floor":3},{"not_picked":["Cloak And Dagger","PiercingWail"],"picked":"Deadly Poison","floor":7},{"not_picked":["PiercingWail","Deadly Poison"],"picked":"Blur","floor":11},{"not_picked":["Dash","Acrobatics"],"picked":"Slice","floor":12},{"not_picked":["After Image","Glass Knife"],"picked":"Burst","floor":16},{"not_picked":["Sucker Punch","Bane"],"picked":"Noxious Fumes","floor":18},{"not_picked":["Dagger Spray+1","Underhanded Strike","Infinite Blades"],"picked":"SKIP","floor":20},{"not_picked":["Dodge and Roll","Slice","Accuracy"],"picked":"SKIP","floor":22},{"not_picked":["Prepared","Dagger Throw","Blade Dance"],"picked":"SKIP","floor":24},{"not_picked":["Flying Knee","Cloak And Dagger","Crippling Poison"],"picked":"SKIP","floor":27},{"not_picked":["Prepared","Bouncing Flask","Blade Dance+1"],"picked":"SKIP","floor":29},{"not_picked":["Noxious Fumes","Leg Sweep"],"picked":"Blur","floor":30},{"not_picked":["Infinite Blades","Dash","Deflect"],"picked":"SKIP","floor":31},{"not_picked":["Flechettes","Dagger Throw+1"],"picked":"Footwork","floor":35},{"not_picked":["Slice+1","Backflip"],"picked":"Expertise","floor":38},{"not_picked":["Accuracy+1","Outmaneuver+1","Deadly Poison+1"],"picked":"SKIP","floor":39},{"not_picked":["PiercingWail","Burst","Setup"],"picked":"SKIP","floor":41},{"not_picked":["Acrobatics+1","Dagger Throw","Masterful Stab"],"picked":"SKIP","floor":45},{"not_picked":["Flying Knee","Outmaneuver+1","Setup+1"],"picked":"SKIP","floor":46},{"not_picked":["Dagger Throw","Dash","Glass Knife"],"picked":"SKIP","floor":48}],"player_experience":519609,"relics_obtained":[{"floor":7,"key":"Old Coin"},{"floor":9,"key":"StrikeDummy"},{"floor":12,"key":"Smiling Mask"},{"floor":24,"key":"Sundial"},{"floor":26,"key":"Boot"},{"floor":41,"key":"Paper Crane"},{"floor":43,"key":"PreservedInsect"},{"floor":45,"key":"CeramicFish"},{"floor":48,"key":"MealTicket"}],"event_choices":[{"damage_healed":0,"gold_gain":0,"player_choice":"Entered Light","damage_taken":14,"max_hp_gain":0,"max_hp_loss":0,"event_name":"Shining Light","floor":4,"gold_loss":0,"cards_upgraded":["Defend_G","Defend_G"]},{"cards_removed":["Strike_G"],"damage_healed":0,"gold_gain":0,"player_choice":"Card Removal","damage_taken":7,"max_hp_gain":0,"max_hp_loss":0,"event_name":"Golden Wing","floor":5,"gold_loss":0},{"cards_removed":["Strike_G"],"damage_healed":0,"gold_gain":0,"player_choice":"Offered Basic","damage_taken":0,"max_hp_gain":0,"max_hp_loss":0,"event_name":"Bonfire Elementals","floor":8,"gold_loss":0},{"cards_removed":["Strike_G"],"damage_healed":0,"gold_gain":0,"player_choice":"Card Removal","damage_taken":0,"max_hp_gain":0,"max_hp_loss":0,"event_name":"The Cleric","floor":13,"gold_loss":50},{"damage_healed":23,"gold_gain":0,"player_choice":"Banana","damage_taken":0,"max_hp_gain":0,"max_hp_loss":0,"event_name":"Big Fish","floor":14,"gold_loss":0},{"damage_healed":0,"gold_gain":0,"player_choice":"Ignored","damage_taken":0,"max_hp_gain":0,"max_hp_loss":0,"event_name":"Cursed Tome","floor":21,"gold_loss":0},{"damage_healed":0,"gold_gain":0,"player_choice":"Gave Potion","damage_taken":0,"relics_obtained":["Centennial Puzzle"],"max_hp_gain":0,"max_hp_loss":0,"event_name":"WeMeetAgain","floor":25,"gold_loss":0},{"damage_healed":0,"gold_gain":0,"player_choice":"Got Potions","damage_taken":0,"max_hp_gain":0,"max_hp_loss":0,"event_name":"Lab","floor":36,"gold_loss":0},{"damage_healed":0,"gold_gain":0,"player_choice":"Ignored","damage_taken":0,"max_hp_gain":0,"max_hp_loss":0,"event_name":"Tomb of Lord Red Mask","floor":42,"gold_loss":0}],"is_beta":false,"boss_relics":[{"not_picked":["Runic Dome","Velvet Choker"],"picked":"HoveringKite"},{"not_picked":["Snecko Eye","SacredBark"],"picked":"SlaversCollar"}],"items_purged_floors":[19,28,37,44],"is_endless":false,"potions_floor_spawned":[1,3,12,18,24,27,39,45,46],"ascension_level":12}}