{"host":"3d7yvplr5ovcyppx","time":1613024449,"event":{"mods":["AchievementEnabler","BaseMod","Hermit","Jorbs\u0027s Wanderer Trilogy","Minty Spire (QoL Compilation)","Quick Restart","Somnambulant","StSLib","The Cursed","The Disciple","The Servant 0.9.4"],"gold_per_floor":[110,121,136,136,146,178,202,231,231,248,14,28,28,39,39,136,136,155,155,254,254,254,273,293,324,348,366,67,80,106,123,123,221,221,240,250,250,10,27,60,60,90,168,168,168],"floor_reached":44,"language":"ENG","playtime":2911,"items_purged":[],"score":622,"play_id":"b0c24cf8-1fe8-41e2-af25-e88802da2a18","local_time":"20210211115049","is_ascension_mode":false,"campfire_choices":[{"data":"1","floor":15,"key":"LIFT"},{"data":"2","floor":32,"key":"LIFT"},{"data":"3","floor":41,"key":"LIFT"}],"circlet_count":0,"master_deck":["Strike_R","Strike_R","Strike_R","Strike_R","Strike_R","Defend_R","Defend_R","Defend_R","Defend_R","Bash","Carnage","Seeing Red+1","Sword Boomerang","Thunderclap","Pommel Strike","Headbutt","Double Tap","Cleave","Bandage Up","Clothesline","Armaments","Bludgeon","Thunderclap+1","Anger","Bludgeon","Flame Barrier+1","TheCursedMod:Dregs","Anger","Flex+1","Infernal Blade","Battle Trance","Berserk","Anger+1","Twin Strike+1","Anger","Barricade","Infernal Blade","stsjorbsmod:Amnesia"],"relics":["Burning Blood","Girya","Odd Mushroom","Nunchaku","Orichalcum","Dream Catcher","Cursed Key","Matryoshka","Potion Belt","Regal Pillow","MealTicket","Vajra","Sling","Gremlin Horn","SacredBark","Mercury Hourglass","Pear","Letter Opener","Juzu Bracelet","Molten Egg 2"],"acts_visited":["Exordium","TheCity","TheBeyond"],"potions_floor_usage":[7,16,16,23,27,33,33,36,40],"damage_taken":[{"damage":10,"enemies":"Jaw Worm","floor":1,"turns":4},{"damage":1,"enemies":"Cultist","floor":2,"turns":3},{"damage":5,"enemies":"2 Louse","floor":3,"turns":2},{"damage":0,"enemies":"Large Slime","floor":5,"turns":5},{"damage":34,"enemies":"3 Sentries","floor":6,"turns":7},{"damage":18,"enemies":"The Mushroom Lair","floor":7,"turns":3},{"damage":11,"enemies":"Gremlin Nob","floor":8,"turns":3},{"damage":6,"enemies":"Blue Slaver","floor":10,"turns":2},{"damage":4,"enemies":"Lots of Slimes","floor":12,"turns":2},{"damage":0,"enemies":"2 Fungi Beasts","floor":14,"turns":2},{"damage":42,"enemies":"The Guardian","floor":16,"turns":10},{"damage":4,"enemies":"Chosen","floor":18,"turns":3},{"damage":0,"enemies":"Spheric Guardian","floor":23,"turns":2},{"damage":12,"enemies":"Centurion and Healer","floor":24,"turns":3},{"damage":21,"enemies":"Book of Stabbing","floor":25,"turns":4},{"damage":3,"enemies":"Snecko","floor":27,"turns":3},{"damage":4,"enemies":"Sentry and Sphere","floor":29,"turns":3},{"damage":10,"enemies":"Slavers","floor":30,"turns":3},{"damage":5,"enemies":"Centurion and Healer","floor":31,"turns":4},{"damage":52,"enemies":"Champ","floor":33,"turns":9},{"damage":4,"enemies":"Orb Walker","floor":35,"turns":2},{"damage":16,"enemies":"3 Darklings","floor":36,"turns":3},{"damage":11,"enemies":"Jaw Worm Horde","floor":39,"turns":3},{"damage":19,"enemies":"Giant Head","floor":40,"turns":5},{"damage":0,"enemies":"Reptomancer","floor":42,"turns":2},{"damage":94,"enemies":"Nemesis","floor":44,"turns":6}],"seed_played":"-7635337655829935973","potions_obtained":[{"floor":1,"key":"SteroidPotion"},{"floor":2,"key":"Swift Potion"},{"floor":10,"key":"SteroidPotion"},{"floor":16,"key":"DistilledChaos"},{"floor":18,"key":"GamblersBrew"},{"floor":29,"key":"AttackPotion"},{"floor":30,"key":"SteroidPotion"},{"floor":33,"key":"Block Potion"},{"floor":35,"key":"GamblersBrew"},{"floor":36,"key":"Strength Potion"}],"is_trial":false,"path_per_floor":["M","M","M","?","M","E","?","E","T","M","$","M","?","M","R","B",null,"M","?","?","?","?","M","M","E","T","M","$","M","E","M","R","B",null,"M","M","?","$","M","E","R","E","T","E"],"character_chosen":"IRONCLAD","items_purchased":["Bandage Up","Dream Catcher","Vajra","Sling","Mercury Hourglass"],"campfire_rested":0,"item_purchase_floors":[11,11,28,28,38],"current_hp_per_floor":[76,80,80,80,80,52,40,35,35,35,35,37,37,43,43,11,80,80,80,80,80,65,75,69,58,58,65,80,85,81,82,82,39,85,85,75,75,85,80,81,81,87,87,0,0],"gold":168,"neow_bonus":"","is_daily":false,"chose_seed":false,"campfire_upgraded":0,"win_rate":0.0,"timestamp":1613024449,"path_taken":["M","M","M","?","M","E","?","E","T","M","?","?","?","M","R","BOSS","M","?","?","?","?","M","M","E","T","M","$","M","E","M","R","BOSS","M","M","?","$","?","E","R","E","T","E"],"items_purchased_type":["Card","Relic","Relic","Relic","Relic"],"build_version":"2020-12-22","purchased_purges":0,"victory":false,"max_hp_per_floor":[80,80,80,80,80,80,80,80,80,80,80,80,80,80,80,80,80,80,80,80,80,85,85,85,85,85,85,85,85,85,85,85,85,85,85,85,85,85,85,95,95,95,95,95,95],"card_choices":[{"not_picked":["Hemokinesis","Flex"],"picked":"Carnage","floor":1},{"not_picked":["Armaments","True Grit"],"picked":"Seeing Red","floor":2},{"not_picked":["True Grit","Twin Strike"],"picked":"Sword Boomerang","floor":3},{"not_picked":["Sword Boomerang","Combust"],"picked":"Thunderclap","floor":5},{"not_picked":["Body Slam","True Grit"],"picked":"Pommel Strike","floor":6},{"not_picked":["Burning Pact","Rampage"],"picked":"Headbutt","floor":7},{"not_picked":["Clash","Sever Soul"],"picked":"Double Tap","floor":8},{"not_picked":["Second Wind","Entrench"],"picked":"Cleave","floor":10},{"not_picked":["Flex","Clash"],"picked":"Clothesline","floor":12},{"not_picked":["Clash","Pummel"],"picked":"Armaments","floor":14},{"not_picked":["Corruption","Offering"],"picked":"Bludgeon","floor":16},{"not_picked":["Pommel Strike","Twin Strike"],"picked":"Thunderclap+1","floor":18},{"not_picked":["Iron Wave","Warcry"],"picked":"Anger","floor":23},{"not_picked":["Sever Soul","Dual Wield"],"picked":"Bludgeon","floor":24},{"not_picked":["Rupture","Hemokinesis"],"picked":"Flame Barrier+1","floor":25},{"not_picked":["Seeing Red","Sword Boomerang"],"picked":"Anger","floor":27},{"not_picked":["Armaments","True Grit"],"picked":"Flex+1","floor":29},{"not_picked":["Metallicize","Second Wind+1"],"picked":"Infernal Blade","floor":30},{"not_picked":["Rampage","Bloodletting"],"picked":"Battle Trance","floor":31},{"not_picked":["Double Tap","Bludgeon"],"picked":"Berserk","floor":33},{"not_picked":["Pummel","Whirlwind"],"picked":"Anger+1","floor":35},{"not_picked":["Shrug It Off+1","Pummel"],"picked":"Twin Strike+1","floor":36},{"not_picked":["Cleave+1","Clothesline"],"picked":"Anger","floor":39},{"not_picked":["Warcry","Thunderclap"],"picked":"Barricade","floor":40},{"not_picked":["Clash","Searing Blow"],"picked":"Infernal Blade","floor":42}],"player_experience":0,"relics_obtained":[{"floor":6,"key":"Girya"},{"floor":7,"key":"Odd Mushroom"},{"floor":8,"key":"Nunchaku"},{"floor":9,"key":"Orichalcum"},{"floor":25,"key":"Potion Belt"},{"floor":26,"key":"Regal Pillow"},{"floor":26,"key":"MealTicket"},{"floor":30,"key":"Gremlin Horn"},{"floor":40,"key":"Pear"},{"floor":42,"key":"Letter Opener"},{"floor":43,"key":"Juzu Bracelet"},{"floor":43,"key":"Molten Egg 2"}],"event_choices":[{"damage_healed":0,"gold_gain":0,"player_choice":"Leave","damage_taken":0,"max_hp_gain":0,"max_hp_loss":0,"event_name":"The Cleric","floor":4,"gold_loss":0},{"damage_healed":0,"gold_gain":0,"player_choice":"Fought Mushrooms","damage_taken":0,"max_hp_gain":0,"max_hp_loss":0,"event_name":"Mushrooms","floor":7,"gold_loss":0},{"damage_healed":0,"gold_gain":0,"player_choice":"Upgraded","damage_taken":0,"max_hp_gain":0,"max_hp_loss":0,"event_name":"Upgrade Shrine","floor":13,"gold_loss":0,"cards_upgraded":["Seeing Red"]},{"damage_healed":0,"gold_gain":0,"player_choice":"Stole Relic","damage_taken":0,"relics_obtained":["Matryoshka"],"max_hp_gain":0,"max_hp_loss":0,"event_name":"Addict","floor":19,"gold_loss":0,"cards_obtained":["Shame"]},{"damage_healed":0,"gold_gain":99,"player_choice":"Stole From Cult","damage_taken":0,"max_hp_gain":0,"max_hp_loss":0,"event_name":"Nest","floor":20,"gold_loss":0},{"damage_healed":0,"gold_gain":0,"player_choice":"Ignored","damage_taken":0,"max_hp_gain":0,"max_hp_loss":0,"event_name":"Vampires","floor":21,"gold_loss":0},{"damage_healed":0,"gold_gain":0,"player_choice":"Shed Blood","damage_taken":20,"max_hp_gain":5,"max_hp_loss":0,"event_name":"Forgotten Altar","floor":22,"gold_loss":0},{"cards_removed":["Shame"],"damage_healed":0,"gold_gain":0,"player_choice":"Purged","damage_taken":0,"max_hp_gain":0,"max_hp_loss":0,"event_name":"Purifier","floor":37,"gold_loss":0}],"is_beta":false,"boss_relics":[{"not_picked":["Coffee Dripper","Mark of Pain"],"picked":"Cursed Key"},{"not_picked":["Snecko Eye","Velvet Choker"],"picked":"SacredBark"}],"items_purged_floors":[],"is_endless":false,"potions_floor_spawned":[1,2,10,16,18,29,30,33,35,36],"killed_by":"Nemesis","ascension_level":0}}