{"host":"mi0eibewekhugwl1","time":1613031401,"event":{"mods":["AchievementEnabler","BaseMod","Colored Map","Colored Powertips","DeckTracker","Keyboard Shortcuts","Minty Spire (QoL Compilation)","Quick Restart","Rare Cards Sparkle","Relic Stats","StSLib","SuperFastMode","everything is the same but u backflip on backflip"],"gold_per_floor":[109,109,176,188,207,234,234,254,254,304,316,316,67,127,127,127,127],"floor_reached":16,"language":"KOR","playtime":263,"items_purged":["Strike_G"],"score":208,"play_id":"9072842c-a1e3-408c-91c4-69043a991090","local_time":"20210211171641","is_ascension_mode":true,"campfire_choices":[{"floor":7,"key":"REST"},{"floor":12,"key":"REST"},{"data":"Dagger Spray","floor":15,"key":"SMITH"}],"circlet_count":0,"master_deck":["AscendersBane","Strike_G","Strike_G","Strike_G","Defend_G","Defend_G","Defend_G","Defend_G","Defend_G","Survivor","Neutralize","Noxious Fumes","Dagger Spray+1","All Out Attack","Adrenaline","Eviscerate","Well Laid Plans","Dash","Blur"],"relics":["Ring of the Snake","NeowsBlessing","SsserpentHead","Potion Belt","Mummified Hand"],"acts_visited":["Exordium"],"potions_floor_usage":[5,5,14,16],"damage_taken":[{"damage":0,"enemies":"Cultist","floor":1,"turns":1},{"damage":0,"enemies":"Jaw Worm","floor":3,"turns":1},{"damage":0,"enemies":"Small Slimes","floor":4,"turns":1},{"damage":14,"enemies":"2 Fungi Beasts","floor":5,"turns":4},{"damage":26,"enemies":"3 Sentries","floor":6,"turns":7},{"damage":13,"enemies":"Blue Slaver","floor":8,"turns":5},{"damage":15,"enemies":"Exordium Wildlife","floor":11,"turns":4},{"damage":0,"enemies":"Large Slime","floor":14,"turns":5},{"damage":32,"enemies":"Slime Boss","floor":16,"turns":6}],"seed_played":"-6067808582838704187","potions_obtained":[{"floor":1,"key":"Swift Potion"},{"floor":4,"key":"SkillPotion"},{"floor":11,"key":"Poison Potion"}],"is_trial":false,"path_per_floor":["M","?","M","M","M","E","R","M","T","?","M","R","$","M","R","B"],"character_chosen":"THE_SILENT","items_purchased":["Well Laid Plans","AttackPotion","Dash"],"campfire_rested":2,"item_purchase_floors":[13,13,13],"current_hp_per_floor":[59,59,59,59,45,19,38,25,25,25,10,29,29,29,29,0,0],"gold":127,"neow_bonus":"THREE_ENEMY_KILL","is_daily":false,"chose_seed":false,"campfire_upgraded":1,"win_rate":0.0,"timestamp":1613031401,"path_taken":["M","?","?","M","M","E","R","M","T","?","M","R","$","?","R","BOSS"],"items_purchased_type":["Card","Potion","Card"],"build_version":"2020-12-22","purchased_purges":1,"victory":false,"max_hp_per_floor":[66,66,66,66,66,66,66,66,66,66,66,66,66,66,66,66,66],"relic_stats":{"SsserpentHead":150,"counters":[9,34],"Mummified Hand":[3],"obtain_stats":[{"Potion Belt":6,"SsserpentHead":2,"NeowsBlessing":0,"Mummified Hand":9,"Ring of the Snake":0},{"Potion Belt":5,"SsserpentHead":1,"NeowsBlessing":0,"Mummified Hand":6,"Ring of the Snake":0},{"Potion Belt":14,"SsserpentHead":1,"NeowsBlessing":0,"Mummified Hand":19,"Ring of the Snake":0}],"Ring of the Snake":[18]},"card_choices":[{"not_picked":["Backflip","PiercingWail"],"picked":"Noxious Fumes","floor":1},{"not_picked":["Dagger Throw","Deflect"],"picked":"Dagger Spray","floor":3},{"not_picked":["Calculated Gamble","Underhanded Strike"],"picked":"All Out Attack","floor":4},{"not_picked":["Slice","Setup","Prepared"],"picked":"SKIP","floor":5},{"not_picked":["Phantasmal Killer","Flying Knee"],"picked":"Adrenaline","floor":6},{"not_picked":["Deflect","Flying Knee","Acrobatics"],"picked":"SKIP","floor":8},{"not_picked":["Underhanded Strike","Endless Agony","Cloak And Dagger"],"picked":"SKIP","floor":11},{"not_picked":["Dagger Throw","Outmaneuver"],"picked":"Blur","floor":14}],"player_experience":1796618,"relics_obtained":[{"floor":6,"key":"Potion Belt"},{"floor":9,"key":"Mummified Hand"}],"event_choices":[{"damage_healed":0,"gold_gain":0,"player_choice":"Trade","damage_taken":0,"relics_obtained":["SsserpentHead"],"max_hp_gain":0,"max_hp_loss":0,"event_name":"FaceTrader","floor":2,"gold_loss":0},{"damage_healed":0,"gold_gain":0,"cards_transformed":["Strike_G"],"player_choice":"Transformed","damage_taken":0,"max_hp_gain":0,"max_hp_loss":0,"event_name":"Transmorgrifier","floor":10,"gold_loss":0,"cards_obtained":["Eviscerate"]}],"is_beta":false,"boss_relics":[],"items_purged_floors":[13],"is_endless":false,"potions_floor_spawned":[1,4,11],"killed_by":"Slime Boss","ascension_level":20}}