{"host":"newqdrzxfhh2im9e","time":1613077145,"event":{"mods":["AchievementEnabler","BaseMod","Block Reminder","Colored Map","Minty Spire (QoL Compilation)","Rare Cards Sparkle","Shop Mod","StSLib"],"gold_per_floor":[111,128,128,143,194,194,213,213,213,213,264,264,77,121,121,121,121],"floor_reached":16,"language":"ENG","playtime":329,"items_purged":[],"score":98,"play_id":"3f66c397-abe2-419c-9750-1bc70bab1ada","local_time":"20210211125905","is_ascension_mode":false,"campfire_choices":[{"floor":6,"key":"RECALL"},{"data":"Double Energy","floor":8,"key":"SMITH"},{"data":"Streamline","floor":10,"key":"SMITH"},{"floor":15,"key":"REST"}],"circlet_count":0,"master_deck":["Strike_B","Strike_B","Strike_B","Strike_B","Defend_B","Defend_B","Defend_B","Defend_B","Zap","Dualcast","Streamline+1","Recycle","Double Energy+1","Electrodynamics","Sweeping Beam","Core Surge"],"relics":["Cracked Core","Tiny Chest","Art of War","Anchor","Thread and Needle","Boot","Golden Idol","Smiling Mask"],"acts_visited":["Exordium"],"potions_floor_usage":[7,14],"damage_taken":[{"damage":1,"enemies":"Cultist","floor":1,"turns":3},{"damage":3,"enemies":"Small Slimes","floor":2,"turns":3},{"damage":1,"enemies":"Jaw Worm","floor":4,"turns":3},{"damage":2,"enemies":"Exordium Thugs","floor":7,"turns":4},{"damage":16,"enemies":"Lagavulin","floor":14,"turns":6},{"damage":51,"enemies":"Hexaghost","floor":16,"turns":9}],"seed_played":"-1096492689445721200","potions_obtained":[{"floor":2,"key":"SpeedPotion"},{"floor":4,"key":"SneckoOil"}],"is_trial":false,"path_per_floor":["M","M","?","M","T","R","M","R","T","R","T","?","$","E","R","B"],"character_chosen":"DEFECT","items_purchased":["Electrodynamics","Sweeping Beam"],"campfire_rested":1,"item_purchase_floors":[13,13],"current_hp_per_floor":[74,71,64,63,63,63,61,61,61,61,61,43,43,27,49,0,0],"gold":121,"neow_bonus":"RANDOM_COMMON_RELIC","is_daily":false,"chose_seed":false,"campfire_upgraded":2,"win_rate":0.0,"timestamp":1613077145,"path_taken":["M","?","?","M","?","R","M","R","T","R","?","?","?","E","R","BOSS"],"items_purchased_type":["Card","Card"],"build_version":"2020-12-22","purchased_purges":0,"victory":false,"max_hp_per_floor":[75,75,75,75,75,75,75,75,75,75,75,75,75,75,75,75,75],"card_choices":[{"not_picked":["Gash","Rebound","Steam Power"],"picked":"SKIP","floor":1},{"not_picked":["Steam Power","Hologram"],"picked":"Streamline","floor":2},{"not_picked":["Compile Driver","Rebound"],"picked":"Recycle","floor":4},{"not_picked":["Coolheaded","Steam"],"picked":"Double Energy","floor":7},{"not_picked":["Stack","Turbo"],"picked":"Core Surge","floor":14}],"player_experience":777533,"relics_obtained":[{"floor":5,"key":"Anchor"},{"floor":9,"key":"Thread and Needle"},{"floor":11,"key":"Boot"},{"floor":14,"key":"Smiling Mask"}],"event_choices":[{"damage_healed":0,"gold_gain":0,"player_choice":"Success","damage_taken":7,"relics_obtained":["Art of War"],"max_hp_gain":0,"max_hp_loss":0,"event_name":"Scrap Ooze","floor":3,"gold_loss":0},{"damage_healed":0,"gold_gain":0,"player_choice":"Take Damage","damage_taken":18,"relics_obtained":["Golden Idol"],"max_hp_gain":0,"max_hp_loss":0,"event_name":"Golden Idol","floor":12,"gold_loss":0}],"is_beta":false,"boss_relics":[],"items_purged_floors":[],"is_endless":false,"potions_floor_spawned":[2,4],"killed_by":"Hexaghost","ascension_level":0}}