{"host":"kcvncuxxsb6xpuus","time":1613021174,"event":{"mods":["BaseMod","Colored Powertips","Downfall","Minty Spire (QoL Compilation)","Replay The Spire","StSLib"],"gold_per_floor":[109,129,146,221,234,234,252,252,252,252,269,38,49,49,49,148,148,133,147,66,79,90,90,90,90,90,90,90,90,103,133,151,169,169,267,267,284,284,40,91,91,91],"floor_reached":41,"language":"ZHS","playtime":2864,"items_purged":["Strike_G"],"score":583,"play_id":"587dd5a3-0fc3-4b5d-bdba-f868e0c4ab41","local_time":"20210211132614","is_ascension_mode":true,"campfire_choices":[{"floor":6.0,"key":"DIG"},{"floor":8.0,"key":"DIG"},{"floor":15.0,"key":"DIG"},{"floor":23.0,"key":"REST"},{"floor":25.0,"key":"DIG"},{"floor":29.0,"key":"DIG"},{"data":"Phantasmal Killer","floor":34.0,"key":"SMITH"}],"circlet_count":0,"master_deck":["Strike_G","Strike_G","Strike_G","Defend_G","Defend_G","Defend_G","Survivor","Neutralize","Slimebound:Defend_Slimebound","Guardian:Strike_Guardian","Infinite Blades+1","Infinite Blades+1","Dagger Spray+1","Skewer","Sneak Up","Phantasmal Killer+1","Accuracy","Tools of the Trade","Riddle With Holes","Violence","Dagger Spray+1"],"relics":["Ring of the Snake","Shovel","Replay:WaspNest","Ornamental Fan","Divine Protection","Strange Spoon","Replay:Bottled Eggs","Empty Cage","StoneCalendar","ReplayFunnel","Replay:Multitool","Basket Of Snakes","Busted Crown","Vampiric Spirits"],"acts_visited":["Exordium","TheCity","TheBeyond"],"potions_floor_usage":[41],"damage_taken":[{"damage":4.0,"enemies":"Cultist","floor":1.0,"turns":5.0},{"damage":0.0,"enemies":"Jaw Worm","floor":2.0,"turns":5.0},{"damage":0.0,"enemies":"2 Louse","floor":3.0,"turns":3.0},{"damage":7.0,"enemies":"Gremlin Gang","floor":5.0,"turns":5.0},{"damage":8.0,"enemies":"Blue Slaver","floor":7.0,"turns":5.0},{"damage":0.0,"enemies":"3 Louse","floor":11.0,"turns":3.0},{"damage":0.0,"enemies":"Large Slime","floor":13.0,"turns":5.0},{"damage":15.0,"enemies":"Hexaghost","floor":16.0,"turns":11.0},{"damage":5.0,"enemies":"2 Thieves","floor":18.0,"turns":4.0},{"damage":5.0,"enemies":"Spheric Guardian","floor":19.0,"turns":5.0},{"damage":6.0,"enemies":"Shelled Parasite and Fungi","floor":21.0,"turns":5.0},{"damage":19.0,"enemies":"Snake Plant","floor":22.0,"turns":6.0},{"damage":6.0,"enemies":"Chosen and Byrds","floor":30.0,"turns":5.0},{"damage":11.0,"enemies":"Book of Stabbing","floor":31.0,"turns":6.0},{"damage":0.0,"enemies":"Cultist and Chosen","floor":32.0,"turns":5.0},{"damage":0.0,"enemies":"Snake Plant","floor":33.0,"turns":7.0},{"damage":4.0,"enemies":"Pondfish","floor":35.0,"turns":8.0},{"damage":0,"enemies":"3 Shapes","floor":37,"turns":7},{"damage":65,"enemies":"2 Orb Walkers","floor":40,"turns":5},{"damage":9,"enemies":"Orb Walker","floor":41,"turns":3}],"seed_played":"-4545131805517197186","potions_obtained":[{"floor":1.0,"key":"PowerPotion"},{"floor":2.0,"key":"bronze:BurnAndBuffPotion"},{"floor":13.0,"key":"Block Potion"},{"floor":18.0,"key":"Explosive Potion"},{"floor":32.0,"key":"LifebloodPotion"},{"floor":33.0,"key":"ColorlessPotion"},{"floor":35.0,"key":"Elixir"}],"is_trial":false,"path_per_floor":["M","M","M","?","M","R","M","R","T","?","M","$","M","?","R","B",null,"M","M","$","M","M","R","?","R","T","PTL","PTL","R","M","E","M","M","R","B",null,"M","?","$","?","M"],"character_chosen":"THE_SILENT","items_purchased":["Strange Spoon","Accuracy","Riddle With Holes","Violence"],"campfire_rested":1,"item_purchase_floors":[12,20,39,39],"current_hp_per_floor":[66,66,66,55,48,48,40,40,40,40,40,40,40,40,40,25,70,65,60,60,54,35,56,56,56,56,56,56,56,50,39,39,39,39,35,70,70,70,70,5,0,0],"gold":91,"neow_bonus":"ONE_RARE_RELIC","is_daily":false,"chose_seed":false,"campfire_upgraded":1,"win_rate":0.0,"timestamp":1613021174,"path_taken":["M","M","M","?","M","R","M","R","T","?","?","$","M","?","R","BOSS","M","M","$","?","M","R","?","R","T","PTL","PTL","R","M","E","M","M","R","BOSS","M","?","$","?","M"],"items_purchased_type":["Relic","Card","Card","Card"],"build_version":"2020-12-22","purchased_purges":1,"victory":false,"max_hp_per_floor":[70,70,70,70,70,70,70,70,70,70,70,70,70,70,70,70,70,70,70,70,70,70,70,70,70,70,70,70,70,70,70,70,70,70,70,70,70,70,70,70,70,70],"card_choices":[{"not_picked":["Crippling Poison","Dagger Throw"],"picked":"Infinite Blades","floor":1.0},{"not_picked":["Cloak And Dagger","Fluid Movement"],"picked":"Infinite Blades","floor":2.0},{"not_picked":["Prepared","Bane"],"picked":"Dagger Spray","floor":3.0},{"not_picked":["Cloak And Dagger","Quick Slash","Toxin Wave"],"picked":"SKIP","floor":5.0},{"not_picked":["Flying Knee","Caltrops","Endless Agony"],"picked":"SKIP","floor":7.0},{"not_picked":["ReplayTheSpireMod:Tripwire","Blade Dance","Deflect"],"picked":"SKIP","floor":11.0},{"not_picked":["Finisher","Crippling Poison"],"picked":"Sneak Up","floor":13.0},{"not_picked":["Unload","Venomology"],"picked":"Phantasmal Killer","floor":16.0},{"not_picked":["PiercingWail","Distraction","Dodge and Roll"],"picked":"SKIP","floor":18.0},{"not_picked":["Outmaneuver+1","Crippling Poison+1","Cloak And Dagger"],"picked":"SKIP","floor":19.0},{"not_picked":["Deadly Poison","PiercingWail","Poisoned Stab"],"picked":"SKIP","floor":21.0},{"not_picked":["Endless Agony","ReplayTheSpireMod:Exploit Weakness","Slice"],"picked":"SKIP","floor":22.0},{"not_picked":["After Image","PiercingWail","Blade Dance"],"picked":"SKIP","floor":30.0},{"not_picked":["Well Laid Plans","Prepared","Backflip"],"picked":"SKIP","floor":31.0},{"not_picked":["Dagger Spray","Masterful Stab+1","Escape Plan"],"picked":"SKIP","floor":32.0},{"not_picked":["Dagger Spray","Escape Plan+1","Deflect"],"picked":"SKIP","floor":33.0},{"not_picked":["Doppelganger","Unload"],"picked":"Tools of the Trade","floor":35.0},{"not_picked":["Deadly Poison+1"],"picked":"SKIP","floor":37},{"not_picked":[],"picked":"Dagger Spray+1","floor":40}],"player_experience":81493,"relics_obtained":[{"floor":6.0,"key":"Replay:WaspNest"},{"floor":8.0,"key":"Ornamental Fan"},{"floor":9.0,"key":"Divine Protection"},{"floor":15.0,"key":"Replay:Bottled Eggs"},{"floor":25.0,"key":"StoneCalendar"},{"floor":26.0,"key":"ReplayFunnel"},{"floor":29.0,"key":"Replay:Multitool"},{"floor":31.0,"key":"Basket Of Snakes"},{"floor":40,"key":"Vampiric Spirits"}],"event_choices":[{"damage_healed":0.0,"max_hp_gain":0.0,"max_hp_loss":0.0,"gold_gain":75.0,"event_name":"World of Goop","player_choice":"Gather Gold","floor":4.0,"gold_loss":0.0,"damage_taken":11.0},{"damage_healed":0.0,"max_hp_gain":0.0,"max_hp_loss":0.0,"gold_gain":0.0,"cards_transformed":["Strike_G"],"event_name":"Transmorgrifier","player_choice":"Transformed","floor":10.0,"gold_loss":0.0,"damage_taken":0.0,"cards_obtained":["Skewer"]},{"damage_healed":0.0,"max_hp_gain":0.0,"max_hp_loss":0.0,"gold_gain":0.0,"event_name":"Upgrade Shrine","player_choice":"Upgraded","floor":14.0,"gold_loss":0.0,"damage_taken":0.0,"cards_upgraded":["Dagger Spray"]},{"damage_healed":0,"gold_gain":0,"player_choice":"Ignored","damage_taken":0,"max_hp_gain":0,"max_hp_loss":0,"event_name":"Tomb of Lord Red Mask","floor":38,"gold_loss":0},{"damage_healed":0,"gold_gain":0,"player_choice":"Fight","damage_taken":0,"max_hp_gain":0,"max_hp_loss":0,"event_name":"Mysterious Sphere","floor":40,"gold_loss":0}],"is_beta":false,"boss_relics":[{"not_picked":["ReplayTheSpireMod:DimensionalGlitch","Snecko Eye"],"picked":"Empty Cage"},{"not_picked":["Ring of Chaos","Painkiller Herb"],"picked":"Busted Crown"}],"items_purged_floors":[12],"is_endless":false,"potions_floor_spawned":[1,2,13,18,32,33,35],"killed_by":"Orb Walker","ascension_level":1}}