{"host":"sxnl403xm2xmiyj1","time":1613045020,"event":{"mods":["AchievementEnabler","BaseMod","Colored Map","Keyboard Shortcuts","Minty Spire (QoL Compilation)","Quick Restart","StSLib","SuperFastMode"],"gold_per_floor":[111,261,280,280,295,19,49,124,140,140,140,154,154,179,13,13,84,84,104,104,119,119,119,119,145,145,145,16,30,50,50,70,70,144,144,164,183,183,24,43,74,74,100,100,110,18,28,55,65,65,65,65],"floor_reached":51,"language":"KOR","playtime":1254,"items_purged":["Doubt","Writhe"],"score":1181,"play_id":"d332ede0-2802-4086-9908-1c9e89b3b600","local_time":"20210211210340","is_ascension_mode":true,"campfire_choices":[{"data":"Acrobatics","floor":13.0,"key":"SMITH"},{"data":"Blade Dance","floor":16.0,"key":"SMITH"},{"data":"Cloak And Dagger","floor":24.0,"key":"SMITH"},{"data":"Tools of the Trade","floor":26.0,"key":"SMITH"},{"data":"Footwork","floor":31.0,"key":"SMITH"},{"data":"Neutralize","floor":33.0,"key":"SMITH"},{"data":"A Thousand Cuts","floor":42.0,"key":"SMITH"},{"floor":50.0,"key":"RECALL"}],"circlet_count":0,"master_deck":["AscendersBane","Strike_G","Strike_G","Strike_G","Strike_G","Strike_G","Defend_G","Defend_G","Defend_G","Defend_G","Defend_G","Survivor","Neutralize+1","Acrobatics+1","Blade Dance+1","Underhanded Strike","Cloak And Dagger+1","Riddle With Holes","Backstab","Quick Slash","Flash of Steel","Tools of the Trade+1","Poisoned Stab","Riddle With Holes+1","Underhanded Strike","Finesse","Infinite Blades","Footwork+1","Crippling Poison+1","Calculated Gamble+1","A Thousand Cuts+1","Concentrate","Dagger Spray+1","Madness","Panache","Sadistic Nature","Acrobatics","Accuracy","Accuracy","PiercingWail+1","Prepared","Infinite Blades","Deflect","Escape Plan","Infinite Blades","Blade Dance"],"relics":["Ring of the Snake","NeowsBlessing","Ninja Scroll","Art of War","PreservedInsect","Mercury Hourglass","Coffee Dripper","Nunchaku","Pantograph","Meat on the Bone","Omamori","WristBlade","Happy Flower","Pocketwatch","Potion Belt"],"acts_visited":["Exordium","TheCity","TheBeyond"],"potions_floor_usage":[51],"damage_taken":[{"damage":0.0,"enemies":"2 Louse","floor":1.0,"turns":1.0},{"damage":0.0,"enemies":"Cultist","floor":3.0,"turns":1.0},{"damage":0.0,"enemies":"2 Fungi Beasts","floor":5.0,"turns":1.0},{"damage":32.0,"enemies":"Lagavulin","floor":7.0,"turns":8.0},{"damage":14.0,"enemies":"Lots of Slimes","floor":9.0,"turns":6.0},{"damage":6.0,"enemies":"Exordium Wildlife","floor":12.0,"turns":6.0},{"damage":0.0,"enemies":"Gremlin Nob","floor":14.0,"turns":2.0},{"damage":58.0,"enemies":"The Guardian","floor":17.0,"turns":15.0},{"damage":1.0,"enemies":"Spheric Guardian","floor":19.0,"turns":3.0},{"damage":0.0,"enemies":"3 Byrds","floor":21.0,"turns":4.0},{"damage":25.0,"enemies":"Gremlin Leader","floor":25.0,"turns":5.0},{"damage":8.0,"enemies":"Centurion and Healer","floor":29.0,"turns":4.0},{"damage":14.0,"enemies":"Sentry and Sphere","floor":30.0,"turns":4.0},{"damage":0.0,"enemies":"Cultist and Chosen","floor":32.0,"turns":4.0},{"damage":58.0,"enemies":"Automaton","floor":34.0,"turns":12.0},{"damage":14.0,"enemies":"3 Darklings","floor":36.0,"turns":4.0},{"damage":8.0,"enemies":"Orb Walker","floor":37.0,"turns":2.0},{"damage":4.0,"enemies":"3 Darklings","floor":40.0,"turns":3.0},{"damage":15.0,"enemies":"Giant Head","floor":41.0,"turns":4.0},{"damage":0.0,"enemies":"Reptomancer","floor":43.0,"turns":2.0},{"damage":8.0,"enemies":"Spire Growth","floor":45.0,"turns":3.0},{"damage":13.0,"enemies":"4 Shapes","floor":47.0,"turns":3.0},{"damage":0.0,"enemies":"Nemesis","floor":48.0,"turns":4.0},{"damage":24.0,"enemies":"Writhing Mass","floor":49.0,"turns":5.0},{"damage":57,"enemies":"Donu and Deca","floor":51,"turns":5}],"seed_played":"-5671732570522822231","potions_obtained":[{"floor":1.0,"key":"CultistPotion"},{"floor":9.0,"key":"Poison Potion"},{"floor":17.0,"key":"Explosive Potion"},{"floor":25.0,"key":"Weak Potion"},{"floor":29.0,"key":"Dexterity Potion"},{"floor":32.0,"key":"SteroidPotion"},{"floor":34.0,"key":"Fire Potion"},{"floor":36.0,"key":"Dexterity Potion"},{"floor":37.0,"key":"CunningPotion"},{"floor":48.0,"key":"Fire Potion"},{"floor":49.0,"key":"SpeedPotion"}],"is_trial":false,"path_per_floor":["M","?","M","M","M","$","E","?","M","T","?","M","R","E","$","R","B",null,"M","?","M","?","?","R","E","R","T","$","M","M","R","M","R","B",null,"M","M","?","$","M","E","R","E","T","M","$","M","E","M","R","B"],"character_chosen":"THE_SILENT","items_purchased":["Ninja Scroll","Flash of Steel","Finesse","Infinite Blades","Acrobatics","Infinite Blades","Deflect"],"campfire_rested":0,"item_purchase_floors":[6,15,28,28,39,46,46],"current_hp_per_floor":[59,59,59,59,59,59,27,16,2,2,66,60,60,60,60,60,2,50,49,49,49,49,49,49,24,24,24,24,28,26,26,38,38,17,54,40,44,34,34,42,39,39,39,39,43,43,42,42,30,30,0,0],"gold":65,"neow_bonus":"THREE_ENEMY_KILL","is_daily":false,"chose_seed":false,"campfire_upgraded":7,"win_rate":0.0,"timestamp":1613045020,"path_taken":["M","?","M","M","M","$","E","?","M","T","?","M","R","E","$","R","BOSS","M","?","M","?","?","R","E","R","T","$","?","M","R","M","R","BOSS","M","M","?","$","M","E","R","E","T","M","$","M","E","M","R","BOSS"],"items_purchased_type":["Relic","Card","Card","Card","Card","Card","Card"],"build_version":"2020-12-22","purchased_purges":2,"victory":false,"max_hp_per_floor":[66,66,66,66,66,66,66,66,66,66,66,66,66,66,66,66,66,66,66,66,66,66,66,66,66,66,66,66,66,66,66,66,66,66,66,66,66,66,66,66,66,66,66,66,66,66,66,66,66,66,66,66],"card_choices":[{"not_picked":["Reflex","Deflect"],"picked":"Acrobatics","floor":1.0},{"not_picked":["Outmaneuver","Dagger Spray"],"picked":"Blade Dance","floor":3.0},{"not_picked":["Bane","Leg Sweep"],"picked":"Underhanded Strike","floor":5.0},{"not_picked":["Concentrate","Glass Knife"],"picked":"Cloak And Dagger","floor":7.0},{"not_picked":["Bouncing Flask","Endless Agony"],"picked":"Riddle With Holes","floor":9.0},{"not_picked":["Underhanded Strike","Expertise"],"picked":"Backstab","floor":12.0},{"not_picked":["Catalyst","Deflect"],"picked":"Quick Slash","floor":14.0},{"not_picked":["Storm of Steel","Glass Knife"],"picked":"Tools of the Trade","floor":17.0},{"not_picked":["Catalyst","Sucker Punch"],"picked":"Poisoned Stab","floor":19.0},{"not_picked":["Blade Dance","Dash"],"picked":"Riddle With Holes+1","floor":21.0},{"not_picked":["Blade Dance+1","Dagger Spray"],"picked":"Underhanded Strike","floor":25.0},{"not_picked":["Backflip","Bane"],"picked":"Footwork","floor":29.0},{"not_picked":["Acrobatics","Outmaneuver"],"picked":"Crippling Poison+1","floor":30.0},{"not_picked":["Venomology","Sucker Punch"],"picked":"Calculated Gamble+1","floor":32.0},{"not_picked":["Storm of Steel","Burst"],"picked":"A Thousand Cuts","floor":34.0},{"not_picked":["Backflip","Flying Knee"],"picked":"Concentrate","floor":36.0},{"not_picked":["Bane","Catalyst+1"],"picked":"Dagger Spray+1","floor":37.0},{"not_picked":["Enlightenment","Chrysalis"],"picked":"Madness","floor":38.0},{"not_picked":["Bandage Up","Dark Shackles"],"picked":"Panache","floor":38.0},{"not_picked":["Discovery","Transmutation"],"picked":"Sadistic Nature","floor":38.0},{"not_picked":["Dagger Throw+1","Sucker Punch"],"picked":"Accuracy","floor":40.0},{"not_picked":["Catalyst","Dagger Spray"],"picked":"Accuracy","floor":41.0},{"not_picked":["Outmaneuver","Dagger Spray"],"picked":"PiercingWail+1","floor":43.0},{"not_picked":["Deflect","PiercingWail"],"picked":"Prepared","floor":45.0},{"not_picked":["Reflex","Endless Agony"],"picked":"Escape Plan","floor":47.0},{"not_picked":["All Out Attack","Dagger Throw"],"picked":"Infinite Blades","floor":48.0},{"not_picked":["Slice","Expertise"],"picked":"Blade Dance","floor":49.0}],"player_experience":212274,"relics_obtained":[{"floor":7.0,"key":"Art of War"},{"floor":10.0,"key":"PreservedInsect"},{"floor":14.0,"key":"Mercury Hourglass"},{"floor":25.0,"key":"Meat on the Bone"},{"floor":27.0,"key":"Omamori"},{"floor":41.0,"key":"Happy Flower"},{"floor":43.0,"key":"Pocketwatch"},{"floor":48.0,"key":"Potion Belt"}],"event_choices":[{"damage_healed":0.0,"max_hp_gain":0.0,"max_hp_loss":0.0,"gold_gain":150.0,"event_name":"Liars Game","player_choice":"AGREE","floor":2.0,"gold_loss":0.0,"damage_taken":0.0,"cards_obtained":["Doubt"]},{"damage_healed":0.0,"max_hp_gain":0.0,"max_hp_loss":0.0,"gold_gain":75.0,"event_name":"World of Goop","player_choice":"Gather Gold","floor":8.0,"gold_loss":0.0,"damage_taken":11.0},{"damage_healed":64.0,"max_hp_gain":0.0,"max_hp_loss":0.0,"gold_gain":0.0,"event_name":"Wheel of Change","player_choice":"Full Heal","floor":11.0,"gold_loss":0.0,"damage_taken":0.0},{"damage_healed":0.0,"max_hp_gain":0.0,"max_hp_loss":0.0,"gold_gain":0.0,"event_name":"The Mausoleum","player_choice":"Opened","floor":20.0,"gold_loss":0.0,"damage_taken":0.0,"relics_obtained":["Nunchaku"],"cards_obtained":["Writhe"]},{"damage_healed":0.0,"max_hp_gain":0.0,"max_hp_loss":0.0,"gold_gain":0.0,"event_name":"Cursed Tome","player_choice":"Ignored","floor":22.0,"gold_loss":0.0,"damage_taken":0.0},{"damage_healed":0.0,"max_hp_gain":0.0,"max_hp_loss":0.0,"gold_gain":0.0,"event_name":"WeMeetAgain","player_choice":"Gave Potion","floor":23.0,"gold_loss":0.0,"damage_taken":0.0,"relics_obtained":["Pantograph"]},{"damage_healed":0.0,"max_hp_gain":0.0,"max_hp_loss":0.0,"gold_gain":0.0,"event_name":"SensoryStone","player_choice":"Memory 3","floor":38.0,"gold_loss":0.0,"damage_taken":10.0}],"is_beta":false,"boss_relics":[{"not_picked":["Empty Cage","Astrolabe"],"picked":"Coffee Dripper"},{"not_picked":["Snecko Eye","Black Star"],"picked":"WristBlade"}],"items_purged_floors":[15,39],"is_endless":false,"potions_floor_spawned":[1,9,17,25,29,32,34,36,37,41,48,49],"killed_by":"Donu and Deca","ascension_level":16}}