{"host":"5hsgormuu0lj4iiq","time":1613013627,"event":{"mods":["AchievementEnabler","BaseMod","Colored Map","Colored Powertips","Minty Spire (QoL Compilation)","Quick Restart","Relic Stats","SuperFastMode","everything is the same but u backflip on backflip","slay the spire mod where everything is the same but ironclad has a cowboy hat"],"gold_per_floor":[118,118,134,154,229,229,255,255,255,255,255,289,315,315,315,415,415,430,355,205,216,216,216,232,266,266,285,320,14,14,49,49,149,149,167,389,389,389,125,125,154,154,225,235,255,255,265,265,265],"floor_reached":48,"language":"ENG","playtime":1135,"items_purged":["Strike_B"],"score":878,"play_id":"e5cf89bb-b9d1-49da-8901-c3edcf0eab88","local_time":"20210210222027","is_ascension_mode":true,"campfire_choices":[{"data":"Cold Snap","floor":6,"key":"SMITH"},{"data":"Defragment","floor":8,"key":"SMITH"},{"data":"Zap","floor":11,"key":"SMITH"},{"floor":15,"key":"REST"},{"data":"Electrodynamics","floor":23,"key":"SMITH"},{"floor":32,"key":"REST"},{"data":"Defragment","floor":40,"key":"SMITH"},{"floor":42,"key":"REST"}],"circlet_count":0,"master_deck":["AscendersBane","Defend_B","Defend_B","Defend_B","Defend_B","Zap+1","Dualcast+1","Cold Snap+1","Defragment+1","Chill+1","Genetic Algorithm+1","Electrodynamics+1","Biased Cognition+1","Static Discharge+1","Defragment+1","Static Discharge","BootSequence+1","Leap+1","Writhe","Flash of Steel","Writhe","Defragment+1","Defragment+1","Darkness+1","Buffer","Turbo+1"],"relics":["Cracked Core","NeowsBlessing","Letter Opener","Toxic Egg 2","Turnip","Odd Mushroom","Astrolabe","DollysMirror","Potion Belt","Red Mask","Membership Card","HornCleat","Meat on the Bone","Ancient Tea Set","CaptainsWheel","Orrery","Oddly Smooth Stone","White Beast Statue"],"acts_visited":["Exordium","TheCity","TheBeyond"],"potions_floor_usage":[21,28,33,41,48,48],"damage_taken":[{"damage":0,"enemies":"2 Louse","floor":1,"turns":1},{"damage":0,"enemies":"Small Slimes","floor":3,"turns":1},{"damage":0,"enemies":"Jaw Worm","floor":4,"turns":1},{"damage":29,"enemies":"3 Sentries","floor":7,"turns":9},{"damage":17,"enemies":"Lagavulin","floor":12,"turns":6},{"damage":14,"enemies":"The Mushroom Lair","floor":13,"turns":6},{"damage":17,"enemies":"The Guardian","floor":16,"turns":13},{"damage":1,"enemies":"Shell Parasite","floor":18,"turns":5},{"damage":4,"enemies":"2 Thieves","floor":21,"turns":4},{"damage":7,"enemies":"Chosen and Byrds","floor":24,"turns":4},{"damage":18,"enemies":"Slavers","floor":25,"turns":3},{"damage":12,"enemies":"Snecko","floor":27,"turns":4},{"damage":0,"enemies":"Masked Bandits","floor":28,"turns":2},{"damage":1,"enemies":"Gremlin Leader","floor":31,"turns":7},{"damage":12,"enemies":"Collector","floor":33,"turns":13},{"damage":4,"enemies":"Orb Walker","floor":35,"turns":4},{"damage":65,"enemies":"Nemesis","floor":41,"turns":7},{"damage":0,"enemies":"3 Shapes","floor":44,"turns":6},{"damage":0,"enemies":"Sphere and 2 Shapes","floor":45,"turns":4},{"damage":0,"enemies":"Maw","floor":47,"turns":8},{"damage":65,"enemies":"Giant Head","floor":48,"turns":7}],"seed_played":"-5003925070945512168","potions_obtained":[{"floor":12,"key":"ColorlessPotion"},{"floor":13,"key":"Weak Potion"},{"floor":18,"key":"Fruit Juice"},{"floor":21,"key":"Swift Potion"},{"floor":22,"key":"LiquidMemories"},{"floor":27,"key":"GamblersBrew"},{"floor":31,"key":"LiquidMemories"},{"floor":35,"key":"EssenceOfSteel"},{"floor":44,"key":"LiquidBronze"},{"floor":45,"key":"FearPotion"}],"is_trial":false,"path_per_floor":["M","$","M","M","?","R","E","R","T","?","R","E","?","?","R","B",null,"M","?","$","M","?","R","M","E","T","M","?","$","?","E","R","B",null,"M","?","?","?","$","R","E","R","T","M","M","?","M","E"],"character_chosen":"DEFECT","items_purchased":["DollysMirror","Membership Card","HornCleat","Defragment","CaptainsWheel","Orrery"],"campfire_rested":3,"item_purchase_floors":[20,29,29,39,39,39],"current_hp_per_floor":[68,68,68,68,57,57,28,28,28,53,53,36,22,22,44,27,63,62,62,62,63,63,63,56,38,38,26,26,26,26,37,61,49,72,68,68,68,80,80,80,27,51,51,51,51,51,51,0,0],"gold":265,"neow_bonus":"THREE_ENEMY_KILL","is_daily":false,"chose_seed":false,"campfire_upgraded":5,"win_rate":0.0,"timestamp":1613013627,"path_taken":["M","$","M","M","?","R","E","R","T","?","R","E","?","?","R","BOSS","M","?","$","M","?","R","?","E","T","M","?","$","?","E","R","BOSS","M","?","?","?","$","R","E","R","T","M","?","?","?","E"],"items_purchased_type":["Relic","Relic","Relic","Card","Relic","Relic"],"build_version":"2020-12-22","purchased_purges":1,"victory":false,"max_hp_per_floor":[75,75,75,75,75,75,75,75,75,75,75,75,75,75,75,75,75,75,75,75,80,80,80,80,80,80,80,80,80,80,80,80,80,80,80,80,80,80,80,80,80,80,80,80,80,80,80,80,80],"relic_stats":{"counters":[21,115],"Astrolabe":["Biased Cognition","Static Discharge","Sunder"],"Turnip":[13],"Letter Opener":[175],"obtain_stats":[{"Potion Belt":25,"NeowsBlessing":0,"Astrolabe":17,"Oddly Smooth Stone":41,"Letter Opener":7,"Odd Mushroom":13,"Ancient Tea Set":31,"White Beast Statue":43,"CaptainsWheel":39,"HornCleat":29,"DollysMirror":20,"Orrery":39,"Turnip":12,"Red Mask":28,"Membership Card":29,"Toxic Egg 2":9,"Cracked Core":0,"Meat on the Bone":30},{"Potion Belt":11,"NeowsBlessing":0,"Astrolabe":7,"Oddly Smooth Stone":17,"Letter Opener":4,"Odd Mushroom":6,"Ancient Tea Set":14,"White Beast Statue":17,"CaptainsWheel":16,"HornCleat":13,"DollysMirror":8,"Orrery":16,"Turnip":5,"Red Mask":13,"Membership Card":13,"Toxic Egg 2":4,"Cracked Core":0,"Meat on the Bone":13},{"Potion Belt":53,"NeowsBlessing":0,"Astrolabe":37,"Oddly Smooth Stone":90,"Letter Opener":12,"Odd Mushroom":24,"Ancient Tea Set":66,"White Beast Statue":90,"CaptainsWheel":83,"HornCleat":59,"DollysMirror":42,"Orrery":83,"Turnip":18,"Red Mask":59,"Membership Card":59,"Toxic Egg 2":12,"Cracked Core":0,"Meat on the Bone":59}],"Meat on the Bone":24},"card_choices":[{"not_picked":["Gash","Compile Driver","Steam"],"picked":"SKIP","floor":1},{"not_picked":["Sunder","Barrage","BootSequence"],"picked":"SKIP","floor":3},{"not_picked":["Melter","Redo"],"picked":"Cold Snap","floor":4},{"not_picked":["Rebound","Beam Cell"],"picked":"Defragment","floor":7},{"not_picked":["Creative AI","FTL"],"picked":"Chill+1","floor":12},{"not_picked":["Redo+1","Steam+1"],"picked":"Genetic Algorithm+1","floor":13},{"not_picked":["Fission+1","Reboot+1"],"picked":"Electrodynamics","floor":16},{"not_picked":["Streamline","Reprogram+1","Tempest+1"],"picked":"SKIP","floor":18},{"not_picked":["Rebound","Force Field+1","Aggregate+1"],"picked":"SKIP","floor":21},{"not_picked":["Go for the Eyes","Turbo+1"],"picked":"Static Discharge","floor":24},{"not_picked":["Go for the Eyes","Stack+1"],"picked":"BootSequence+1","floor":25},{"not_picked":["Conserve Battery+1","Recycle+1"],"picked":"Leap+1","floor":27},{"not_picked":["Gash","Beam Cell","Streamline"],"picked":"SKIP","floor":31},{"not_picked":["Compile Driver","Rip and Tear","Rebound"],"picked":"SKIP","floor":35},{"not_picked":["Good Instincts+1","Forethought+1"],"picked":"Flash of Steel","floor":37},{"not_picked":["Machine Learning","Stack+1"],"picked":"Defragment+1","floor":39},{"not_picked":["Steam+1","Gash+1"],"picked":"Darkness+1","floor":39},{"not_picked":["Static Discharge","Rebound+1","Melter"],"picked":"SKIP","floor":41},{"not_picked":["Redo+1","Undo+1","Hologram+1"],"picked":"SKIP","floor":44},{"not_picked":["Streamline+1","Cold Snap","Consume+1"],"picked":"SKIP","floor":45},{"not_picked":["White Noise+1","Coolheaded+1"],"picked":"Turbo+1","floor":47}],"player_experience":723423,"relics_obtained":[{"floor":7,"key":"Letter Opener"},{"floor":9,"key":"Toxic Egg 2"},{"floor":12,"key":"Turnip"},{"floor":13,"key":"Odd Mushroom"},{"floor":25,"key":"Potion Belt"},{"floor":28,"key":"Red Mask"},{"floor":31,"key":"Ancient Tea Set"},{"floor":41,"key":"Oddly Smooth Stone"},{"floor":43,"key":"White Beast Statue"}],"event_choices":[{"damage_healed":0,"gold_gain":75,"player_choice":"Gather Gold","damage_taken":11,"max_hp_gain":0,"max_hp_loss":0,"event_name":"World of Goop","floor":5,"gold_loss":0},{"damage_healed":25,"gold_gain":0,"player_choice":"Banana","damage_taken":0,"max_hp_gain":0,"max_hp_loss":0,"event_name":"Big Fish","floor":10,"gold_loss":0},{"damage_healed":0,"gold_gain":0,"player_choice":"Fought Mushrooms","damage_taken":0,"max_hp_gain":0,"max_hp_loss":0,"event_name":"Mushrooms","floor":13,"gold_loss":0},{"damage_healed":0,"gold_gain":0,"player_choice":"Grow","damage_taken":0,"max_hp_gain":0,"max_hp_loss":0,"event_name":"Living Wall","floor":14,"gold_loss":0,"cards_upgraded":["Dualcast"]},{"cards_removed":["Sunder"],"damage_healed":0,"gold_gain":0,"player_choice":"Gave Gold","damage_taken":0,"max_hp_gain":0,"max_hp_loss":0,"event_name":"Beggar","floor":19,"gold_loss":75},{"damage_healed":0,"gold_gain":0,"player_choice":"Got Potions","damage_taken":0,"max_hp_gain":0,"max_hp_loss":0,"event_name":"Lab","floor":22,"gold_loss":0},{"damage_healed":0,"gold_gain":0,"player_choice":"Fought Bandits","damage_taken":0,"max_hp_gain":0,"max_hp_loss":0,"event_name":"Masked Bandits","floor":28,"gold_loss":0},{"damage_healed":0,"gold_gain":0,"player_choice":"Opened","damage_taken":0,"relics_obtained":["Meat on the Bone"],"max_hp_gain":0,"max_hp_loss":0,"event_name":"The Mausoleum","floor":30,"gold_loss":0,"cards_obtained":["Writhe"]},{"damage_healed":0,"gold_gain":222,"player_choice":"Wore Mask","damage_taken":0,"max_hp_gain":0,"max_hp_loss":0,"event_name":"Tomb of Lord Red Mask","floor":36,"gold_loss":0},{"damage_healed":0,"gold_gain":0,"player_choice":"Memory 1","damage_taken":0,"max_hp_gain":0,"max_hp_loss":0,"event_name":"SensoryStone","floor":37,"gold_loss":0},{"damage_healed":20,"gold_gain":0,"player_choice":"Writhe","damage_taken":0,"max_hp_gain":0,"max_hp_loss":0,"event_name":"Winding Halls","floor":38,"gold_loss":0,"cards_obtained":["Writhe"]},{"damage_healed":0,"gold_gain":0,"player_choice":"1 cards matched","damage_taken":0,"max_hp_gain":0,"max_hp_loss":0,"event_name":"Match and Keep!","floor":46,"gold_loss":0,"cards_obtained":["Buffer"]}],"is_beta":false,"boss_relics":[{"not_picked":["Fusion Hammer","Ectoplasm"],"picked":"Astrolabe"},{"not_picked":["FrozenCore","Coffee Dripper","Philosopher\u0027s Stone"]}],"items_purged_floors":[29],"is_endless":false,"potions_floor_spawned":[12,13,18,21,27,31,35,44,45,47],"killed_by":"Giant Head","ascension_level":12}}