{"host":"mqhvlr3kpxebko0t","time":1613043246,"event":{"mods":["AchievementEnabler","BaseMod","Colored Map","Colored Powertips","KOR Keyword Fix","Keyboard Shortcuts","Minty Spire (QoL Compilation)","StSLib","SuperFastMode"],"gold_per_floor":[114,124,124,141,66,66,96,96,96,146,156,156,156],"floor_reached":12,"language":"KOR","playtime":91,"items_purged":[],"score":140,"play_id":"6e97ff87-7187-4683-9a05-ca19d2070e7f","local_time":"20210211203406","is_ascension_mode":true,"campfire_choices":[{"data":"Zap","floor":6,"key":"SMITH"},{"data":"Defragment","floor":8,"key":"SMITH"}],"circlet_count":0,"master_deck":["AscendersBane","Strike_B","Strike_B","Strike_B","Defend_B","Defend_B","Defend_B","Defend_B","Zap+1","Dualcast","Hologram","Defragment+1","Streamline","Self Repair","Cold Snap"],"relics":["Cracked Core","NeowsBlessing","Lantern","Singing Bowl","Symbiotic Virus"],"acts_visited":["Exordium"],"potions_floor_usage":[11],"damage_taken":[{"damage":0.0,"enemies":"Cultist","floor":1.0,"turns":1.0},{"damage":0.0,"enemies":"Small Slimes","floor":2.0,"turns":1.0},{"damage":0.0,"enemies":"Jaw Worm","floor":4.0,"turns":1.0},{"damage":40,"enemies":"Gremlin Nob","floor":7,"turns":4},{"damage":0,"enemies":"3 Louse","floor":11,"turns":2},{"damage":15,"enemies":"Lagavulin","floor":12,"turns":2}],"seed_played":"5755960656365665790","potions_obtained":[{"floor":1.0,"key":"Fire Potion"},{"floor":7,"key":"LiquidMemories"}],"is_trial":false,"path_per_floor":["M","M","?","M","?","R","E","R","T","?","M","E"],"character_chosen":"DEFECT","items_purchased":[],"campfire_rested":0,"item_purchase_floors":[],"current_hp_per_floor":[64,64,53,53,53,53,13,13,13,13,13,0,0],"gold":156,"neow_bonus":"THREE_ENEMY_KILL","is_daily":false,"chose_seed":false,"campfire_upgraded":2,"win_rate":0.0,"timestamp":1613043246,"path_taken":["M","?","?","M","?","R","E","R","T","?","M","E"],"items_purchased_type":[],"build_version":"2020-12-22","purchased_purges":0,"victory":false,"max_hp_per_floor":[71,71,71,71,71,71,71,71,71,71,71,71,71],"card_choices":[{"not_picked":["Doom and Gloom","Rebound"],"picked":"Hologram","floor":1.0},{"not_picked":["Sweeping Beam","Leap"],"picked":"Defragment","floor":2.0},{"not_picked":["Fusion","Turbo"],"picked":"Streamline","floor":4},{"not_picked":["BootSequence","Leap"],"picked":"Self Repair","floor":7},{"not_picked":["Scrape","Steam"],"picked":"Cold Snap","floor":11}],"player_experience":712258,"relics_obtained":[{"floor":7,"key":"Singing Bowl"},{"floor":9,"key":"Symbiotic Virus"}],"event_choices":[{"damage_healed":0.0,"max_hp_gain":0.0,"max_hp_loss":0.0,"gold_gain":0.0,"event_name":"Scrap Ooze","player_choice":"Success","floor":3.0,"gold_loss":0.0,"damage_taken":11.0,"relics_obtained":["Lantern"]},{"cards_removed":["Strike_B"],"damage_healed":0,"gold_gain":0,"player_choice":"Card Removal","damage_taken":0,"max_hp_gain":0,"max_hp_loss":0,"event_name":"The Cleric","floor":5,"gold_loss":75},{"damage_healed":0,"gold_gain":50,"player_choice":"Pray","damage_taken":0,"max_hp_gain":0,"max_hp_loss":0,"event_name":"Golden Shrine","floor":10,"gold_loss":0}],"is_beta":false,"boss_relics":[],"items_purged_floors":[],"is_endless":false,"potions_floor_spawned":[1,7],"killed_by":"Lagavulin","ascension_level":16}}