{"host":"jpoqyovmuyzau4u8","time":1613080502,"event":{"mods":["BaseMod","Better Match","Better Note","Better Sensory Stone","Better Skull","Better Third Choice","Curses Come First","Downfall","Infinite Spire","Minty Spire (QoL Compilation)","Reliquary","Retaliation","StSLib","The Cursed","The Disciple","The Runesmith","The Servant 0.9.4"],"gold_per_floor":[99,110,128,147,162,188,188,188,204,221,131,148,48,64,77,77,77,77],"floor_reached":16,"language":"ENG","playtime":1663,"items_purged":["Guardian:Defend_Guardian"],"score":133,"play_id":"4f7518e0-236f-4c27-8e2a-3087b8414af1","local_time":"20210211155502","is_ascension_mode":false,"campfire_choices":[{"floor":1.0,"key":"RECALL"},{"data":"Guardian:Harden","floor":13,"key":"SMITH"}],"circlet_count":0,"master_deck":["Guardian:Strike_Guardian","Guardian:Strike_Guardian","Guardian:Strike_Guardian","Guardian:Strike_Guardian","Guardian:Defend_Guardian","Guardian:Defend_Guardian","Guardian:Defend_Guardian","Guardian:CurlUp","Guardian:TwinSlam","Guardian:TemporalShield","Guardian:Suspension","Guardian:Recover","Guardian:Harden+1","Guardian:Reroute","Guardian:Incinerate","Guardian:TimeSifter","Guardian:Gem_Blue"],"relics":["Guardian:ModeShifter","reliquary:FeatherDuster","downfall:HeartBlessingBlue"],"acts_visited":["Exordium"],"potions_floor_usage":[12],"damage_taken":[{"damage":11.0,"enemies":"infinitespire:Voidling","floor":2.0,"turns":6.0},{"damage":3.0,"enemies":"2 Louse","floor":3.0,"turns":3.0},{"damage":3.0,"enemies":"Cultist","floor":4.0,"turns":5.0},{"damage":15.0,"enemies":"2 Fungi Beasts","floor":5.0,"turns":6.0},{"damage":22.0,"enemies":"Lagavulin","floor":6.0,"turns":11.0},{"damage":3,"enemies":"Red Slaver","floor":9,"turns":5},{"damage":2,"enemies":"Blue Slaver","floor":10,"turns":5},{"damage":0,"enemies":"downfall:FleeingMerchant","floor":11,"turns":4},{"damage":1,"enemies":"Exordium Wildlife","floor":12,"turns":6},{"damage":20,"enemies":"Large Slime","floor":14,"turns":6},{"damage":4,"enemies":"Blue Slaver","floor":15,"turns":4},{"damage":25,"enemies":"DF_ARCHETYPE_STREAMLINE","floor":16,"turns":9}],"seed_played":"-9097453243484843549","potions_obtained":[{"floor":2.0,"key":"Guardian:AcceleratePotion"},{"floor":9,"key":"Ancient Potion"},{"floor":10,"key":"Fruit Juice"},{"floor":12,"key":"BlessingOfTheForge"}],"is_trial":false,"path_per_floor":["R","M","M","M","M","E","T","?","M","M","$","M","R","M","M","B"],"character_chosen":"GUARDIAN","items_purchased":[],"campfire_rested":0,"item_purchase_floors":[],"current_hp_per_floor":[88,77,74,71,56,34,34,34,31,29,29,33,43,23,19,0,0,0],"gold":77,"neow_bonus":"TEN_PERCENT_HP_BONUS","is_daily":false,"chose_seed":false,"campfire_upgraded":1,"win_rate":0.0,"timestamp":1613080502,"path_taken":["R","M","?","M","M","E","T","?","M","M","$","?","R","M","M","BOSS"],"items_purchased_type":[],"build_version":"2020-12-22","purchased_purges":1,"victory":false,"max_hp_per_floor":[88,88,88,88,88,88,88,88,88,88,88,93,103,103,103,103,103,103],"card_choices":[{"not_picked":["Guardian:RefractedBeam","Guardian:Preprogram"],"picked":"Guardian:TemporalShield","floor":2.0},{"not_picked":["Guardian:Incinerate","Guardian:FloatingOrbs"],"picked":"Guardian:Suspension","floor":3.0},{"not_picked":["Guardian:Gem_Red","Guardian:RollAttack"],"picked":"Guardian:Recover","floor":4.0},{"not_picked":["Guardian:DecasProtection","Guardian:PrimingBeam"],"picked":"Guardian:Harden","floor":5.0},{"not_picked":["Guardian:SpikerProtocol","Guardian:Gem_Cyan"],"picked":"Guardian:Gem_Crimson","floor":6.0},{"not_picked":["Guardian:Clone","Guardian:Gem_Lightblue"],"picked":"Guardian:Reroute","floor":9},{"not_picked":["Guardian:Preprogram","Guardian:Suspension"],"picked":"Guardian:Gem_Lightblue","floor":10},{"not_picked":["Guardian:BronzeOrb","Guardian:CrystalBeam"],"picked":"Guardian:Incinerate","floor":11},{"not_picked":["Guardian:Recover","Guardian:Gem_Lightblue"],"picked":"Guardian:Gem_Green","floor":12},{"not_picked":["Guardian:BodySlam","Guardian:ArmoredProtocol"],"picked":"Guardian:TimeSifter","floor":14},{"not_picked":["Guardian:Suspension","Guardian:PiercingHide"],"picked":"Guardian:Gem_Blue","floor":15}],"player_experience":123914,"relics_obtained":[{"floor":6.0,"key":"reliquary:FeatherDuster"}],"event_choices":[],"is_beta":false,"boss_relics":[],"items_purged_floors":[11],"is_endless":false,"potions_floor_spawned":[2,9,10,12],"killed_by":"DF_ARCHETYPE_STREAMLINE","ascension_level":0}}