{"host":"l4kdldlios54gl54","time":1613086872,"event":{"mods":["AchievementEnabler","BaseMod","Colored Map","Colored Powertips","Minty Spire (QoL Compilation)","Random Character Button"],"gold_per_floor":[119,157,171,186,186,186,206,206,231,231,244,244,278,278,278,350,350,365,365,365],"floor_reached":19,"language":"ENG","playtime":630,"items_purged":[],"score":338,"play_id":"7e2efdf4-517a-497d-97f7-63e9ce4df9ee","local_time":"20210212004112","is_ascension_mode":true,"campfire_choices":[{"data":"Rupture","floor":6,"key":"SMITH"},{"data":"True Grit","floor":8,"key":"SMITH"},{"data":"Pommel Strike","floor":12,"key":"SMITH"},{"floor":15,"key":"REST"}],"circlet_count":0,"master_deck":["AscendersBane","Strike_R","Strike_R","Strike_R","Strike_R","Defend_R","Defend_R","Defend_R","Bash","Rupture+1","Pommel Strike+1","Shrug It Off+1","Hemokinesis+1","True Grit+1","Spot Weakness","True Grit+1"],"relics":["Burning Blood","Bag of Marbles","Boot","Sozu"],"acts_visited":["Exordium","TheCity"],"potions_floor_usage":[2,16],"damage_taken":[{"damage":1,"enemies":"2 Louse","floor":1,"turns":4},{"damage":6,"enemies":"Cultist","floor":2,"turns":3},{"damage":5,"enemies":"Small Slimes","floor":3,"turns":5},{"damage":9,"enemies":"Looter","floor":4,"turns":4},{"damage":21,"enemies":"Exordium Wildlife","floor":7,"turns":4},{"damage":9,"enemies":"Lots of Slimes","floor":11,"turns":5},{"damage":30,"enemies":"3 Sentries","floor":13,"turns":7},{"damage":17,"enemies":"The Guardian","floor":16,"turns":8},{"damage":34,"enemies":"Shell Parasite","floor":18,"turns":6},{"damage":51,"enemies":"Masked Bandits","floor":19,"turns":3}],"seed_played":"4790753831414555304","potions_obtained":[{"floor":1,"key":"ColorlessPotion"},{"floor":4,"key":"PowerPotion"},{"floor":16,"key":"ElixirPotion"}],"is_trial":false,"path_per_floor":["M","M","M","M","?","R","M","R","T","?","M","R","E","?","R","B",null,"M","?"],"character_chosen":"IRONCLAD","items_purchased":[],"campfire_rested":1,"item_purchase_floors":[],"current_hp_per_floor":[55,55,56,53,53,53,38,38,38,38,35,35,11,11,33,22,62,34,0,0],"gold":365,"neow_bonus":"REMOVE_TWO","is_daily":false,"chose_seed":false,"campfire_upgraded":3,"win_rate":0.0,"timestamp":1613086872,"path_taken":["M","M","M","M","?","R","M","R","T","?","?","R","E","?","R","BOSS","M","?"],"items_purchased_type":[],"build_version":"2020-12-22","purchased_purges":0,"victory":false,"max_hp_per_floor":[75,75,75,75,75,75,75,75,75,75,75,75,75,75,75,75,75,75,75,75],"card_choices":[{"not_picked":["Warcry","Perfected Strike"],"picked":"Rupture","floor":1},{"not_picked":["Shrug It Off","Heavy Blade"],"picked":"Pommel Strike","floor":2},{"not_picked":["Twin Strike","Perfected Strike"],"picked":"Shrug It Off","floor":3},{"not_picked":["Ghostly Armor","Headbutt"],"picked":"Hemokinesis","floor":4},{"not_picked":["Twin Strike","Seeing Red"],"picked":"True Grit","floor":7},{"not_picked":["Rupture","Iron Wave","Sever Soul"],"picked":"SKIP","floor":11},{"not_picked":["Havoc","Barricade"],"picked":"Spot Weakness","floor":13},{"not_picked":["Rupture","Clash"],"picked":"True Grit+1","floor":18}],"player_experience":904658,"relics_obtained":[{"floor":9,"key":"Bag of Marbles"},{"floor":13,"key":"Boot"}],"event_choices":[{"damage_healed":0,"gold_gain":0,"player_choice":"Grow","damage_taken":0,"max_hp_gain":0,"max_hp_loss":0,"event_name":"Living Wall","floor":5,"gold_loss":0,"cards_upgraded":["Hemokinesis"]},{"damage_healed":0,"gold_gain":0,"player_choice":"Upgraded","damage_taken":0,"max_hp_gain":0,"max_hp_loss":0,"event_name":"Upgrade Shrine","floor":10,"gold_loss":0,"cards_upgraded":["Shrug It Off"]},{"damage_healed":0,"gold_gain":0,"player_choice":"Fled","damage_taken":0,"max_hp_gain":0,"max_hp_loss":0,"event_name":"Scrap Ooze","floor":14,"gold_loss":0},{"damage_healed":0,"gold_gain":0,"player_choice":"Fought Bandits","damage_taken":0,"max_hp_gain":0,"max_hp_loss":0,"event_name":"Masked Bandits","floor":19,"gold_loss":0}],"is_beta":false,"boss_relics":[{"not_picked":["Runic Pyramid","Tiny House"],"picked":"Sozu"}],"items_purged_floors":[],"is_endless":false,"potions_floor_spawned":[1,4,16,18],"killed_by":"Masked Bandits","ascension_level":20}}