{"host":"sgot3i7m08vsvri4","time":1613082052,"event":{"mods":["AchievementEnabler","BaseMod","BetterRewards","Clockwork Mod","Colorless Booster Pack","Custom Start","DNKmod","Downfall","Duelist Mod","Friendly Minions","GifTheSpireLib","Gremlin Skip","Grow up Mod","Hermit","Hubris","Infinite Spire","Marisa????????","Mimic Mod","Minty Spire (QoL Compilation)","Relic Sorter","Remove Card Discount Mod","Replay The Spire","Shop Mod","StSLib","The Alterego","The Animator","The Construct","The Hierophant","The Necromancer","The Servant 0.9.4","Treasure Hunter","WarShipGirlsR/????R mod"],"gold_per_floor":[10615,10645,9947,9947,9947,9947,9960,9960,9960,9960,9979,9979,9195,9239,9239,9342,9342,9355,8689,8689,8706,8706,8734,8734,8734,8734,8749,8749,8045,8060,8078,8093,8108,8108,8235,8235,8249,8249,8249,8262,8273,8273,7685,7685,7709,7721,7721,7767,7786,7804,7804,7804,7804,7804,7804,6925,6953,6954],"floor_reached":59,"language":"ENG","playtime":4135,"items_purged":["Voices","animator:Sloth","animator:Layla","animator:LizardPriest","animator:Spearman","animator:Chung+1","animator:Spearman","animator:GuildGirl"],"score":1234,"play_id":"93717b16-a6c0-4e66-8f30-61df3f89b016","local_time":"20210211162052","is_ascension_mode":false,"campfire_choices":[{"data":"animator:Arpeggio","floor":6,"key":"SMITH"},{"floor":8,"key":"RECALL"},{"data":"animator:TukaLunaMarceau","floor":12,"key":"SMITH"},{"data":"animator:Ainz","floor":24,"key":"SMITH"},{"data":"animator:Kuribayashi","floor":34,"key":"SMITH"},{"data":"TH:EnergyPotion","floor":42,"key":"SMITH"},{"data":"TH:CursedSword","floor":44,"key":"SMITH"},{"data":"animator:Cocytus","floor":47,"key":"SMITH"},{"data":"animator:Arpeggio","floor":51,"key":"SMITH"},{"data":"animator:Kuribayashi","floor":51,"key":"SMITH"},{"data":"animator:Tyuule","floor":54,"key":"SMITH"},{"data":"animator:Tyuule","floor":54,"key":"SMITH"}],"circlet_count":0,"master_deck":["animator:Strike_GATE","animator:Defend","animator:Defend","animator:TukaLunaMarceau+1","animator:Kuribayashi+1","animator:Kuribayashi+1","animator:Arpeggio+1","animator:Cocytus+1","TH:EnergyPotion+1","animator:Tyuule+1","animator:Darkness","animator:RoryMercury+1","animator:Ainz+1","animator:LeleiLaLalena","TH:CursedSword+1","animator:Cocytus+1","TH:TreasureMap","animator:Entoma+9","animator:TukaLunaMarceau","TH:Mimic","animator:PinaCoLada","animator:Bozes+1","animator:Tyuule+1","animator:Arpeggio+1","animator:Cocytus","animator:Ainz+1","TH:Mimic","animator:NarberalGamma","animator:NarberalGamma","animator:RoryMercury","animator:Darkness","TH:CopperCoins"],"relics":["animator:LivingPicture","animator:ColorlessFragment","NeowsBlessing","MerchantsRug","infinitespire:Beetle Shell","Replay:Baseball","ReplayTheSpireMod:Ring of Collecting","hubris:EmptyBottle","Thread and Needle","Replay:WaspNest","construct:BoolHorns","hubris:Stopwatch","Replay:Kaleidoscope","Mercury Hourglass","ClockworkSouvenir","hubris:Towel","Centennial Puzzle","Ice Cream","Ring of Panic","hubris:PeanutButter","animator:EngravedStaff","TH:HealthInsurance","animator:RacePiece","Durian","animator:ShionDessert","DollysMirror","Whetstone","Replay:Arrowhead","Strange Spoon","Strawberry","ReplayTheSpireMod:Shallot","Bronze Scales"],"acts_visited":["Exordium","TheCity","TheBeyond","TheEnding"],"potions_floor_usage":[16,16,16,16,18,35,41,50,52,52,52,58,58,58,58,58,58],"damage_taken":[{"damage":0,"enemies":"Small Slimes","floor":1,"turns":1},{"damage":0,"enemies":"Jaw Worm","floor":2,"turns":1},{"damage":0,"enemies":"2 Louse","floor":7,"turns":1},{"damage":0,"enemies":"Red Slaver","floor":11,"turns":1},{"damage":6,"enemies":"Gremlin Nob","floor":14,"turns":4},{"damage":83,"enemies":"Hexaghost","floor":16,"turns":6},{"damage":13,"enemies":"2 Thieves","floor":18,"turns":4},{"damage":0,"enemies":"Chosen","floor":21,"turns":3},{"damage":10,"enemies":"theDuelist:KaibaA2","floor":23,"turns":3},{"damage":7,"enemies":"Snake Plant","floor":27,"turns":2},{"damage":0,"enemies":"3 Cultists","floor":30,"turns":4},{"damage":3,"enemies":"Shelled Parasite and Fungi","floor":31,"turns":3},{"damage":2,"enemies":"Snake Plant","floor":32,"turns":3},{"damage":0,"enemies":"Centurion and Healer","floor":33,"turns":5},{"damage":37,"enemies":"Champ","floor":35,"turns":7},{"damage":0,"enemies":"3 Shapes","floor":37,"turns":3},{"damage":10,"enemies":"3 Darklings","floor":40,"turns":3},{"damage":0,"enemies":"Transient","floor":41,"turns":5},{"damage":4,"enemies":"Spire Growth","floor":46,"turns":3},{"damage":23,"enemies":"2 Orb Walkers","floor":48,"turns":3},{"damage":4,"enemies":"3 Darklings","floor":49,"turns":3},{"damage":0,"enemies":"Maw","floor":50,"turns":4},{"damage":52,"enemies":"Awakened One","floor":52,"turns":7},{"damage":8,"enemies":"Shield and Spear","floor":57,"turns":4},{"damage":69,"enemies":"The Heart","floor":58,"turns":6}],"seed_played":"5758188380987780366","potions_obtained":[{"floor":2,"key":"Dexterity Potion"},{"floor":15,"key":"Block Potion"},{"floor":15,"key":"LifebloodPotion"},{"floor":16,"key":"DuplicationPotion"},{"floor":23,"key":"Weak Potion"},{"floor":27,"key":"Elixir"},{"floor":30,"key":"CultistPotion"},{"floor":35,"key":"Adrenaline Potion"},{"floor":46,"key":"Guardian:BlockOnCardUsePotion"},{"floor":50,"key":"BlessingOfTheForge"}],"is_trial":false,"path_per_floor":["M","M","$","?","?","R","M","R","T","?","M","R","$","E","R","B",null,"M","$","?","M","?","E","R","PTL","PTL","M","T","$","M","M","M","M","R","B",null,"M","?","?","M","M","R","$","R","T","M","R","?","M","M","R","B",null,"R","??","$","E","B",null],"character_chosen":"THE_ANIMATOR","items_purchased":["MerchantsRug","animator:ColorlessFragment","infinitespire:Beetle Shell","animator:GuildGirl","Replay:Baseball","hubris:EmptyBottle","Thread and Needle","Replay:WaspNest","animator:Darkness","Replay:Kaleidoscope","Mercury Hourglass","ClockworkSouvenir","hubris:PeanutButter","animator:EngravedStaff","TH:HealthInsurance","animator:Entoma","Durian","animator:ShionDessert","DollysMirror","Strange Spoon","Strawberry","ReplayTheSpireMod:Shallot","animator:NarberalGamma","animator:RoryMercury","animator:Darkness","Fire Potion","Guardian:BlockOnCardUsePotion","Explosive Potion"],"campfire_rested":0,"item_purchase_floors":[3,3,3,3,3,13,13,13,13,19,19,19,29,29,29,29,43,43,43,56,56,56,56,56,56,56,56,56],"current_hp_per_floor":[120,130,140,150,160,170,180,190,200,210,221,231,241,245,255,182,281,279,289,299,309,319,319,329,339,349,352,362,372,382,391,399,409,419,392,474,486,472,482,484,494,504,519,529,539,545,555,544,550,560,570,530,633,643,653,670,672,613],"gold":6954,"neow_bonus":"THREE_ENEMY_KILL","is_daily":false,"chose_seed":false,"campfire_upgraded":11,"win_rate":0.0,"timestamp":1613082052,"path_taken":["M","M","$","?","?","R","M","R","T","?","M","R","$","E","R","BOSS","M","$","?","M","?","E","R","PTL","PTL","M","T","$","M","M","M","M","R","BOSS","M","?","?","M","M","R","$","R","T","?","R","?","M","M","R","BOSS","R","??","$","E","BOSS"],"items_purchased_type":["Relic","Relic","Relic","Card","Relic","Relic","Relic","Relic","Card","Relic","Relic","Relic","Relic","Relic","Relic","Card","Relic","Relic","Relic","Relic","Relic","Relic","Card","Card","Card","Potion","Potion","Potion"],"build_version":"2020-12-22","purchased_purges":8,"victory":true,"max_hp_per_floor":[120,130,140,150,160,170,180,190,200,210,221,231,241,251,261,271,281,292,302,312,322,332,342,352,362,372,382,392,402,412,424,434,444,454,464,474,486,472,482,494,504,514,529,539,549,559,569,581,591,601,611,623,633,643,653,670,680,690],"card_choices":[{"not_picked":["animator:Fredrika","animator:Chris"],"picked":"animator:Kuribayashi","floor":1},{"not_picked":["animator:RoyMustang","animator:ElricEdward"],"picked":"animator:Arpeggio","floor":2},{"not_picked":["animator:ElricEdward","animator:Kazuma","animator:Fredrika"],"picked":"SKIP","floor":7},{"not_picked":["TH:PixieDust"],"picked":"TH:EnergyPotion","floor":9},{"not_picked":["animator:Darkness","animator:Ara"],"picked":"animator:Tyuule","floor":11},{"not_picked":["animator:TukaLunaMarceau","animator:Kuribayashi"],"picked":"animator:RoryMercury","floor":14},{"not_picked":["animator:Mitsurugi","animator:Add"],"picked":"animator:Spearman","floor":14},{"not_picked":["animator:AcuraShin","animator:Envy"],"picked":"animator:Ainz","floor":16},{"not_picked":["animator:Sloth","animator:Demiurge"],"picked":"animator:LeleiLaLalena","floor":18},{"not_picked":["animator:AcuraShin","animator:Elsword","animator:Lu"],"picked":"SKIP","floor":21},{"not_picked":["TH:ElvenBoots"],"picked":"TH:CursedSword","floor":23},{"not_picked":["animator:Sloth","animator:Verdia","animator:Megumin"],"picked":"SKIP","floor":23},{"not_picked":["animator:Laby","animator:Aisha+1"],"picked":"animator:Cocytus+1","floor":27},{"not_picked":["TH:CopperCoins"],"picked":"TH:TreasureMap","floor":28},{"not_picked":["animator:Chung","animator:Tyuule"],"picked":"animator:TukaLunaMarceau","floor":30},{"not_picked":["animator:Mitsurugi+1","animator:Greed","animator:Layla"],"picked":"SKIP","floor":31},{"not_picked":["animator:YunYun","animator:Ara","animator:AcuraAkari"],"picked":"SKIP","floor":32},{"not_picked":["animator:Scar","animator:Spearman","animator:Chung+1"],"picked":"SKIP","floor":33},{"not_picked":["TH:TreasureMap"],"picked":"TH:Mimic","floor":35},{"not_picked":["animator:ItamiYouji","animator:Greed"],"picked":"animator:PinaCoLada","floor":35},{"not_picked":["animator:Chung","animator:Aisha+1","animator:Vanir"],"picked":"SKIP","floor":37},{"not_picked":["animator:Pride","animator:Lu+1"],"picked":"animator:Arpeggio","floor":40},{"not_picked":["animator:LizardPriest+1","animator:AcuraAkari+1"],"picked":"animator:Cocytus","floor":41},{"not_picked":["TH:EnergyPotion"],"picked":"TH:Mimic","floor":45},{"not_picked":["animator:RoyMustang","animator:Sloth+1"],"picked":"animator:Entoma+1","floor":46},{"not_picked":["animator:Viivi+1","animator:Gillette","animator:Megumin+1"],"picked":"SKIP","floor":49},{"not_picked":["animator:YunYun","animator:AcuraAkari"],"picked":"animator:Entoma+1","floor":50},{"not_picked":["TH:ArmorSpikes"],"picked":"TH:CopperCoins","floor":57},{"not_picked":["animator:Gluttony+1","animator:Gillette+1","animator:Spearman+1"],"picked":"SKIP","floor":57}],"player_experience":191855,"relics_obtained":[{"floor":10,"key":"ReplayTheSpireMod:Ring of Collecting"},{"floor":14,"key":"construct:BoolHorns"},{"floor":23,"key":"Centennial Puzzle"},{"floor":28,"key":"Ice Cream"},{"floor":28,"key":"Ring of Panic"},{"floor":45,"key":"Whetstone"},{"floor":48,"key":"Replay:Arrowhead"},{"floor":57,"key":"Bronze Scales"}],"event_choices":[{"cards_removed":["animator:Defend_GATE"],"damage_healed":0,"gold_gain":0,"player_choice":"Offered Basic","damage_taken":0,"max_hp_gain":0,"max_hp_loss":0,"event_name":"Bonfire Elementals","floor":22,"gold_loss":0},{"damage_healed":0,"gold_gain":0,"player_choice":"Max HP","damage_taken":0,"max_hp_gain":0,"max_hp_loss":24,"event_name":"Winding Halls","floor":38,"gold_loss":0},{"cards_removed":["animator:Kuribayashi"],"damage_healed":0,"gold_gain":0,"player_choice":"Purged","damage_taken":0,"max_hp_gain":0,"max_hp_loss":0,"event_name":"Purifier","floor":39,"gold_loss":0},{"damage_healed":0,"gold_gain":0,"player_choice":"Fight","damage_taken":0,"max_hp_gain":0,"max_hp_loss":0,"event_name":"Mysterious Sphere","floor":48,"gold_loss":0}],"is_beta":false,"boss_relics":[{"not_picked":["Cursed Key","Velvet Choker"],"picked":"hubris:Stopwatch"},{"not_picked":["SlaversCollar","ReplayTheSpireMod:SealedPack"],"picked":"animator:RacePiece"}],"items_purged_floors":[13,13,19,19,19,19,19,19],"is_endless":false,"potions_floor_spawned":[2,16,23,27,30,35,46,50,57],"ascension_level":0}}