{"host":"kg61lsvem4dxoat8","time":1613056601,"event":{"mods":["AchievementEnabler","BaseMod","Better Altar","Better Match","Better Sensory Stone","Better Skull","Block Reminder","Highlight Path","Minty Spire (QoL Compilation)","Quick Restart","Rare Cards Sparkle","Relic Sorter","Relic Stats","StSLib","Synergy Search","slay the spire mod where everything is the same but ironclad has a cowboy hat"],"gold_per_floor":[110,1,1,76,89,89,119,119,119,138,163,163,191,191,191],"floor_reached":14,"language":"ENG","playtime":227,"items_purged":["Strike_R"],"score":173,"play_id":"c21702c1-6f89-45c1-9240-7e4844b050ba","local_time":"20210211231641","is_ascension_mode":true,"campfire_choices":[{"data":"Carnage","floor":6,"key":"SMITH"},{"data":"Twin Strike","floor":8,"key":"SMITH"}],"circlet_count":0,"master_deck":["AscendersBane","Strike_R","Strike_R","Strike_R","Strike_R","Defend_R","Defend_R","Defend_R","Defend_R","Bash","Twin Strike+1","Carnage+1","Metallicize","Spot Weakness"],"relics":["Burning Blood","NeowsBlessing","CeramicFish","MealTicket","Red Skull","PreservedInsect","Art of War","Ancient Tea Set"],"acts_visited":["Exordium"],"potions_floor_usage":[13,13,13],"damage_taken":[{"damage":0,"enemies":"Cultist","floor":1,"turns":1},{"damage":0,"enemies":"2 Louse","floor":5,"turns":1},{"damage":0,"enemies":"Lagavulin","floor":7,"turns":1},{"damage":2,"enemies":"Jaw Worm","floor":10,"turns":2},{"damage":4,"enemies":"2 Fungi Beasts","floor":11,"turns":3},{"damage":0,"enemies":"Exordium Wildlife","floor":13,"turns":3},{"damage":10,"enemies":"3 Sentries","floor":14,"turns":2}],"seed_played":"-2892241048263373112","potions_obtained":[{"floor":1,"key":"SpeedPotion"},{"floor":5,"key":"Dexterity Potion"},{"floor":7,"key":"EssenceOfSteel"}],"is_trial":false,"path_per_floor":["M","$","?","?","M","R","E","R","T","M","M","?","M","E"],"character_chosen":"IRONCLAD","items_purchased":["Carnage"],"campfire_rested":0,"item_purchase_floors":[2],"current_hp_per_floor":[78,78,78,67,73,73,79,79,79,80,80,3,9,0,0],"gold":191,"neow_bonus":"THREE_ENEMY_KILL","is_daily":false,"chose_seed":false,"campfire_upgraded":2,"win_rate":0.0,"timestamp":1613056601,"path_taken":["M","?","?","?","M","R","E","R","T","?","M","?","M","E"],"items_purchased_type":["Card"],"build_version":"2020-12-22","purchased_purges":1,"victory":false,"max_hp_per_floor":[80,80,80,80,80,80,80,80,80,80,80,80,80,80,80],"relic_stats":{"counters":[7,13],"CeramicFish":18,"MealTicket":0,"PreservedInsect":33,"Art of War":[0],"obtain_stats":[{"NeowsBlessing":0,"CeramicFish":7,"MealTicket":9,"PreservedInsect":12,"Art of War":12,"Ancient Tea Set":12,"Burning Blood":0,"Red Skull":12},{"NeowsBlessing":0,"CeramicFish":3,"MealTicket":3,"PreservedInsect":5,"Art of War":5,"Ancient Tea Set":5,"Burning Blood":0,"Red Skull":5},{"NeowsBlessing":0,"CeramicFish":3,"MealTicket":3,"PreservedInsect":8,"Art of War":8,"Ancient Tea Set":8,"Burning Blood":0,"Red Skull":8}],"Burning Blood":31},"card_choices":[{"not_picked":["Combust","Heavy Blade"],"picked":"Twin Strike","floor":1},{"not_picked":["Intimidate","Thunderclap","Fire Breathing"],"picked":"SKIP","floor":5},{"not_picked":["Rage","Sword Boomerang","Limit Break"],"picked":"SKIP","floor":7},{"not_picked":["Flex","Sever Soul","Body Slam"],"picked":"SKIP","floor":10},{"not_picked":["Anger","Thunderclap"],"picked":"Metallicize","floor":11},{"not_picked":["True Grit","Bloodletting"],"picked":"Spot Weakness","floor":13}],"player_experience":1463680,"relics_obtained":[{"floor":7,"key":"CeramicFish"},{"floor":9,"key":"MealTicket"}],"event_choices":[{"damage_healed":0,"gold_gain":0,"player_choice":"Ignored","damage_taken":0,"max_hp_gain":0,"max_hp_loss":0,"event_name":"Liars Game","floor":3,"gold_loss":0},{"damage_healed":0,"gold_gain":75,"player_choice":"Gather Gold","damage_taken":11,"max_hp_gain":0,"max_hp_loss":0,"event_name":"World of Goop","floor":4,"gold_loss":0},{"damage_healed":0,"gold_gain":0,"player_choice":"RE RE RE RE ","damage_taken":85,"relics_obtained":["Red Skull","PreservedInsect","Art of War","Ancient Tea Set"],"max_hp_gain":0,"max_hp_loss":0,"event_name":"betterSkull:BetterSkull","floor":12,"gold_loss":0,"cards_upgraded":[]}],"is_beta":false,"boss_relics":[],"items_purged_floors":[2],"is_endless":false,"potions_floor_spawned":[1,5,7],"killed_by":"3 Sentries","ascension_level":10}}