{"host":"9n6i2vl93jt4o42q","time":1613081577,"event":{"mods":["BaseMod","Minty Spire (QoL Compilation)","Relic Stats"],"gold_per_floor":[114,127,127,151,53,53,53,96,96,129,129,129,150,186,186,277,277,301,216,141,166,182,182,201,222,222,247,247,247],"floor_reached":28,"language":"ENG","playtime":13433,"items_purged":[],"score":480,"play_id":"fc097365-3744-452e-a640-73e881bf2dfe","local_time":"20210211231257","is_ascension_mode":true,"campfire_choices":[{"data":"Sucker Punch","floor":6.0,"key":"SMITH"},{"data":"Predator","floor":11.0,"key":"SMITH"},{"floor":15.0,"key":"REST"},{"floor":23.0,"key":"REST"}],"circlet_count":0,"master_deck":["AscendersBane","Strike_G","Strike_G+1","Strike_G","Strike_G","Defend_G+1","Defend_G","Survivor","Neutralize","Bullet Time","After Image","Deflect","Blade Dance","Choke","Sucker Punch+1","Heel Hook","Night Terror","Predator+1","Predator","Blade Dance","After Image","Dagger Spray","PiercingWail","Cloak And Dagger","Caltrops+1","Acrobatics"],"relics":["Ring of the Snake","Golden Idol","Ninja Scroll","StrikeDummy","Peace Pipe","Strawberry","Snecko Eye","Blood Vial","Ornamental Fan"],"acts_visited":["Exordium","TheCity"],"potions_floor_usage":[24],"damage_taken":[{"damage":0.0,"enemies":"2 Louse","floor":1.0,"turns":4.0},{"damage":0.0,"enemies":"Small Slimes","floor":2.0,"turns":5.0},{"damage":0.0,"enemies":"Jaw Worm","floor":4.0,"turns":5.0},{"damage":13.0,"enemies":"3 Sentries","floor":8.0,"turns":9.0},{"damage":5.0,"enemies":"Lagavulin","floor":10.0,"turns":7.0},{"damage":0.0,"enemies":"Exordium Wildlife","floor":13.0,"turns":3.0},{"damage":18.0,"enemies":"3 Sentries","floor":14.0,"turns":7.0},{"damage":12.0,"enemies":"Slime Boss","floor":16.0,"turns":9.0},{"damage":15.0,"enemies":"3 Byrds","floor":18.0,"turns":6.0},{"damage":19.0,"enemies":"2 Thieves","floor":21.0,"turns":3.0},{"damage":10.0,"enemies":"Snecko","floor":22.0,"turns":4.0},{"damage":5,"enemies":"Centurion and Healer","floor":24,"turns":2},{"damage":16,"enemies":"Snake Plant","floor":25,"turns":4},{"damage":0,"enemies":"Shelled Parasite and Fungi","floor":27,"turns":4},{"damage":17,"enemies":"Slavers","floor":28,"turns":1}],"seed_played":"6358424610809266572","potions_obtained":[{"floor":1.0,"key":"EntropicBrew"},{"floor":13.0,"key":"SteroidPotion"},{"floor":25,"key":"Fire Potion"}],"is_trial":false,"path_per_floor":["M","M","?","M","$","R","?","E","T","E","R","?","M","E","R","B",null,"M","?","?","M","M","R","M","M","T","M","E"],"character_chosen":"THE_SILENT","items_purchased":["Sucker Punch","Heel Hook"],"campfire_rested":2,"item_purchase_floors":[5,5],"current_hp_per_floor":[59,59,54,54,54,54,38,25,25,20,20,20,20,9,27,15,50,35,35,35,18,10,28,25,11,11,13,0,0],"gold":247,"neow_bonus":"TRANSFORM_TWO_CARDS","is_daily":false,"chose_seed":false,"campfire_upgraded":2,"win_rate":0.0,"timestamp":1613081577,"path_taken":["M","M","?","M","$","R","?","E","T","E","R","?","M","E","R","BOSS","M","?","?","?","M","R","M","M","T","M","E"],"items_purchased_type":["Card","Card"],"build_version":"2020-12-22","purchased_purges":0,"victory":false,"max_hp_per_floor":[60,60,54,54,54,54,54,54,54,54,54,54,54,61,61,61,61,61,61,61,61,61,61,61,61,61,61,61,61],"relic_stats":{"Peace Pipe":0,"Blood Vial":12,"counters":[15,73],"Golden Idol":76,"Ornamental Fan":[20],"Snecko Eye":[36,49,49,40],"obtain_stats":[{"Peace Pipe":10,"Blood Vial":19,"Golden Idol":3,"Ninja Scroll":8,"Ornamental Fan":26,"Strawberry":14,"Snecko Eye":17,"StrikeDummy":9,"Ring of the Snake":0},{"Peace Pipe":5,"Blood Vial":9,"Golden Idol":2,"Ninja Scroll":4,"Ornamental Fan":13,"Strawberry":7,"Snecko Eye":8,"StrikeDummy":4,"Ring of the Snake":0},{"Peace Pipe":30,"Blood Vial":55,"Golden Idol":9,"Ninja Scroll":23,"Ornamental Fan":68,"Strawberry":40,"Snecko Eye":49,"StrikeDummy":23,"Ring of the Snake":0}],"Ring of the Snake":[16]},"card_choices":[{"not_picked":["Tactician","Prepared"],"picked":"Deflect","floor":1.0},{"not_picked":["Dagger Throw","Catalyst"],"picked":"Blade Dance","floor":2.0},{"not_picked":["Dodge and Roll","Calculated Gamble"],"picked":"Choke","floor":4.0},{"not_picked":["Envenom","Slice"],"picked":"Night Terror","floor":8.0},{"not_picked":["PiercingWail","Deflect"],"picked":"Predator","floor":10.0},{"not_picked":["Prepared","Dagger Spray"],"picked":"Blade Dance","floor":13.0},{"not_picked":["Sucker Punch","Tactician","Prepared"],"picked":"SKIP","floor":14.0},{"not_picked":["Phantasmal Killer","Corpse Explosion"],"picked":"After Image","floor":16.0},{"not_picked":["Masterful Stab","Bouncing Flask"],"picked":"Dagger Spray","floor":18.0},{"not_picked":["Sucker Punch","Expertise","Skewer"],"picked":"SKIP","floor":21.0},{"not_picked":["Finisher","Prepared"],"picked":"PiercingWail","floor":22.0},{"not_picked":["Acrobatics","Outmaneuver"],"picked":"Cloak And Dagger","floor":24},{"not_picked":["Masterful Stab","Dagger Throw"],"picked":"Caltrops+1","floor":25},{"not_picked":["Quick Slash","Masterful Stab"],"picked":"Acrobatics","floor":27}],"player_experience":2552491,"relics_obtained":[{"floor":8.0,"key":"Ninja Scroll"},{"floor":9.0,"key":"StrikeDummy"},{"floor":10.0,"key":"Peace Pipe"},{"floor":14.0,"key":"Strawberry"},{"floor":26,"key":"Ornamental Fan"}],"event_choices":[{"damage_healed":0.0,"max_hp_gain":0.0,"max_hp_loss":6.0,"gold_gain":0.0,"event_name":"Golden Idol","player_choice":"Lose Max HP","floor":3.0,"gold_loss":0.0,"damage_taken":0.0,"relics_obtained":["Golden Idol"]},{"damage_healed":0.0,"max_hp_gain":0.0,"max_hp_loss":0.0,"gold_gain":0.0,"event_name":"Shining Light","player_choice":"Entered Light","floor":7.0,"gold_loss":0.0,"damage_taken":16.0,"cards_upgraded":["Defend_G","Strike_G"]},{"damage_healed":0.0,"max_hp_gain":0.0,"max_hp_loss":0.0,"gold_gain":0.0,"cards_transformed":["Defend_G"],"event_name":"Living Wall","player_choice":"Change","floor":12.0,"gold_loss":0.0,"damage_taken":0.0,"cards_obtained":["Predator"]},{"damage_healed":0.0,"max_hp_gain":0.0,"max_hp_loss":0.0,"gold_gain":0.0,"event_name":"Addict","player_choice":"Obtained Relic","floor":19.0,"gold_loss":85.0,"damage_taken":0.0,"relics_obtained":["Blood Vial"]},{"cards_removed":["Defend_G"],"damage_healed":0.0,"max_hp_gain":0.0,"max_hp_loss":0.0,"gold_gain":0.0,"event_name":"Beggar","player_choice":"Gave Gold","floor":20.0,"gold_loss":75.0,"damage_taken":0.0}],"is_beta":false,"boss_relics":[{"not_picked":["Velvet Choker","Runic Pyramid"],"picked":"Snecko Eye"}],"items_purged_floors":[],"is_endless":false,"potions_floor_spawned":[1,10,13,16,18,25,27],"killed_by":"Slavers","ascension_level":20}}