{"host":"c3go1wdw7e87ramg","time":1613018000,"event":{"mods":["Act Like it!","BaseMod","Minty Spire (QoL Compilation)","StSLib"],"gold_per_floor":[119,194,194,212,66,99,99,109,159,178,219,230,262,262,262,375,375,398,16,16,13,32,32,32],"floor_reached":23,"language":"ZHS","playtime":1173,"items_purged":["Strike_R"],"score":271,"play_id":"93f27f40-3542-4e21-b1aa-417d088ec10e","local_time":"20210211123320","is_ascension_mode":true,"campfire_choices":[{"data":"Bash","floor":7.0,"key":"SMITH"},{"floor":15.0,"key":"REST"}],"circlet_count":0,"master_deck":["Strike_R","Strike_R","Strike_R","Strike_R","Defend_R","Defend_R","Defend_R","Bash+1","Shrug It Off","Rage","Warcry","Battle Trance","Rampage+1","Feed","Flex"],"relics":["Burning Blood","NeowsBlessing","Omamori","Lantern","CeramicFish","Anchor","InkBottle","Black Star","Torii","WarpedTongs"],"acts_visited":["Exordium","TheCity"],"potions_floor_usage":[22,23,23,23],"damage_taken":[{"damage":0.0,"enemies":"Jaw Worm","floor":1.0,"turns":1.0},{"damage":0.0,"enemies":"2 Louse","floor":4.0,"turns":1.0},{"damage":0.0,"enemies":"3 Sentries","floor":6.0,"turns":2.0},{"damage":0.0,"enemies":"Cultist","floor":8.0,"turns":4.0},{"damage":2.0,"enemies":"2 Fungi Beasts","floor":10.0,"turns":3.0},{"damage":51.0,"enemies":"Lagavulin","floor":11.0,"turns":8.0},{"damage":2.0,"enemies":"Exordium Thugs","floor":12.0,"turns":4.0},{"damage":30.0,"enemies":"Gremlin Nob","floor":13.0,"turns":4.0},{"damage":42.0,"enemies":"Hexaghost","floor":16.0,"turns":11.0},{"damage":65.0,"enemies":"Spheric Guardian","floor":18.0,"turns":8.0},{"damage":12.0,"enemies":"2 Thieves","floor":21.0,"turns":4.0},{"damage":18,"enemies":"Snecko","floor":22,"turns":5},{"damage":28,"enemies":"Gremlin Leader","floor":23,"turns":6}],"seed_played":"-7360908397973763343","potions_obtained":[{"floor":6.0,"key":"AttackPotion"},{"floor":11.0,"key":"Dexterity Potion"},{"floor":12.0,"key":"EntropicBrew"},{"floor":18.0,"key":"Dexterity Potion"},{"floor":21.0,"key":"LiquidBronze"},{"floor":22,"key":"SpeedPotion"}],"is_trial":false,"path_per_floor":["M","?","?","M","$","E","R","M","T","M","E","M","E","?","R","B",null,"M","$","?","M","M","E"],"character_chosen":"IRONCLAD","items_purchased":["Omamori","Torii"],"campfire_rested":1,"item_purchase_floors":[5,19],"current_hp_per_floor":[80,69,62,68,68,74,74,80,80,80,35,39,15,15,39,30,80,24,24,24,21,12,0,0],"gold":32,"neow_bonus":"THREE_ENEMY_KILL","is_daily":false,"chose_seed":false,"campfire_upgraded":1,"win_rate":0.0,"timestamp":1613018000,"path_taken":["M","?","?","M","$","E","R","M","T","M","E","M","E","?","R","BOSS","BOSS","M","?","?","M","M","E"],"items_purchased_type":["Relic","Relic"],"build_version":"2020-12-22","purchased_purges":1,"victory":false,"max_hp_per_floor":[80,80,80,80,80,80,80,80,80,80,80,80,80,80,80,80,80,83,83,83,86,89,89,89],"card_choices":[{"not_picked":["Body Slam","Heavy Blade"],"picked":"Shrug It Off","floor":1.0},{"not_picked":["Wild Strike","Entrench"],"picked":"Rage","floor":4.0},{"not_picked":["Thunderclap","Disarm"],"picked":"Warcry","floor":6.0},{"not_picked":["Wild Strike","Heavy Blade","Metallicize"],"picked":"SKIP","floor":8.0},{"not_picked":["Feel No Pain","Flame Barrier"],"picked":"Battle Trance","floor":10.0},{"not_picked":["Demon Form","Impervious"],"picked":"Rampage","floor":11.0},{"not_picked":["Sword Boomerang","Heavy Blade","Battle Trance"],"picked":"SKIP","floor":12.0},{"not_picked":["Body Slam","Uppercut","Fire Breathing"],"picked":"SKIP","floor":13.0},{"not_picked":["Demon Form","Bludgeon"],"picked":"Feed","floor":16.0},{"not_picked":["Rage","Searing Blow"],"picked":"Flex","floor":18.0},{"not_picked":["Evolve","Clothesline+1","Wild Strike"],"picked":"SKIP","floor":21.0},{"not_picked":["Metallicize","Wild Strike","Flame Barrier"],"picked":"SKIP","floor":22}],"player_experience":408545,"relics_obtained":[{"floor":6.0,"key":"Lantern"},{"floor":9.0,"key":"CeramicFish"},{"floor":11.0,"key":"Anchor"},{"floor":13.0,"key":"InkBottle"}],"event_choices":[{"damage_healed":0.0,"max_hp_gain":0.0,"max_hp_loss":0.0,"gold_gain":75.0,"event_name":"World of Goop","player_choice":"Gather Gold","floor":2.0,"gold_loss":0.0,"damage_taken":11.0},{"cards_removed":["Defend_R"],"damage_healed":0.0,"max_hp_gain":0.0,"max_hp_loss":0.0,"gold_gain":0.0,"event_name":"Golden Wing","player_choice":"Card Removal","floor":3.0,"gold_loss":0.0,"damage_taken":7.0},{"damage_healed":0.0,"max_hp_gain":0.0,"max_hp_loss":0.0,"gold_gain":0.0,"event_name":"Upgrade Shrine","player_choice":"Upgraded","floor":14.0,"gold_loss":0.0,"damage_taken":0.0,"cards_upgraded":["Rampage"]},{"damage_healed":0.0,"max_hp_gain":0.0,"max_hp_loss":0.0,"gold_gain":0.0,"event_name":"Accursed Blacksmith","player_choice":"Rummage","floor":20.0,"gold_loss":0.0,"damage_taken":0.0,"relics_obtained":["WarpedTongs"],"cards_obtained":["Pain"]}],"is_beta":false,"boss_relics":[{"not_picked":["Calling Bell","Ectoplasm"],"picked":"Black Star"}],"items_purged_floors":[19],"is_endless":false,"potions_floor_spawned":[6,11,12,16,18,21,22],"killed_by":"Gremlin Leader","ascension_level":3}}