{"host":"syozzdlzcqop4jia","time":1613071681,"event":{"mods":["AchievementEnabler","BaseMod","Colored Map","Colored Powertips","Minty Spire (QoL Compilation)","Quick Restart"],"gold_per_floor":[113,45,45,55,68,68,82,96,123,133,145,178,192,212,212,309,309,279,279,279,279,279,279,279,72,72,72,72,72,72,72,72,72,72,72,72,72,72,72,72,72,72,72,72,72,72,72,72,72,72,72],"floor_reached":50,"language":"ENG","playtime":2957,"items_purged":[],"score":502,"play_id":"94af1b48-7007-4610-9499-4ee11f7cb674","local_time":"20210211202801","is_ascension_mode":false,"campfire_choices":[{"floor":6,"key":"RECALL"},{"data":"Perfected Strike","floor":15,"key":"SMITH"},{"data":"Inflame","floor":23,"key":"SMITH"},{"data":"Limit Break","floor":29,"key":"SMITH"},{"floor":32,"key":"REST"},{"data":"Heavy Blade","floor":40,"key":"SMITH"},{"floor":46,"key":"REST"},{"floor":49,"key":"REST"}],"circlet_count":0,"master_deck":["Strike_R+1","Strike_R+1","Strike_R+1","Strike_R+1","Strike_R+1","Defend_R+1","Defend_R+1","Defend_R+1","Defend_R+1","Bash","Anger","Inflame+1","Perfected Strike+1","Heavy Blade","Shrug It Off","Sword Boomerang","Twin Strike","Sword Boomerang","Cleave","Immolate","Inflame+1","Flex+1","Cleave","Flame Barrier","Limit Break+1","Anger","Impervious+1","Flex","Rage+1","Heavy Blade+1","Clash+1","Inflame+1","Ghostly Armor+1","Battle Trance+1","Sentinel","Battle Trance"],"relics":["Burning Blood","Bag of Preparation","Ectoplasm","Centennial Puzzle","Red Mask","Mango","Tiny House","StoneCalendar","Blue Candle"],"acts_visited":["Exordium","TheCity","TheBeyond"],"potions_floor_usage":[11,12,16,31,42,50],"damage_taken":[{"damage":5,"enemies":"Jaw Worm","floor":1,"turns":5},{"damage":1,"enemies":"Cultist","floor":4,"turns":4},{"damage":5,"enemies":"2 Louse","floor":5,"turns":2},{"damage":12,"enemies":"Looter","floor":7,"turns":4},{"damage":10,"enemies":"Gremlin Gang","floor":8,"turns":4},{"damage":1,"enemies":"2 Fungi Beasts","floor":10,"turns":3},{"damage":17,"enemies":"Large Slime","floor":11,"turns":4},{"damage":23,"enemies":"Lagavulin","floor":12,"turns":5},{"damage":2,"enemies":"3 Louse","floor":13,"turns":3},{"damage":2,"enemies":"Looter","floor":14,"turns":2},{"damage":65,"enemies":"The Guardian","floor":16,"turns":8},{"damage":20,"enemies":"2 Thieves","floor":18,"turns":2},{"damage":17,"enemies":"3 Byrds","floor":19,"turns":4},{"damage":12,"enemies":"Centurion and Healer","floor":22,"turns":4},{"damage":0,"enemies":"Masked Bandits","floor":24,"turns":1},{"damage":2,"enemies":"Sentry and Sphere","floor":30,"turns":3},{"damage":15,"enemies":"Chosen and Byrds","floor":31,"turns":6},{"damage":67,"enemies":"Automaton","floor":33,"turns":7},{"damage":15,"enemies":"3 Darklings","floor":35,"turns":3},{"damage":6,"enemies":"3 Shapes","floor":37,"turns":2},{"damage":47,"enemies":"2 Orb Walkers","floor":38,"turns":5},{"damage":1,"enemies":"Maw","floor":39,"turns":6},{"damage":12,"enemies":"Spire Growth","floor":41,"turns":3},{"damage":25,"enemies":"Transient","floor":42,"turns":5},{"damage":10,"enemies":"3 Darklings","floor":44,"turns":3},{"damage":27,"enemies":"Spire Growth","floor":48,"turns":4},{"damage":73,"enemies":"Donu and Deca","floor":50,"turns":5}],"seed_played":"-7765137367611903252","potions_obtained":[{"floor":1,"key":"DistilledChaos"},{"floor":5,"key":"ColorlessPotion"},{"floor":10,"key":"Regen Potion"},{"floor":14,"key":"SkillPotion"},{"floor":22,"key":"SpeedPotion"},{"floor":24,"key":"Swift Potion"},{"floor":31,"key":"EssenceOfSteel"},{"floor":33,"key":"ElixirPotion"},{"floor":37,"key":"Fire Potion"},{"floor":44,"key":"SneckoOil"}],"is_trial":false,"path_per_floor":["M","$","?","M","M","R","M","M","T","M","M","E","M","M","R","B",null,"M","M","?","?","M","R","?","$","T","$","?","R","M","M","R","B",null,"M","?","M","?","M","R","M","M","T","M","?","R","?","M","R","B"],"character_chosen":"IRONCLAD","items_purchased":["Inflame","Limit Break","Anger"],"campfire_rested":3,"item_purchase_floors":[2,25,25],"current_hp_per_floor":[88,88,88,88,88,88,82,78,78,83,77,60,64,68,68,9,88,74,63,63,63,57,57,63,63,77,77,77,77,81,72,102,41,107,98,98,98,57,62,62,56,37,37,33,33,63,63,42,72,0,0],"gold":72,"neow_bonus":"TEN_PERCENT_HP_BONUS","is_daily":false,"chose_seed":false,"campfire_upgraded":4,"win_rate":0.0,"timestamp":1613071681,"path_taken":["M","$","?","M","M","R","M","?","T","M","M","E","M","M","R","BOSS","M","M","?","?","?","R","?","$","T","$","?","R","M","M","R","BOSS","M","?","M","?","M","R","M","M","T","M","?","R","?","?","R","BOSS"],"items_purchased_type":["Card","Card","Card"],"build_version":"2020-12-22","purchased_purges":0,"victory":false,"max_hp_per_floor":[88,88,88,88,88,88,88,88,88,88,88,88,88,88,88,88,88,88,88,88,88,88,88,88,88,102,102,102,102,102,102,102,102,107,107,102,102,102,102,102,102,102,102,102,102,102,102,102,102,102,102],"card_choices":[{"not_picked":["Hemokinesis","Pommel Strike"],"picked":"Anger","floor":1},{"not_picked":["Feel No Pain","Searing Blow"],"picked":"Perfected Strike","floor":4},{"not_picked":["Bloodletting","Clothesline","Disarm"],"picked":"SKIP","floor":5},{"not_picked":["Entrench","Clothesline"],"picked":"Heavy Blade","floor":7},{"not_picked":["Anger","Thunderclap"],"picked":"Shrug It Off","floor":8},{"not_picked":["Impervious","Anger"],"picked":"Sword Boomerang","floor":10},{"not_picked":["Cleave","Wild Strike"],"picked":"Twin Strike","floor":11},{"not_picked":["Shockwave","Body Slam"],"picked":"Warcry","floor":12},{"not_picked":["Body Slam","Hemokinesis"],"picked":"Sword Boomerang","floor":13},{"not_picked":["Clothesline","Armaments"],"picked":"Cleave","floor":14},{"not_picked":["Corruption","Fiend Fire"],"picked":"Immolate","floor":16},{"not_picked":["Bloodletting","Blood for Blood"],"picked":"Inflame","floor":18},{"not_picked":["Intimidate","Sword Boomerang+1"],"picked":"Flex+1","floor":19},{"not_picked":["Warcry+1","Thunderclap"],"picked":"Cleave","floor":22},{"not_picked":["Inflame+1","Hemokinesis"],"picked":"Flame Barrier","floor":24},{"not_picked":["Sentinel","Fire Breathing","Sword Boomerang"],"picked":"SKIP","floor":30},{"not_picked":["Thunderclap","Perfected Strike","Body Slam"],"picked":"SKIP","floor":31},{"not_picked":["Brutality","Berserk"],"picked":"Impervious","floor":33},{"not_picked":["Heavy Blade","Thunderclap+1"],"picked":"Flex","floor":34},{"not_picked":["Thunderclap","Anger"],"picked":"Rage+1","floor":35},{"not_picked":["Warcry","Havoc+1"],"picked":"Heavy Blade","floor":37},{"not_picked":["Bloodletting","Body Slam+1"],"picked":"Clash+1","floor":38},{"not_picked":["Havoc","Thunderclap"],"picked":"Inflame+1","floor":39},{"not_picked":["Hemokinesis","Immolate"],"picked":"Ghostly Armor+1","floor":41},{"not_picked":["Hemokinesis","Clash+1","Clothesline"],"picked":"SKIP","floor":42},{"not_picked":["Thunderclap+1","Sword Boomerang"],"picked":"Battle Trance+1","floor":44},{"not_picked":["Uppercut","Cleave+1"],"picked":"Battle Trance","floor":48}],"player_experience":684190,"relics_obtained":[{"floor":12,"key":"Bag of Preparation"},{"floor":24,"key":"Red Mask"},{"floor":26,"key":"Mango"},{"floor":38,"key":"StoneCalendar"},{"floor":43,"key":"Blue Candle"}],"event_choices":[{"damage_healed":0,"gold_gain":0,"player_choice":"Upgraded","damage_taken":0,"max_hp_gain":0,"max_hp_loss":0,"event_name":"Upgrade Shrine","floor":3,"gold_loss":0,"cards_upgraded":["Inflame"]},{"damage_healed":0,"gold_gain":0,"player_choice":"Simplicity","damage_taken":0,"max_hp_gain":0,"max_hp_loss":0,"event_name":"Back to Basics","floor":20,"gold_loss":0,"cards_upgraded":["Strike_R","Strike_R","Strike_R","Strike_R","Strike_R","Defend_R","Defend_R","Defend_R","Defend_R"]},{"damage_healed":0,"gold_gain":0,"player_choice":"Gave Potion","damage_taken":0,"relics_obtained":["Centennial Puzzle"],"max_hp_gain":0,"max_hp_loss":0,"event_name":"WeMeetAgain","floor":21,"gold_loss":0},{"damage_healed":0,"gold_gain":0,"player_choice":"Fought Bandits","damage_taken":0,"max_hp_gain":0,"max_hp_loss":0,"event_name":"Masked Bandits","floor":24,"gold_loss":0},{"damage_healed":0,"gold_gain":0,"player_choice":"Ignored","damage_taken":0,"max_hp_gain":0,"max_hp_loss":0,"event_name":"The Mausoleum","floor":28,"gold_loss":0},{"damage_healed":0,"gold_gain":0,"player_choice":"Max HP","damage_taken":0,"max_hp_gain":0,"max_hp_loss":5,"event_name":"Winding Halls","floor":36,"gold_loss":0},{"damage_healed":0,"gold_gain":0,"player_choice":"Fight","damage_taken":0,"max_hp_gain":0,"max_hp_loss":0,"event_name":"Mysterious Sphere","floor":38,"gold_loss":0},{"damage_healed":0,"gold_gain":222,"player_choice":"Wore Mask","damage_taken":0,"max_hp_gain":0,"max_hp_loss":0,"event_name":"Tomb of Lord Red Mask","floor":45,"gold_loss":0},{"damage_healed":0,"gold_gain":0,"cards_transformed":["Warcry"],"player_choice":"Transformed","damage_taken":0,"max_hp_gain":0,"max_hp_loss":0,"event_name":"Transmorgrifier","floor":47,"gold_loss":0,"cards_obtained":["Sentinel"]}],"is_beta":false,"boss_relics":[{"not_picked":["SacredBark","Calling Bell"],"picked":"Ectoplasm"},{"not_picked":["Snecko Eye","Pandora\u0027s Box"],"picked":"Tiny House"}],"items_purged_floors":[],"is_endless":false,"potions_floor_spawned":[1,5,10,14,22,24,31,33,35,37,44],"killed_by":"Donu and Deca","ascension_level":0}}