{"host":"vumwfieg2b2mnrfl","time":1613005969,"event":{"mods":["AchievementEnabler","BaseMod","Minty Spire (QoL Compilation)","Rare Cards Sparkle","Relic Stats"],"gold_per_floor":[114,114,86,86,86,117,137,172,221,221,57,83,99,99,99,174,174,149,149,149,74,74,109,109,141,141,241,260,272,322,333,333,405,405,419,319,319,319],"floor_reached":37,"language":"ENG","playtime":1672,"items_purged":["Defend_G","Defend_G"],"score":872,"play_id":"8fdce153-5c98-4628-9a61-c230acd17461","local_time":"20210210191249","is_ascension_mode":true,"campfire_choices":[{"data":"Footwork","floor":10,"key":"SMITH"},{"floor":15,"key":"REST"},{"data":"Tactician","floor":24,"key":"SMITH"},{"floor":32,"key":"REST"}],"circlet_count":0,"master_deck":["AscendersBane","Strike_G","Strike_G","Strike_G+1","Defend_G","Defend_G+1","Survivor","Neutralize","Deadly Poison","PiercingWail","Blur","Poisoned Stab","Footwork+1","Leg Sweep","Noxious Fumes","Noxious Fumes","Deflect","Glass Knife","Prepared","All Out Attack","Reflex","Tactician+1","Dagger Throw+1","Acrobatics","Leg Sweep+1","Burst+1","Catalyst+1"],"relics":["Ring of the Snake","NeowsBlessing","Bag of Preparation","MealTicket","Ancient Tea Set","Orrery","Regal Pillow","Anchor","Runic Pyramid","Bronze Scales","Oddly Smooth Stone","Snake Skull","Bird Faced Urn","Toxic Egg 2","SacredBark"],"acts_visited":["Exordium","TheCity","TheBeyond"],"potions_floor_usage":[8,18,23,25,28,33],"damage_taken":[{"damage":0,"enemies":"Small Slimes","floor":1,"turns":1},{"damage":0,"enemies":"Gremlin Nob","floor":6,"turns":1},{"damage":0,"enemies":"2 Louse","floor":7,"turns":1},{"damage":25,"enemies":"3 Sentries","floor":8,"turns":16},{"damage":4,"enemies":"Jaw Worm","floor":13,"turns":4},{"damage":21,"enemies":"The Guardian","floor":16,"turns":9},{"damage":6,"enemies":"2 Thieves","floor":18,"turns":4},{"damage":20,"enemies":"Slavers","floor":23,"turns":6},{"damage":15,"enemies":"Gremlin Leader","floor":25,"turns":7},{"damage":8,"enemies":"Colosseum Slavers","floor":27,"turns":5},{"damage":21,"enemies":"Colosseum Nobs","floor":27,"turns":5},{"damage":0,"enemies":"Spheric Guardian","floor":28,"turns":4},{"damage":0,"enemies":"Snake Plant","floor":29,"turns":4},{"damage":3,"enemies":"Chosen and Byrds","floor":31,"turns":8},{"damage":53,"enemies":"Champ","floor":33,"turns":14},{"damage":7,"enemies":"Orb Walker","floor":35,"turns":5},{"damage":89,"enemies":"2 Orb Walkers","floor":37,"turns":6}],"seed_played":"-106410030265813524","potions_obtained":[{"floor":1,"key":"SkillPotion"},{"floor":6,"key":"Block Potion"},{"floor":16,"key":"Explosive Potion"},{"floor":23,"key":"Energy Potion"},{"floor":27,"key":"BlessingOfTheForge"},{"floor":31,"key":"SkillPotion"}],"is_trial":false,"path_per_floor":["M","?","$","?","$","E","M","E","T","R","$","T","M","T","R","B",null,"M","?","?","$","$","E","R","E","T","?","M","M","?","M","R","B",null,"M","$","?"],"character_chosen":"THE_SILENT","items_purchased":["PiercingWail","Orrery"],"campfire_rested":2,"item_purchase_floors":[3,11],"current_hp_per_floor":[59,39,39,32,32,32,32,7,7,7,22,22,18,18,52,31,57,51,51,51,66,66,46,46,31,31,2,8,14,14,17,51,4,51,48,63,0,0],"gold":319,"neow_bonus":"THREE_ENEMY_KILL","is_daily":false,"chose_seed":false,"campfire_upgraded":2,"win_rate":0.0,"timestamp":1613005969,"path_taken":["M","?","$","?","$","E","M","E","T","R","$","?","M","?","R","BOSS","M","?","?","?","$","E","R","E","T","?","M","?","?","?","R","BOSS","M","$","?"],"items_purchased_type":["Card","Relic"],"build_version":"2020-12-22","purchased_purges":2,"victory":false,"max_hp_per_floor":[66,66,66,66,66,66,66,66,66,66,66,66,66,66,66,66,66,66,66,66,66,66,66,66,66,66,66,66,66,66,66,66,66,66,66,66,66,66],"relic_stats":{"Regal Pillow":30,"counters":[17,100],"Bronze Scales":[174],"Bird Faced Urn":[30],"MealTicket":45,"Snake Skull":[61],"Bag of Preparation":[30],"obtain_stats":[{"Regal Pillow":12,"NeowsBlessing":0,"SacredBark":34,"Oddly Smooth Stone":25,"Snake Skull":26,"Bag of Preparation":6,"Ancient Tea Set":9,"Anchor":14,"Bronze Scales":23,"Bird Faced Urn":27,"Orrery":11,"MealTicket":8,"Toxic Egg 2":27,"Ring of the Snake":0,"Runic Pyramid":17},{"Regal Pillow":4,"NeowsBlessing":0,"SacredBark":15,"Oddly Smooth Stone":9,"Snake Skull":9,"Bag of Preparation":2,"Ancient Tea Set":4,"Anchor":5,"Bronze Scales":8,"Bird Faced Urn":11,"Orrery":4,"MealTicket":4,"Toxic Egg 2":11,"Ring of the Snake":0,"Runic Pyramid":6},{"Regal Pillow":19,"NeowsBlessing":0,"SacredBark":89,"Oddly Smooth Stone":49,"Snake Skull":49,"Bag of Preparation":2,"Ancient Tea Set":19,"Anchor":23,"Bronze Scales":42,"Bird Faced Urn":59,"Orrery":19,"MealTicket":19,"Toxic Egg 2":59,"Ring of the Snake":0,"Runic Pyramid":32}],"Ring of the Snake":[34]},"card_choices":[{"not_picked":["Accuracy","Eviscerate"],"picked":"Deadly Poison","floor":1},{"not_picked":["Accuracy","Bane"],"picked":"Blur","floor":6},{"not_picked":["Outmaneuver","Slice"],"picked":"Poisoned Stab","floor":7},{"not_picked":["All Out Attack","Calculated Gamble"],"picked":"Footwork","floor":8},{"not_picked":["Acrobatics","Accuracy"],"picked":"Leg Sweep","floor":11},{"not_picked":["Dagger Throw","Doppelganger"],"picked":"Noxious Fumes","floor":11},{"not_picked":["Sucker Punch","Dodge and Roll"],"picked":"Noxious Fumes","floor":11},{"not_picked":["Backstab","PiercingWail"],"picked":"Deflect","floor":13},{"not_picked":["Storm of Steel","Grand Finale"],"picked":"Glass Knife","floor":16},{"not_picked":["Outmaneuver","Backflip"],"picked":"Prepared","floor":18},{"not_picked":["Deadly Poison","Blade Dance"],"picked":"Dagger Throw+1","floor":23},{"not_picked":["Backflip","Blade Dance"],"picked":"Acrobatics","floor":25},{"not_picked":["Cloak And Dagger+1","Flechettes","Acrobatics+1"],"picked":"SKIP","floor":28},{"not_picked":["Dagger Spray","Outmaneuver+1","Heel Hook+1"],"picked":"SKIP","floor":29},{"not_picked":["Grand Finale","Acrobatics+1"],"picked":"Leg Sweep+1","floor":31},{"not_picked":["After Image","A Thousand Cuts"],"picked":"Burst+1","floor":33},{"not_picked":["Finisher","Predator"],"picked":"Catalyst+1","floor":35}],"player_experience":545567,"relics_obtained":[{"floor":6,"key":"Bag of Preparation"},{"floor":8,"key":"MealTicket"},{"floor":9,"key":"Ancient Tea Set"},{"floor":12,"key":"Regal Pillow"},{"floor":14,"key":"Anchor"},{"floor":23,"key":"Bronze Scales"},{"floor":25,"key":"Oddly Smooth Stone"},{"floor":26,"key":"Snake Skull"},{"floor":27,"key":"Bird Faced Urn"},{"floor":27,"key":"Toxic Egg 2"}],"event_choices":[{"damage_healed":0,"gold_gain":0,"player_choice":"Entered Light","damage_taken":20,"max_hp_gain":0,"max_hp_loss":0,"event_name":"Shining Light","floor":2,"gold_loss":0,"cards_upgraded":["Defend_G","Strike_G"]},{"cards_removed":["Strike_G"],"damage_healed":0,"gold_gain":0,"player_choice":"Card Removal","damage_taken":7,"max_hp_gain":0,"max_hp_loss":0,"event_name":"Golden Wing","floor":4,"gold_loss":0},{"damage_healed":0,"gold_gain":0,"cards_transformed":["Strike_G","Defend_G"],"player_choice":"Became Test Subject","damage_taken":0,"max_hp_gain":0,"max_hp_loss":0,"event_name":"Drug Dealer","floor":19,"gold_loss":0,"cards_obtained":["All Out Attack","Reflex"]},{"damage_healed":0,"gold_gain":0,"player_choice":"Read","damage_taken":0,"max_hp_gain":0,"max_hp_loss":0,"event_name":"The Library","floor":20,"gold_loss":0,"cards_obtained":["Tactician"]},{"damage_healed":0,"gold_gain":0,"player_choice":"Fight","damage_taken":0,"max_hp_gain":0,"max_hp_loss":0,"event_name":"Colosseum","floor":27,"gold_loss":0},{"damage_healed":0,"gold_gain":0,"player_choice":"Fought Nobs","damage_taken":0,"max_hp_gain":0,"max_hp_loss":0,"event_name":"Colosseum","floor":27,"gold_loss":0},{"damage_healed":0,"gold_gain":50,"player_choice":"Pray","damage_taken":0,"max_hp_gain":0,"max_hp_loss":0,"event_name":"Golden Shrine","floor":30,"gold_loss":0},{"damage_healed":0,"gold_gain":0,"player_choice":"Fight","damage_taken":0,"max_hp_gain":0,"max_hp_loss":0,"event_name":"Mysterious Sphere","floor":37,"gold_loss":0}],"is_beta":false,"boss_relics":[{"not_picked":["Empty Cage","Fusion Hammer"],"picked":"Runic Pyramid"},{"not_picked":["Velvet Choker","Ring of the Serpent"],"picked":"SacredBark"}],"items_purged_floors":[21,36],"is_endless":false,"potions_floor_spawned":[1,6,7,16,23,27,27,31],"killed_by":"2 Orb Walkers","ascension_level":20}}