{"host":"7tt2d6z13843lcxh","time":1613043700,"event":{"mods":["BaseMod","Colored Map","Downfall","Minty Spire (QoL Compilation)","Reliquary","Replay The Spire","StSLib","[IsaacMod]ÒÔÈö¼âËþ"],"gold_per_floor":[99,109,171,16,16,26,53,53,53,86,86,47,82,97,108,212,212,212,32,32,41,52,66,89,89,89,89,89],"floor_reached":26,"language":"ZHS","playtime":1735,"items_purged":[],"score":237,"play_id":"3cc649b1-a69a-428c-ae94-b2e4d78cf84f","local_time":"20210211194140","is_ascension_mode":false,"campfire_choices":[{"data":"Slimebound:Split","floor":1,"key":"SMITH"},{"data":"Slimebound:LeechEnergy","floor":8,"key":"SMITH"},{"data":"Slimebound:RejuvenatingLick","floor":18,"key":"SMITH"},{"data":"Slimebound:MegaLick","floor":25,"key":"SMITH"}],"circlet_count":0,"master_deck":["Slimebound:Strike_Slimebound","Slimebound:Strike_Slimebound+1","Slimebound:Strike_Slimebound","Slimebound:Tackle","Slimebound:Defend_Slimebound","Slimebound:Defend_Slimebound","Slimebound:Defend_Slimebound","Slimebound:Defend_Slimebound","Slimebound:Split+1","Slimebound:CorrosiveSpit+1","Slimebound:RainOfGoop","Slimebound:LeechEnergy+1","Slimebound:Dissolve","Slimebound:MegaLick+1","Slimebound:MegaLick+1","Slimebound:RejuvenatingLick+1","Slimebound:HauntingLick","downfall:Malfunctioning","Slimebound:GoopTackle","Slimebound:LeechEnergy+1","Slimebound:SamplingLick+1","Slimebound:Prepare","Slimebound:Nibble","Slimebound:SelfFormingGoo","Slimebound:SelfFormingGoo","expansioncontent:QuickStudy","Slimebound:SlimeSpikes","Slimebound:LivingWall+1","Slimebound:Schlurp","Slimebound:Grow+1"],"relics":["Slimebound:AbsorbEndCombat","HushsDoor","DeadEye","Onion Ring","Blue Doll","Dream Catcher","Replay:Kaleidoscope","Cursed Key","Lantern","reliquary:TuningFork","MealTicket"],"acts_visited":["Exordium","TheCity"],"potions_floor_usage":[12,12],"damage_taken":[{"damage":7,"enemies":"2 Louse","floor":2,"turns":3},{"damage":3,"enemies":"Lagavulin Event","floor":3,"turns":2},{"damage":5,"enemies":"downfall:FleeingMerchant","floor":4,"turns":4},{"damage":3,"enemies":"Jaw Worm","floor":6,"turns":3},{"damage":7,"enemies":"3 Sentries","floor":10,"turns":5},{"damage":13,"enemies":"downfall:FleeingMerchant","floor":12,"turns":4},{"damage":4,"enemies":"Replay:BlueRogue","floor":13,"turns":3},{"damage":0,"enemies":"Cultist","floor":14,"turns":2},{"damage":7,"enemies":"2 Fungi Beasts","floor":15,"turns":3},{"damage":9,"enemies":"SI_SHIV_ARCHETYPE","floor":16,"turns":6},{"damage":19,"enemies":"downfall:FleeingMerchant","floor":19,"turns":4},{"damage":15,"enemies":"downfall:FleeingMerchant","floor":21,"turns":3},{"damage":0,"enemies":"3 Byrds","floor":22,"turns":3},{"damage":0,"enemies":"Shell Parasite","floor":23,"turns":3},{"damage":158,"enemies":"Centurion and Healer","floor":26,"turns":6}],"seed_played":"9167893435787924735","potions_obtained":[{"floor":2,"key":"ColorlessPotion"},{"floor":3,"key":"LiquidBronze"},{"floor":15,"key":"Toxic Potion"},{"floor":16,"key":"Languid Potion"},{"floor":22,"key":"bronze:BurnAndBuffPotion"}],"is_trial":false,"path_per_floor":["R_BF","M","?","$","?","M","T","R","?","E","?","$","E","M","M","B",null,"R","$","?","$","M","M","T","R","M"],"character_chosen":"SLIMEBOUND","items_purchased":["Slimebound:MegaLick","Slimebound:RejuvenatingLick","Slimebound:SamplingLick+1","expansioncontent:QuickStudy","Slimebound:LivingWall+1","Lantern","reliquary:TuningFork"],"campfire_rested":0,"item_purchase_floors":[4,4,12,19,21,21,21],"current_hp_per_floor":[71,64,63,64,49,52,52,52,52,53,53,48,46,52,53,52,71,71,58,58,49,57,65,65,65,0,0,0],"gold":89,"neow_bonus":"TEN_PERCENT_HP_BONUS","is_daily":false,"chose_seed":false,"campfire_upgraded":4,"win_rate":0.0,"timestamp":1613043700,"path_taken":["R_BF","M","?","$","?","M","T","R","?","E","?","$","E","M","M","BOSS","R","$","?","$","?","M","T","R","M"],"items_purchased_type":["Card","Card","Card","Card","Card","Relic","Relic"],"build_version":"2020-12-22","purchased_purges":0,"victory":false,"max_hp_per_floor":[71,71,71,71,71,71,71,71,71,71,71,71,71,71,71,71,71,71,71,71,71,71,71,71,71,71,71,71],"card_choices":[{"not_picked":[],"picked":"ChaosCard","floor":0},{"not_picked":["Slimebound:Prepare","Slimebound:LeadByExample"],"picked":"Slimebound:RainOfGoop","floor":2},{"not_picked":["Slimebound:LevelUp","Slimebound:SlimeSlap"],"picked":"Slimebound:LeechEnergy","floor":3},{"not_picked":["Slimebound:Replication","Slimebound:Gluttony"],"picked":"Slimebound:Dissolve","floor":4},{"not_picked":["Slimebound:Grow","Slimebound:PressTheAttack"],"picked":"Slimebound:HauntingLick","floor":6},{"not_picked":["Slimebound:ItLooksTasty","Slimebound:Equalize"],"picked":"Slimebound:GoopTackle","floor":10},{"not_picked":["Slimebound:SplitLeeching","Slimebound:BestDefense"],"picked":"Slimebound:LeechEnergy","floor":12},{"not_picked":["Slimebound:Replication","Slimebound:PressTheAttack"],"picked":"Slimebound:Prepare","floor":13},{"not_picked":["Slimebound:SlimeBrawl","Slimebound:FlameTackle"],"picked":"Slimebound:Nibble","floor":14},{"not_picked":["Slimebound:LivingWall","Slimebound:FinishingTackle"],"picked":"Slimebound:SelfFormingGoo","floor":15},{"not_picked":["Slimebound:PrepareCrush","Slimebound:LeechLife"],"picked":"Slimebound:SelfFormingGoo","floor":16},{"not_picked":["Slimebound:SplitLeeching","Slimebound:FinishingTackle","Slimebound:Prepare"],"picked":"SKIP","floor":19},{"not_picked":["Slimebound:Chomp","Slimebound:Nibble"],"picked":"Slimebound:SlimeSpikes","floor":21},{"not_picked":["Slimebound:FormOfPuddle","Slimebound:SplitMire+1"],"picked":"Slimebound:Schlurp","floor":22},{"not_picked":["Slimebound:GoopSpray+1","Slimebound:GoopTackle"],"picked":"Slimebound:Grow+1","floor":23}],"player_experience":482806,"relics_obtained":[{"floor":7,"key":"Blue Doll"},{"floor":10,"key":"Dream Catcher"},{"floor":13,"key":"Replay:Kaleidoscope"},{"floor":24,"key":"MealTicket"}],"event_choices":[],"is_beta":false,"boss_relics":[{"not_picked":["SacredBark","Empty Cage"],"picked":"Cursed Key"},{"not_picked":[]}],"items_purged_floors":[],"is_endless":false,"potions_floor_spawned":[2,3,15,16,22],"killed_by":"Centurion and Healer","ascension_level":0}}