{"host":"y36bp6mnm73x3iob","time":1613034625,"event":{"mods":["2.2 Compatiblity","Aspiration","BaseMod","Bossed Relics","Downfall","GifTheSpireLib","Hermit","Minty Spire (QoL Compilation)","Reliquary","Retaliation","StSLib"],"gold_per_floor":[99,113,113,17,42,27,27,12,28,47,79,99,99,119,133,236,236,36,47,62,62,9,9,9,27,12,112,122,22,23,33,49,49,49,49],"floor_reached":33,"language":"ENG","playtime":2478,"items_purged":[],"score":299,"play_id":"4269274a-e3d5-4e9e-8de2-a68fd2f78874","local_time":"20210211111025","is_ascension_mode":false,"campfire_choices":[{"data":"bronze:Replicate","floor":1,"key":"SMITH"},{"data":"bronze:AlphaBuild","floor":13,"key":"SMITH"},{"floor":18,"key":"RECALL"},{"data":"bronze:Verify","floor":23,"key":"SMITH"},{"floor":29,"key":"REST"}],"circlet_count":0,"master_deck":["bronze:Strike","bronze:Strike","bronze:Strike","bronze:Defend","bronze:Defend","bronze:Defend","bronze:Defend","bronze:Replicate+1","bronze:Goto","bronze:Boost","bronze:Replicate+1","bronze:BuggyMess","bronze:Optimize","bronze:Format","bronze:BurnOut","bronze:BuggyMess","bronze:OilSpill","bronze:AlphaBuild+1","bronze:Fortify","bronze:ChildClass","bronze:Verify+1","bronze:OilSpill","bronze:WildBeam+1","bronze:ForLoop+1","bronze:MaxOutput","bronze:Allocate+1","bronze:ChildClass","bronze:GetLatest","bronze:Overheat","J.A.X.","bronze:BugBarrage","bronze:Invalidate","bronze:SpaghettiCode","bronze:AlphaBuild","bronze:DarkDash","bronze:DelayedSlice","bronze:BuggyMess+1"],"relics":["bronze:BronzeCore","Toy Ornithopter","reliquary:NewFriend","aspiration:IroncladSkillbook","downfall:HeartBlessingGreen","downfall:HeartBlessingBlue","downfall:KnowingSkull","Shuriken","MutagenicStrength","downfall:HeartBlessingRed"],"acts_visited":["Exordium","TheCity"],"potions_floor_usage":[16,16,22,27,32,33,33],"damage_taken":[{"damage":1,"enemies":"Jaw Worm","floor":2,"turns":3},{"damage":0,"enemies":"downfall:FleeingMerchant","floor":4,"turns":4},{"damage":4,"enemies":"downfall:FleeingMerchant","floor":6,"turns":4},{"damage":12,"enemies":"downfall:FleeingMerchant","floor":8,"turns":4},{"damage":4,"enemies":"Cultist","floor":9,"turns":4},{"damage":0,"enemies":"2 Louse","floor":10,"turns":2},{"damage":5,"enemies":"3 Sentries","floor":11,"turns":4},{"damage":1,"enemies":"Lots of Slimes","floor":12,"turns":3},{"damage":0,"enemies":"Large Slime","floor":14,"turns":2},{"damage":0,"enemies":"2 Fungi Beasts","floor":15,"turns":2},{"damage":39,"enemies":"DF_ARCHETYPE_STREAMLINE","floor":16,"turns":11},{"damage":0,"enemies":"Spheric Guardian","floor":19,"turns":3},{"damage":16,"enemies":"3 Byrds","floor":20,"turns":4},{"damage":17,"enemies":"downfall:FleeingMerchant","floor":22,"turns":4},{"damage":1,"enemies":"3 Cultists","floor":25,"turns":3},{"damage":9,"enemies":"downfall:FleeingMerchant","floor":26,"turns":4},{"damage":26,"enemies":"downfall:Augmenter","floor":27,"turns":3},{"damage":22,"enemies":"Shelled Parasite and Fungi","floor":28,"turns":5},{"damage":0,"enemies":"downfall:FleeingMerchant","floor":30,"turns":1},{"damage":34,"enemies":"Centurion and Healer","floor":31,"turns":4},{"damage":1,"enemies":"Snake Plant","floor":32,"turns":3},{"damage":47,"enemies":"IC_MUSHROOM_ARCHETYPE","floor":33,"turns":4}],"seed_played":"-3979004933038299753","potions_obtained":[{"floor":2,"key":"Weak Potion"},{"floor":12,"key":"Block Potion"},{"floor":14,"key":"bronze:BuildAFunctionPotion"},{"floor":20,"key":"SkillPotion"},{"floor":27,"key":"SpeedPotion"},{"floor":31,"key":"Strength Potion"},{"floor":32,"key":"Slimebound:ThreeZeroPotion"}],"is_trial":false,"path_per_floor":["R","M","?","$","T","$","T","$","M","M","E","M","R","M","M","B",null,"R","M","M","?","$","R","T","M","$","?","M","R","$","M","M","B"],"character_chosen":"THE_AUTOMATON","items_purchased":["bronze:Optimize","bronze:MaxOutput","bronze:SpaghettiCode","bronze:AlphaBuild","bronze:DarkDash"],"campfire_rested":1,"item_purchase_floors":[4,22,30,30,30],"current_hp_per_floor":[77,76,76,76,76,72,72,60,56,56,51,50,50,50,50,21,77,87,87,75,68,60,60,60,63,58,41,23,49,53,23,35,0,0,0],"gold":49,"neow_bonus":"TEN_PERCENT_HP_BONUS","is_daily":false,"chose_seed":false,"campfire_upgraded":3,"win_rate":0.0,"timestamp":1613034625,"path_taken":["R","M","?","?","?","$","T","$","M","M","E","M","R","M","M","BOSS","R","M","M","?","$","R","T","?","$","?","M","R","$","M","M","BOSS"],"items_purchased_type":["Card","Card","Card","Card","Card"],"build_version":"2020-12-22","purchased_purges":0,"victory":false,"max_hp_per_floor":[77,77,77,77,77,77,77,77,77,77,77,77,77,77,77,77,77,87,87,87,87,87,87,87,87,87,87,87,87,87,87,87,87,87,87],"card_choices":[{"not_picked":["bronze:FollowUp","bronze:Philosophize"],"picked":"bronze:Boost","floor":2},{"not_picked":["bronze:Shield","bronze:WildBeam"],"picked":"bronze:BuggyMess","floor":4},{"not_picked":["bronze:ForceShield","bronze:Flail"],"picked":"bronze:Format","floor":6},{"not_picked":["bronze:Backtrace","bronze:Frontload"],"picked":"bronze:BurnOut","floor":8},{"not_picked":["bronze:DelayedGuard","bronze:BugBarrage"],"picked":"bronze:BuggyMess","floor":9},{"not_picked":["bronze:DigitalCarnage","bronze:ChosenStrike"],"picked":"bronze:OilSpill","floor":10},{"not_picked":["bronze:FollowUp","bronze:DelayedGuard"],"picked":"bronze:AlphaBuild","floor":11},{"not_picked":["bronze:Backtrace","bronze:Turbo"],"picked":"bronze:Fortify","floor":12},{"not_picked":["bronze:WhirlingStrike","bronze:Turbo"],"picked":"bronze:ChildClass","floor":14},{"not_picked":["bronze:Iterate","bronze:Shield","bronze:DelayedGuard"],"picked":"SKIP","floor":15},{"not_picked":["bronze:CleanCode","bronze:FindAndReplace"],"picked":"bronze:Verify","floor":16},{"not_picked":["bronze:NullPointer+1","bronze:DelayedGuard+1","bronze:ClassDefault+1"],"picked":"bronze:OilSpill","floor":19},{"not_picked":["bronze:Invalidate","bronze:FollowUp","bronze:Overheat"],"picked":"bronze:WildBeam+1","floor":20},{"not_picked":["bronze:Format","bronze:Deprecate+1","bronze:Flail"],"picked":"bronze:ForLoop+1","floor":22},{"not_picked":["bronze:WildBeam","bronze:Branch","bronze:Turbo+1"],"picked":"bronze:Allocate+1","floor":25},{"not_picked":["bronze:DarkDash+1","bronze:Philosophize","bronze:ForLoop"],"picked":"bronze:ChildClass","floor":26},{"not_picked":["bronze:Branch+1","bronze:Repulsor+1","bronze:BitShift"],"picked":"bronze:GetLatest","floor":27},{"not_picked":[],"picked":"J.A.X.","floor":27},{"not_picked":["bronze:ChosenStrike","bronze:WhirlingStrike","bronze:DelayedSlice+1"],"picked":"bronze:BugBarrage","floor":28},{"not_picked":["bronze:Shield+1","bronze:Philosophize","bronze:Shell+1"],"picked":"bronze:Invalidate","floor":30},{"not_picked":["bronze:Backtrace","bronze:Branch","bronze:ForLoop"],"picked":"bronze:DelayedSlice","floor":31},{"not_picked":["bronze:Shield","bronze:Turbo+1","bronze:Deprecate"],"picked":"bronze:BuggyMess+1","floor":32}],"player_experience":556782,"relics_obtained":[{"floor":5,"key":"Toy Ornithopter"},{"floor":11,"key":"reliquary:NewFriend"},{"floor":24,"key":"Shuriken"},{"floor":27,"key":"MutagenicStrength"}],"event_choices":[],"is_beta":false,"boss_relics":[{"not_picked":["aspiration:SilentSkillbook","Cursed Key"],"picked":"aspiration:IroncladSkillbook"}],"items_purged_floors":[],"is_endless":false,"potions_floor_spawned":[2,12,14,15,20,27,31,32],"killed_by":"IC_MUSHROOM_ARCHETYPE","ascension_level":0}}