{"host":"1xo5g347e5o4auts","time":1613030760,"event":{"mods":["BaseMod","Minty Spire (QoL Compilation)","Permanent Neow","StSLib"],"gold_per_floor":[364,5,5,24,24,24,38,38,90,124,124,140,140,175,175,175,175],"floor_reached":16,"language":"ENG","playtime":358,"items_purged":["Strike_G"],"score":216,"play_id":"7f3e6b85-e16e-4fa8-9037-58e36003ba48","local_time":"20210211100600","is_ascension_mode":true,"campfire_choices":[{"data":"All Out Attack","floor":6.0,"key":"SMITH"},{"data":"Bouncing Flask","floor":8.0,"key":"SMITH"},{"data":"Footwork","floor":15.0,"key":"SMITH"}],"circlet_count":0,"master_deck":["AscendersBane","Strike_G","Strike_G","Strike_G","Defend_G","Defend_G","Defend_G","Defend_G","Defend_G","Survivor","Neutralize","All Out Attack+1","Neutralize","Blade Dance","Bouncing Flask+1","Footwork+1","PiercingWail"],"relics":["Ring of the Snake","Paper Crane","Meat on the Bone","Golden Idol","PreservedInsect"],"acts_visited":["Exordium"],"potions_floor_usage":[16],"damage_taken":[{"damage":3.0,"enemies":"Cultist","floor":1.0,"turns":5.0},{"damage":0.0,"enemies":"Jaw Worm","floor":4.0,"turns":4.0},{"damage":0.0,"enemies":"2 Louse","floor":7.0,"turns":2.0},{"damage":17.0,"enemies":"Lagavulin","floor":10.0,"turns":7.0},{"damage":15.0,"enemies":"Large Slime","floor":12.0,"turns":7.0},{"damage":5.0,"enemies":"3 Sentries","floor":14.0,"turns":4.0},{"damage":30,"enemies":"Slime Boss","floor":16,"turns":6}],"seed_played":"-3761077927998575985","potions_obtained":[{"floor":1.0,"key":"LiquidMemories"},{"floor":7.0,"key":"Dexterity Potion"},{"floor":14.0,"key":"Strength Potion"}],"is_trial":false,"path_per_floor":["M","$","?","M","?","R","M","R","T","E","?","M","?","E","R","B"],"character_chosen":"THE_SILENT","items_purchased":["Paper Crane"],"campfire_rested":0,"item_purchase_floors":[2],"current_hp_per_floor":[56,56,56,56,61,61,61,61,61,44,44,41,34,41,41,11,11],"gold":175,"neow_bonus":"TWO_FIFTY_GOLD","is_daily":false,"chose_seed":false,"campfire_upgraded":3,"win_rate":0.0,"timestamp":1613030760,"path_taken":["M","?","?","?","?","R","M","R","T","E","?","M","?","E","R","BOSS"],"items_purchased_type":["Relic"],"build_version":"2020-12-22","purchased_purges":1,"victory":false,"max_hp_per_floor":[60,60,60,60,65,65,65,65,65,65,59,59,59,59,59,59,59],"card_choices":[{"not_picked":["Slice","Setup"],"picked":"All Out Attack","floor":1.0},{"not_picked":["Bane","Bullet Time"],"picked":"Blade Dance","floor":4.0},{"not_picked":["Prepared","Slice"],"picked":"Bouncing Flask","floor":7.0},{"not_picked":["Distraction","Slice","Deflect"],"picked":"SKIP","floor":10.0},{"not_picked":["Acrobatics","PiercingWail"],"picked":"Footwork","floor":12.0},{"not_picked":["Cloak And Dagger","Grand Finale"],"picked":"PiercingWail","floor":14.0}],"player_experience":1478136,"relics_obtained":[{"floor":10.0,"key":"Meat on the Bone"},{"floor":14.0,"key":"PreservedInsect"}],"event_choices":[{"damage_healed":0.0,"max_hp_gain":0.0,"max_hp_loss":0.0,"gold_gain":0.0,"event_name":"Match and Keep!","player_choice":"1 cards matched","floor":3.0,"gold_loss":0.0,"damage_taken":0.0,"cards_obtained":["Neutralize"]},{"damage_healed":0.0,"max_hp_gain":5.0,"max_hp_loss":0.0,"gold_gain":0.0,"event_name":"Big Fish","player_choice":"Donut","floor":5.0,"gold_loss":0.0,"damage_taken":0.0},{"damage_healed":0.0,"max_hp_gain":0.0,"max_hp_loss":6.0,"gold_gain":0.0,"event_name":"Golden Idol","player_choice":"Lose Max HP","floor":11.0,"gold_loss":0.0,"damage_taken":0.0,"relics_obtained":["Golden Idol"]},{"cards_removed":["Strike_G"],"damage_healed":0.0,"max_hp_gain":0.0,"max_hp_loss":0.0,"gold_gain":0.0,"event_name":"Golden Wing","player_choice":"Card Removal","floor":13.0,"gold_loss":0.0,"damage_taken":7.0}],"is_beta":false,"boss_relics":[],"items_purged_floors":[2],"is_endless":false,"potions_floor_spawned":[1,7,14],"killed_by":"Slime Boss","ascension_level":20}}