{"host":"m0bekkrd201b63ug","time":1613057876,"event":{"mods":["AchievementEnabler","BaseMod","Colored Powertips","Minty Spire (QoL Compilation)","Rare Cards Sparkle","StSLib","SuperFastMode","everything is the same but u backflip on backflip","slay the spire mod where everything is the same but ironclad has a cowboy hat"],"gold_per_floor":[212,50,61,78,92,92,104,104,104,143,123,147,147,169,169,249,249,263,313,80,96,96,137,137,166,166,166,193,203,221,221,221,221,221],"floor_reached":33,"language":"ENG","playtime":1293,"items_purged":["Strike_G"],"score":565,"play_id":"b028b845-73a2-471f-85fe-b367059104c3","local_time":"20210211133756","is_ascension_mode":true,"campfire_choices":[{"data":"Adrenaline","floor":6.0,"key":"SMITH"},{"data":"Blade Dance","floor":8.0,"key":"SMITH"},{"floor":15.0,"key":"REST"},{"floor":24.0,"key":"REST"},{"data":"Footwork","floor":27.0,"key":"SMITH"},{"data":"Sucker Punch","floor":32,"key":"SMITH"}],"circlet_count":0,"master_deck":["AscendersBane","Strike_G","Strike_G","Strike_G","Strike_G","Defend_G","Defend_G","Defend_G","Defend_G","Defend_G","Survivor","Neutralize","Deadly Poison","Blade Dance+1","Adrenaline+1","Sucker Punch+1","Heel Hook","Dagger Spray","Flechettes","Corpse Explosion","After Image","Footwork+1","Die Die Die","Poisoned Stab+1"],"relics":["Ring of the Snake","Snake Skull","CeramicFish","Omamori","Mummified Hand","SlaversCollar","Membership Card","Toy Ornithopter","Bottled Tornado","Bag of Marbles","MutagenicStrength"],"acts_visited":["Exordium","TheCity"],"potions_floor_usage":[29,33],"damage_taken":[{"damage":0.0,"enemies":"Jaw Worm","floor":1.0,"turns":5.0},{"damage":0.0,"enemies":"Cultist","floor":3.0,"turns":4.0},{"damage":7.0,"enemies":"Small Slimes","floor":4.0,"turns":4.0},{"damage":3.0,"enemies":"Blue Slaver","floor":5.0,"turns":4.0},{"damage":0.0,"enemies":"3 Louse","floor":7.0,"turns":5.0},{"damage":37.0,"enemies":"3 Sentries","floor":10.0,"turns":8.0},{"damage":0.0,"enemies":"2 Fungi Beasts","floor":12.0,"turns":2.0},{"damage":5.0,"enemies":"Gremlin Gang","floor":14.0,"turns":6.0},{"damage":24.0,"enemies":"Hexaghost","floor":16.0,"turns":9.0},{"damage":0.0,"enemies":"3 Byrds","floor":18.0,"turns":4.0},{"damage":10.0,"enemies":"Chosen","floor":21.0,"turns":6.0},{"damage":26.0,"enemies":"Gremlin Leader","floor":23.0,"turns":8.0},{"damage":3.0,"enemies":"Slavers","floor":25.0,"turns":4.0},{"damage":12.0,"enemies":"Snecko","floor":28.0,"turns":6.0},{"damage":9,"enemies":"Centurion and Healer","floor":29,"turns":5},{"damage":0,"enemies":"Chosen and Byrds","floor":30,"turns":3},{"damage":56,"enemies":"Automaton","floor":33,"turns":6}],"seed_played":"177028658435722437","potions_obtained":[{"floor":3.0,"key":"Regen Potion"},{"floor":10.0,"key":"DistilledChaos"},{"floor":11.0,"key":"EntropicBrew"},{"floor":16.0,"key":"Strength Potion"},{"floor":18.0,"key":"GhostInAJar"},{"floor":23.0,"key":"ColorlessPotion"}],"is_trial":false,"path_per_floor":["M","$","M","M","M","R","M","R","T","E","?","M","?","M","R","B",null,"M","?","$","M","?","E","R","E","T","R","M","M","M","?","R","B"],"character_chosen":"THE_SILENT","items_purchased":["Snake Skull","Membership Card","Footwork"],"campfire_rested":2,"item_purchase_floors":[2,20,20],"current_hp_per_floor":[59,59,59,52,49,49,49,49,49,27,27,27,27,22,41,17,54,54,54,54,44,44,28,47,44,44,44,32,28,28,28,28,0,0],"gold":221,"neow_bonus":"HUNDRED_GOLD","is_daily":false,"chose_seed":false,"campfire_upgraded":4,"win_rate":0.0,"timestamp":1613057876,"path_taken":["M","$","M","M","M","R","M","R","T","E","?","?","?","M","R","BOSS","BOSS","M","?","$","M","?","E","R","E","T","R","M","M","M","?","R","BOSS"],"items_purchased_type":["Relic","Relic","Card"],"build_version":"2020-12-22","purchased_purges":1,"victory":false,"max_hp_per_floor":[66,66,66,66,66,66,66,66,66,66,66,66,66,66,66,66,66,66,66,66,66,66,66,66,66,66,66,66,66,66,66,66,66,66],"card_choices":[{"not_picked":["PiercingWail","Underhanded Strike"],"picked":"Deadly Poison","floor":1.0},{"not_picked":["Reflex","Prepared"],"picked":"Blade Dance","floor":3.0},{"not_picked":["Outmaneuver","Dagger Spray"],"picked":"Adrenaline","floor":4.0},{"not_picked":["Choke","Well Laid Plans"],"picked":"Sucker Punch","floor":5.0},{"not_picked":["Dash","Reflex"],"picked":"Heel Hook","floor":7.0},{"not_picked":["Acrobatics","Dagger Throw"],"picked":"Dagger Spray","floor":10.0},{"not_picked":["Slice","Well Laid Plans"],"picked":"Flechettes","floor":12.0},{"not_picked":["Bane","Flying Knee"],"picked":"Corpse Explosion","floor":14.0},{"not_picked":["A Thousand Cuts","Burst"],"picked":"After Image","floor":16.0},{"not_picked":["Deflect","Calculated Gamble","Quick Slash"],"picked":"SKIP","floor":18.0},{"not_picked":["Dagger Spray","Outmaneuver","Infinite Blades"],"picked":"SKIP","floor":21.0},{"not_picked":["Prepared","Outmaneuver"],"picked":"Die Die Die","floor":23.0},{"not_picked":["Concentrate","Prepared","Finisher"],"picked":"SKIP","floor":25.0},{"not_picked":["PiercingWail","Flechettes"],"picked":"Poisoned Stab+1","floor":28.0},{"not_picked":["Masterful Stab","Blade Dance+1","Heel Hook"],"picked":"SKIP","floor":29},{"not_picked":["Choke","Dodge and Roll","Heel Hook"],"picked":"SKIP","floor":30}],"player_experience":237645,"relics_obtained":[{"floor":9.0,"key":"CeramicFish"},{"floor":10.0,"key":"Omamori"},{"floor":23.0,"key":"Bottled Tornado"},{"floor":25.0,"key":"Bag of Marbles"}],"event_choices":[{"damage_healed":0.0,"max_hp_gain":0.0,"max_hp_loss":0.0,"gold_gain":0.0,"event_name":"The Woman in Blue","player_choice":"Bought 1 Potion","floor":11.0,"gold_loss":0.0,"damage_taken":0.0},{"damage_healed":0.0,"max_hp_gain":0.0,"max_hp_loss":0.0,"gold_gain":0.0,"event_name":"Dead Adventurer","player_choice":"Searched \u00271\u0027 times","floor":13.0,"gold_loss":0.0,"damage_taken":0.0,"relics_obtained":["Mummified Hand"]},{"damage_healed":0.0,"max_hp_gain":0.0,"max_hp_loss":0.0,"gold_gain":50.0,"event_name":"Nest","player_choice":"Stole From Cult","floor":19.0,"gold_loss":0.0,"damage_taken":0.0},{"damage_healed":0.0,"max_hp_gain":0.0,"max_hp_loss":0.0,"gold_gain":0.0,"event_name":"The Mausoleum","player_choice":"Opened","floor":22.0,"gold_loss":0.0,"damage_taken":0.0,"relics_obtained":["Toy Ornithopter"],"cards_obtained":["Writhe"]},{"damage_healed":0,"gold_gain":0,"player_choice":"Inject Mutagens","damage_taken":0,"relics_obtained":["MutagenicStrength"],"max_hp_gain":0,"max_hp_loss":0,"event_name":"Drug Dealer","floor":31,"gold_loss":0}],"is_beta":false,"boss_relics":[{"not_picked":["Busted Crown","Runic Pyramid"],"picked":"SlaversCollar"}],"items_purged_floors":[20],"is_endless":false,"potions_floor_spawned":[3,10,12,16,18,23,25,28],"killed_by":"Automaton","ascension_level":16}}