{"host":"rmt60uil2jppa14k","time":1613079359,"event":{"mods":["AchievementEnabler","BaseMod","Better Third Choice","Colored Powertips","Highlight Path","Minty Spire (QoL Compilation)","Quick Restart","Rare Cards Sparkle","Shop Mod","StSLib"],"gold_per_floor":[119,119,119,138,157,157,190,204,254,254,67,67,20,35,35,159,159,173,173,173,212,15,15,15,15,15,15,34,59,59,82,82,210,210,230,230,176,199,262,262,285,285,285,285,285,308,328,351,351,351,351],"floor_reached":50,"language":"ENG","playtime":2253,"items_purged":[],"score":490,"play_id":"99eeba5c-287c-4051-ac08-e391f912fd1a","local_time":"20210211213559","is_ascension_mode":false,"campfire_choices":[{"floor":6,"key":"REST"},{"floor":10,"key":"REST"},{"floor":15,"key":"REST"},{"data":"Hello World","floor":23,"key":"SMITH"},{"floor":30,"key":"REST"},{"data":"Storm","floor":32,"key":"SMITH"},{"data":"Creative AI","floor":40,"key":"SMITH"},{"data":"Turbo","floor":45,"key":"SMITH"},{"data":"Static Discharge","floor":49,"key":"SMITH"}],"circlet_count":0,"master_deck":["Strike_B","Strike_B","Strike_B","Strike_B","Defend_B","Defend_B","Defend_B","Defend_B","Zap","Dualcast","Beam Cell","Defragment","Ball Lightning","Creative AI+1","Leap","Self Repair","Ball Lightning","Machine Learning","Conserve Battery","Turbo","Conserve Battery","Turbo+1","Thunder Strike","Hello World+1","Static Discharge+1","Defragment","Redo","Storm+1","Electrodynamics","Auto Shields","Machine Learning","Redo+1","Barrage","Loop","Stack","Lockon+1","Self Repair+1","Tempest","Madness","Madness","Loop+1","Streamline+1","Compile Driver+1"],"relics":["Cracked Core","Dream Catcher","Golden Idol","Mummified Hand","Girya","Strawberry","Inserter","MutagenicStrength","Red Mask","Lee\u0027s Waffle","Bottled Tornado","Calipers","Frozen Egg 2"],"acts_visited":["Exordium","TheCity","TheBeyond"],"potions_floor_usage":[14,46],"damage_taken":[{"damage":0,"enemies":"Small Slimes","floor":1,"turns":3},{"damage":6,"enemies":"Jaw Worm","floor":4,"turns":3},{"damage":1,"enemies":"Cultist","floor":5,"turns":3},{"damage":45,"enemies":"Lagavulin","floor":7,"turns":7},{"damage":20,"enemies":"Red Slaver","floor":8,"turns":4},{"damage":15,"enemies":"Exordium Thugs","floor":14,"turns":4},{"damage":49,"enemies":"The Guardian","floor":16,"turns":11},{"damage":37,"enemies":"3 Byrds","floor":18,"turns":6},{"damage":51,"enemies":"Masked Bandits","floor":21,"turns":4},{"damage":8,"enemies":"Shell Parasite","floor":28,"turns":5},{"damage":25,"enemies":"Centurion and Healer","floor":29,"turns":5},{"damage":18,"enemies":"Sentry and Sphere","floor":31,"turns":5},{"damage":12,"enemies":"Champ","floor":33,"turns":6},{"damage":4,"enemies":"Orb Walker","floor":35,"turns":3},{"damage":0,"enemies":"3 Shapes","floor":38,"turns":4},{"damage":8,"enemies":"Mind Bloom Boss Battle","floor":39,"turns":6},{"damage":4,"enemies":"Transient","floor":41,"turns":5},{"damage":8,"enemies":"3 Darklings","floor":46,"turns":2},{"damage":0,"enemies":"Maw","floor":47,"turns":6},{"damage":7,"enemies":"Transient","floor":48,"turns":5},{"damage":131,"enemies":"Awakened One","floor":50,"turns":8}],"seed_played":"-7951688256745818974","potions_obtained":[{"floor":8,"key":"CultistPotion"},{"floor":21,"key":"SneckoOil"},{"floor":31,"key":"SteroidPotion"},{"floor":33,"key":"SneckoOil"},{"floor":39,"key":"FairyPotion"},{"floor":41,"key":"EssenceOfSteel"}],"is_trial":false,"path_per_floor":["M","?","T","M","M","R","E","M","T","R","$","?","$","M","R","B",null,"M","?","?","?","$","R","$","$","T","$","M","M","R","M","R","B",null,"M","?","$","M","?","R","M","?","T","?","R","M","M","M","R","B"],"character_chosen":"DEFECT","items_purchased":["Machine Learning","Conserve Battery","Turbo","Lee\u0027s Waffle","Redo","Stack"],"campfire_rested":4,"item_purchase_floors":[11,11,13,22,22,37],"current_hp_per_floor":[75,75,75,69,68,75,30,10,17,41,41,41,41,33,57,8,82,52,52,52,8,89,89,89,89,89,89,88,70,89,78,78,66,89,89,89,89,89,88,88,89,78,78,89,89,81,89,89,89,0,0],"gold":351,"neow_bonus":"RANDOM_COMMON_RELIC","is_daily":false,"chose_seed":false,"campfire_upgraded":5,"win_rate":0.0,"timestamp":1613079359,"path_taken":["M","?","?","M","?","R","E","M","T","R","$","?","?","?","R","BOSS","M","?","?","?","?","R","?","$","T","?","M","M","R","M","R","BOSS","M","?","$","?","?","R","M","?","T","?","R","M","?","M","R","BOSS"],"items_purchased_type":["Card","Card","Card","Relic","Card","Card"],"build_version":"2020-12-22","purchased_purges":0,"victory":false,"max_hp_per_floor":[75,75,75,75,75,75,75,75,82,82,82,82,82,82,82,82,82,82,82,82,82,89,89,89,89,89,89,89,89,89,89,89,89,89,89,89,89,89,89,89,89,89,89,89,89,89,89,89,89,89,89],"card_choices":[{"not_picked":["Rebound","Melter"],"picked":"Beam Cell","floor":1},{"not_picked":["Coolheaded","Conserve Battery"],"picked":"Defragment","floor":4},{"not_picked":["Sweeping Beam","Barrage"],"picked":"Ball Lightning","floor":5},{"not_picked":["Cold Snap","Beam Cell"],"picked":"Creative AI","floor":6},{"not_picked":["Rebound","Gash"],"picked":"Leap","floor":7},{"not_picked":["Cold Snap","Sweeping Beam"],"picked":"Self Repair","floor":8},{"not_picked":["Sweeping Beam","Coolheaded"],"picked":"Ball Lightning","floor":10},{"not_picked":["Rip and Tear","Meteor Strike"],"picked":"Conserve Battery","floor":14},{"not_picked":["Cold Snap","Leap"],"picked":"Turbo","floor":15},{"not_picked":["Amplify","Machine Learning"],"picked":"Thunder Strike","floor":16},{"not_picked":["Glacier+1","Melter"],"picked":"Hello World","floor":18},{"not_picked":["Glacier","Streamline"],"picked":"Defragment","floor":21},{"not_picked":["Streamline+1","Cold Snap+1"],"picked":"Storm","floor":28},{"not_picked":["Force Field","Beam Cell"],"picked":"Darkness","floor":29},{"not_picked":["Conserve Battery","Streamline"],"picked":"Electrodynamics","floor":30},{"not_picked":["Steam Power","Compile Driver"],"picked":"Auto Shields","floor":31},{"not_picked":["Electrodynamics","Reboot"],"picked":"Machine Learning","floor":33},{"not_picked":["Rip and Tear","Doom and Gloom+1"],"picked":"Redo+1","floor":35},{"not_picked":["Stack+1","Conserve Battery"],"picked":"Lockon+1","floor":38},{"not_picked":["Skim","Undo"],"picked":"Self Repair+1","floor":39},{"not_picked":["Storm","Ball Lightning+1"],"picked":"Tempest","floor":41},{"not_picked":["Cold Snap+1","Beam Cell+1"],"picked":"Loop+1","floor":46},{"not_picked":["Cold Snap+1","Gash"],"picked":"Streamline+1","floor":47},{"not_picked":["Darkness","Rip and Tear"],"picked":"Compile Driver+1","floor":48}],"player_experience":152933,"relics_obtained":[{"floor":3,"key":"Mummified Hand"},{"floor":7,"key":"Girya"},{"floor":9,"key":"Strawberry"},{"floor":21,"key":"Red Mask"},{"floor":26,"key":"Bottled Tornado"},{"floor":39,"key":"Calipers"},{"floor":43,"key":"Frozen Egg 2"}],"event_choices":[{"damage_healed":0,"gold_gain":0,"player_choice":"Take Wound","damage_taken":0,"relics_obtained":["Golden Idol"],"max_hp_gain":0,"max_hp_loss":0,"event_name":"Golden Idol","floor":2,"gold_loss":0,"cards_obtained":["Injury"]},{"cards_removed":["Injury"],"damage_healed":0,"gold_gain":0,"player_choice":"Removed Curses","damage_taken":0,"max_hp_gain":0,"max_hp_loss":0,"event_name":"Fountain of Cleansing","floor":12,"gold_loss":0},{"damage_healed":0,"gold_gain":0,"player_choice":"Read","damage_taken":0,"max_hp_gain":0,"max_hp_loss":0,"event_name":"The Library","floor":19,"gold_loss":0,"cards_obtained":["Static Discharge"]},{"damage_healed":0,"gold_gain":0,"player_choice":"Inject Mutagens","damage_taken":0,"relics_obtained":["MutagenicStrength"],"max_hp_gain":0,"max_hp_loss":0,"event_name":"Drug Dealer","floor":20,"gold_loss":0},{"damage_healed":0,"gold_gain":0,"player_choice":"Fought Bandits","damage_taken":0,"max_hp_gain":0,"max_hp_loss":0,"event_name":"Masked Bandits","floor":21,"gold_loss":0},{"damage_healed":0,"gold_gain":0,"player_choice":"2 cards matched","damage_taken":0,"max_hp_gain":0,"max_hp_loss":0,"event_name":"Match and Keep!","floor":36,"gold_loss":0,"cards_obtained":["Barrage","Loop"]},{"damage_healed":0,"gold_gain":0,"player_choice":"Fight","damage_taken":0,"max_hp_gain":0,"max_hp_loss":0,"event_name":"MindBloom","floor":39,"gold_loss":0},{"damage_healed":0,"gold_gain":0,"player_choice":"Embrace Madness","damage_taken":11,"max_hp_gain":0,"max_hp_loss":0,"event_name":"Winding Halls","floor":42,"gold_loss":0,"cards_obtained":["Madness","Madness"]},{"cards_removed":["Darkness"],"damage_healed":11,"gold_gain":0,"player_choice":"Offered Uncommon","damage_taken":0,"max_hp_gain":0,"max_hp_loss":0,"event_name":"Bonfire Elementals","floor":44,"gold_loss":0}],"is_beta":false,"boss_relics":[{"not_picked":["Cursed Key","Snecko Eye"],"picked":"Inserter"},{"not_picked":["Sozu","Pandora\u0027s Box","Runic Dome"]}],"items_purged_floors":[],"is_endless":false,"potions_floor_spawned":[8,21,31,33,39,41],"killed_by":"Awakened One","ascension_level":0}}