{"host":"42xf941fomyavgzy","time":1613046862,"event":{"mods":["Act Like it!","Astrologer","BaseMod","Colored Map","Minty Spire (QoL Compilation)","Shop Mod","StSLib","SuperFastMode","The Cursed"],"gold_per_floor":[109,284,284,11,31,31,75,88,88,128,151,151,116,129,129,248,248,271,370,393,145,170,170,170,206,232,246,246,246,246],"floor_reached":29,"language":"JPN","playtime":1463,"items_purged":["Doubt"],"score":329,"play_id":"409bf858-d2a0-46c6-9647-50b2dec5f834","local_time":"20210211213422","is_ascension_mode":true,"campfire_choices":[{"data":"The Bomb","floor":6,"key":"SMITH"},{"floor":15,"key":"REST"},{"floor":23,"key":"REST"},{"data":"Deadly Poison","floor":28,"key":"SMITH"}],"circlet_count":0,"master_deck":["Strike_G","Strike_G","Defend_G","Defend_G","Defend_G","Defend_G","Survivor","Neutralize","Outmaneuver","Dagger Spray","Injury","The Bomb+1","Bandage Up","Well Laid Plans","Catalyst","Acrobatics","Reflex","Underhanded Strike","Noxious Fumes","Venomology","Unload+1","Deflect+1","Blur+1","Blade Dance+1","Dagger Throw","Outmaneuver","Distraction+1","Calculated Gamble","Deadly Poison+1"],"relics":["Ring of the Snake","Golden Idol","Turnip","Peace Pipe","Smiling Mask","Astrolabe","Strawberry","Pantograph","Juzu Bracelet"],"acts_visited":["Exordium","TheCity"],"potions_floor_usage":[14,16,16,22,22,25,27,29,29],"damage_taken":[{"damage":6,"enemies":"Jaw Worm","floor":1,"turns":9},{"damage":9,"enemies":"Small Slimes","floor":5,"turns":3},{"damage":27,"enemies":"Gremlin Nob","floor":7,"turns":4},{"damage":0,"enemies":"2 Louse","floor":8,"turns":2},{"damage":17,"enemies":"3 Sentries","floor":10,"turns":5},{"damage":7,"enemies":"2 Fungi Beasts","floor":11,"turns":3},{"damage":13,"enemies":"3 Louse","floor":14,"turns":3},{"damage":40,"enemies":"Slime Boss","floor":16,"turns":6},{"damage":16,"enemies":"Chosen","floor":18,"turns":5},{"damage":17,"enemies":"3 Byrds","floor":20,"turns":3},{"damage":21,"enemies":"Sentry and Sphere","floor":22,"turns":6},{"damage":24,"enemies":"Slavers","floor":25,"turns":3},{"damage":18,"enemies":"Centurion and Healer","floor":27,"turns":7},{"damage":37,"enemies":"Chosen and Byrds","floor":29,"turns":4}],"seed_played":"670425651619427765","potions_obtained":[{"floor":5,"key":"GhostInAJar"},{"floor":10,"key":"FearPotion"},{"floor":11,"key":"SpeedPotion"},{"floor":14,"key":"Poison Potion"},{"floor":20,"key":"EssenceOfSteel"},{"floor":22,"key":"Swift Potion"},{"floor":27,"key":"GamblersBrew"}],"is_trial":false,"path_per_floor":["M","?","?","$","M","R","E","M","T","E","M","?","?","M","R","B",null,"M","?","M","$","M","R","?","E","T","M","R","M"],"character_chosen":"THE_SILENT","items_purchased":["The Bomb","Bandage Up","Strawberry","Outmaneuver"],"campfire_rested":2,"item_purchase_floors":[4,4,21,21],"current_hp_per_floor":[57,57,57,57,52,52,29,29,29,16,9,9,26,17,38,2,53,41,41,28,35,18,41,66,42,42,28,28,0,0],"gold":246,"neow_bonus":"TRANSFORM_CARD","is_daily":false,"chose_seed":false,"campfire_upgraded":2,"win_rate":0.0,"timestamp":1613046862,"path_taken":["M","?","?","$","M","R","E","M","T","E","M","?","?","M","R","BOSS","M","?","M","$","M","R","?","E","T","M","R","M"],"items_purchased_type":["Card","Card","Relic","Card"],"build_version":"2020-12-22","purchased_purges":1,"victory":false,"max_hp_per_floor":[70,70,70,70,70,70,70,70,70,70,70,70,70,70,70,70,70,70,70,70,77,77,77,77,77,77,77,77,77,77],"card_choices":[{"not_picked":["Catalyst","Backflip"],"picked":"Dagger Spray","floor":1},{"not_picked":["Acrobatics","Accuracy"],"picked":"Well Laid Plans","floor":5},{"not_picked":["Outmaneuver","Dagger Spray"],"picked":"Catalyst","floor":7},{"not_picked":["Flying Knee","Slice"],"picked":"Acrobatics","floor":8},{"not_picked":["Phantasmal Killer","Sucker Punch"],"picked":"Reflex","floor":10},{"not_picked":["Deflect","Dagger Spray"],"picked":"Underhanded Strike","floor":11},{"not_picked":["Dagger Spray","Slice"],"picked":"Noxious Fumes","floor":14},{"not_picked":["Grand Finale","Tools of the Trade"],"picked":"Venomology","floor":16},{"not_picked":["Slice","Deflect"],"picked":"Blade Dance+1","floor":18},{"not_picked":["Endless Agony","Underhanded Strike"],"picked":"Dagger Throw","floor":20},{"not_picked":["Quick Slash","Blade Dance"],"picked":"Distraction+1","floor":22},{"not_picked":["Flechettes+1","Skewer"],"picked":"Calculated Gamble","floor":25},{"not_picked":["Cloak And Dagger","Blade Dance"],"picked":"Deadly Poison","floor":27}],"player_experience":471252,"relics_obtained":[{"floor":7,"key":"Turnip"},{"floor":9,"key":"Peace Pipe"},{"floor":10,"key":"Smiling Mask"},{"floor":25,"key":"Pantograph"},{"floor":26,"key":"Juzu Bracelet"}],"event_choices":[{"damage_healed":0,"gold_gain":175,"player_choice":"AGREE","damage_taken":0,"max_hp_gain":0,"max_hp_loss":0,"event_name":"Liars Game","floor":2,"gold_loss":0,"cards_obtained":["Doubt"]},{"damage_healed":0,"gold_gain":0,"player_choice":"Take Wound","damage_taken":0,"relics_obtained":["Golden Idol"],"max_hp_gain":0,"max_hp_loss":0,"event_name":"Golden Idol","floor":3,"gold_loss":0,"cards_obtained":["Injury"]},{"damage_healed":0,"gold_gain":0,"player_choice":"Fled","damage_taken":0,"max_hp_gain":0,"max_hp_loss":0,"event_name":"Scrap Ooze","floor":12,"gold_loss":0},{"damage_healed":17,"gold_gain":0,"player_choice":"Healed","damage_taken":0,"max_hp_gain":0,"max_hp_loss":0,"event_name":"The Cleric","floor":13,"gold_loss":35},{"damage_healed":0,"gold_gain":99,"player_choice":"Stole From Cult","damage_taken":0,"max_hp_gain":0,"max_hp_loss":0,"event_name":"Nest","floor":19,"gold_loss":0},{"damage_healed":25,"gold_gain":0,"player_choice":"Heal","damage_taken":0,"max_hp_gain":0,"max_hp_loss":0,"event_name":"The Library","floor":24,"gold_loss":0}],"is_beta":false,"boss_relics":[{"not_picked":["Ectoplasm","Empty Cage"],"picked":"Astrolabe"}],"items_purged_floors":[21],"is_endless":false,"potions_floor_spawned":[5,10,11,14,20,22,27],"killed_by":"Chosen and Byrds","ascension_level":6}}