{"host":"0rn20prxkpuv2e47","time":1613042735,"event":{"mods":["100% Spire Juice","ATMod(阿瑾Mod)","Act Like it!","Arknights","Aspiration","BaseMod","Challenge The Spire","Downfall","Friendly Minions","Gensokyo","Hermit","Koishi","KomeijiMod","Marisa（F雨　魔理沙）","Minty Spire (QoL Compilation)","Prisma Mod","Quick Restart","Reimu（博丽灵梦）","Relic Filter Mod","Remilia（蕾米莉亚）","Replay The Spire","Robot Space Explorer","StSLib","The Alterego","The Animator","The Construct","The Cursed","The Jungle","The Mystic","The Runesmith","The Senshi","The Servant 0.9.4","Wide Potions","Youmu（魂魄妖梦）","Yuyuko","[GremlinLeader]The Maniac","[功能]功能增强和修复MOD","noobMod","【功能Mod】聪明的最终Boss","【遗物卡牌】REMEMod"],"gold_per_floor":[115,135,90,108,108,108,143,143,143,143,143,157,157,280,280,384,384,442,458,433,433,398,398,423,423,450,450,784,873,884,764,764,878,978,1025,1025,1025,1042,1032,1032,1049,1049,1049,1049,1072,1072,1104,1104,1104,1104,1104,1104,1099,1126,1126],"floor_reached":56,"language":"ZHS","playtime":2865,"items_purged":["maniac:Strike","maniac:Strike","maniac:Strike","maniac:Defend","maniac:Defend","maniac:Defend","maniac:Defend","maniac:Strike","maniac:Strike","maniac:Refine","maniac:StormOfTime","maniac:Refine","maniac:Refine","maniac:AbyssShackle","AT_WindFlip","REME_SpectralBlade","Flechettes","maniac:UntravelledPath","REME_ProfessionalPlagiarism","maniac:SpectralKnives","maniac:HammerStrike+1","maniac:ColdHeart","maniac:PanickyParry","Searching"],"score":1517,"play_id":"32425725-d84c-48ac-8af6-3bf3adc4ef57","local_time":"20210211192535","is_ascension_mode":false,"campfire_choices":[{"data":"1","floor":6,"key":"LIFT"},{"data":"2","floor":8,"key":"LIFT"},{"data":"3","floor":10,"key":"LIFT"},{"data":"maniac:HammerStrike","floor":13,"key":"SMITH"},{"floor":15,"key":"RECALL"},{"floor":23,"key":"REST"},{"data":"maniac:Collecting","floor":25,"key":"SMITH"},{"data":"maniac:SorceryHour","floor":27,"key":"SMITH"},{"data":"maniac:TimeForm","floor":32,"key":"SMITH"},{"data":"maniac:Recollect","floor":40,"key":"SMITH"},{"data":"maniac:SecretBackups","floor":44,"key":"SMITH"},{"data":"maniac:UndyingDesire","floor":46,"key":"SMITH"},{"data":"maniac:ShadowContact","floor":49,"key":"SMITH"},{"data":"maniac:BurnBlood","floor":52,"key":"SMITH"}],"circlet_count":0,"master_deck":["maniac:BurnBlood+1","AT_ShadowStep+1","mysticmod:Haste","maniac:UntravelledPath","maniac:UndyingDesire","maniac:EndOfTheRoad+1","Finesse","maniac:BladeArtist","maniac:Lacerate","maniac:FindAShortcut","Swift Strike","maniac:SpectralKnives","maniac:BladesInCloak","maniac:SorceryHour+1","maniac:BladeShoot+1","maniac:Quickdraw","maniac:Hasten+1","maniac:Collecting+1","maniac:BladesInCloak","maniac:UndyingDesire+1","maniac:SecretBackups+1","maniac:BladeShoot+1","maniac:Quickdraw+1","maniac:TimeForm+1","maniac:ExceedEnchantment","maniac:ShadowContact+1","maniac:Recollect+1","Flash of Steel","maniac:LootBarrage+1","Violence","Violence","maniac:BladesInCloak","maniac:BladesInCloak"],"relics":["maniac:DamagedAnvil","maniac:BrokenHorn","ice","AT_ATBox","REME_ComplimentaryCards","aspiration:Nostalgia","ScarletHat","Replay:Bottled Eggs","REME_HandOfSuture","OrangePellets","Girya","Mastiff:ReiMu","ReplayTheSpireMod:ShopPack","InkBottle","Clue","Mercury Hourglass","aspiration:FetidBarrel","Clue","AT_SunfireAegis","AT_TrinityForce","Blue Doll","Divine Protection","Sling","Lee\u0027s Waffle","Replay:Bottled Steam","AT_GuinsooRageblade","Boot","Lantern","Old Coin","Onion Ring","AT_ForceNature","Calipers","Gensokyo:FoxMask","Replay:Wanted Poster","REME_CardOfGreed","Question Card","Clue","ClockworkSouvenir","AntiCross","aspiration:SeaSaltIceCream","aspiration:Nostalgia","champ:ChampionCrown","AT_Manta","Blood Vial","PureWhite:ReiMu","Pondfish Scales","TentaclePot:ReiMu","Mummified Hand","AT_EbonyIvory","Mirror"],"acts_visited":["Gensokyo:Gensokyo","Gensokyo:Gensokyoer","Gensokyo:Gensokyoest","TheEnding"],"potions_floor_usage":[55],"damage_taken":[{"damage":3,"enemies":"Gensokyo:3_Fairies","floor":1,"turns":5},{"damage":3,"enemies":"Gensokyo:2_Kodama","floor":2,"turns":4},{"damage":6,"enemies":"Gensokyo:Python","floor":4,"turns":1},{"damage":41,"enemies":"Gensokyo:Cirno","floor":7,"turns":5},{"damage":0,"enemies":"Gensokyo:VengefulSpirit","floor":12,"turns":2},{"damage":20,"enemies":"Gensokyo:Aya","floor":14,"turns":4},{"damage":53,"enemies":"Gensokyo:Yukari","floor":16,"turns":6},{"damage":3,"enemies":"Gensokyo:AngelMirror","floor":18,"turns":1},{"damage":0,"enemies":"Gensokyo:Chomper","floor":19,"turns":1},{"damage":6,"enemies":"Gensokyo:Koishi","floor":24,"turns":2},{"damage":0,"enemies":"Gensokyo:Reisen","floor":28,"turns":1},{"damage":0,"enemies":"Gensokyo:Swordslinger","floor":29,"turns":1},{"damage":0,"enemies":"Gensokyo:Slime_Group","floor":30,"turns":1},{"damage":0,"enemies":"Gensokyo:Kaguya","floor":33,"turns":2},{"damage":0,"enemies":"Gensokyo:3_Bats","floor":35,"turns":1},{"damage":0,"enemies":"Gensokyo:AncientGuardian","floor":38,"turns":1},{"damage":0,"enemies":"Gensokyo:Dusk_and_Dawn","floor":41,"turns":1},{"damage":0,"enemies":"Gensokyo:Doremy","floor":47,"turns":1},{"damage":0,"enemies":"Gensokyo:Yuyuko","floor":50,"turns":1},{"damage":0,"enemies":"Shield and Spear","floor":54,"turns":1},{"damage":45,"enemies":"The Heart","floor":55,"turns":8}],"seed_played":"1715216153612371443","potions_obtained":[{"floor":2,"key":"Toxic Potion"},{"floor":4,"key":"Strength Potion"}],"is_trial":false,"path_per_floor":["M","M","$","M","$","R","E","R","T","R","$","M","R","E","R","B",null,"M","M","$","?","$","R","E","R","T","R","E","M","M","?","R","B",null,"M","?","$","M","$","R","M","?","T","R","T","R","E","?","R","B",null,"R","$","E","B",null],"character_chosen":"THE_MANIAC","items_purchased":["Replay:Bottled Eggs","REME_HandOfSuture","OrangePellets","maniac:UndyingDesire","maniac:EndOfTheRoad+1","maniac:Confront","maniac:GlassScratch","Finesse","Girya","Mastiff:ReiMu","ReplayTheSpireMod:ShopPack","maniac:BladeArtist","maniac:SpectralKnives","maniac:Lacerate","maniac:FindAShortcut","Mercury Hourglass","aspiration:FetidBarrel","maniac:BladesInCloak","maniac:Refine","maniac:DashForward","Blue Doll","Divine Protection","Sling","maniac:Hasten+1","maniac:Collecting","Lee\u0027s Waffle","Replay:Bottled Steam","AT_GuinsooRageblade","maniac:BladesInCloak","maniac:UndyingDesire","maniac:SecretBackups","maniac:BladeShoot+1","REME_CardOfGreed","Question Card","ClockworkSouvenir","AntiCross","aspiration:SeaSaltIceCream","maniac:PanickyParry","Flash of Steel","maniac:LootBarrage+1","Violence","TentaclePot:ReiMu","Mummified Hand","AT_EbonyIvory","maniac:BladesInCloak"],"campfire_rested":1,"item_purchase_floors":[3,3,3,3,3,3,3,3,5,5,5,5,5,5,5,11,11,11,11,11,20,20,20,20,20,22,22,22,22,22,22,22,37,37,39,39,39,39,39,39,39,53,53,53,53],"current_hp_per_floor":[77,74,74,68,68,68,75,75,75,75,75,75,75,57,57,91,91,88,88,88,88,98,98,92,92,92,92,92,92,92,92,92,92,98,98,98,98,98,98,98,98,98,98,98,98,98,98,59,59,59,98,98,98,98,53],"gold":1126,"neow_bonus":"NOSTALGIA","is_daily":false,"chose_seed":false,"campfire_upgraded":9,"win_rate":0.0,"timestamp":1613042735,"path_taken":["M","M","$","M","$","R","E","R","T","R","$","M","R","E","R","BOSS","M","M","$","?","$","R","E","R","T","R","E","M","?","?","R","BOSS","M","?","$","?","$","R","M","?","T","R","?","R","E","?","R","BOSS","R","$","E","BOSS"],"items_purchased_type":["Relic","Relic","Relic","Card","Card","Card","Card","Card","Relic","Relic","Relic","Card","Card","Card","Card","Relic","Relic","Card","Card","Card","Relic","Relic","Relic","Card","Card","Relic","Relic","Relic","Card","Card","Card","Card","Relic","Relic","Relic","Relic","Relic","Card","Card","Card","Card","Relic","Relic","Relic","Card"],"build_version":"2020-12-22","purchased_purges":24,"victory":true,"max_hp_per_floor":[80,80,80,80,80,80,83,83,83,83,83,83,83,86,86,91,91,91,91,91,91,98,98,98,98,98,98,98,98,98,98,98,98,98,98,98,98,98,98,98,98,98,98,98,98,98,98,98,98,98,98,98,98,98,207],"card_choices":[{"not_picked":["maniac:TorturousScreams","maniac:MeleeStrike"],"picked":"maniac:UntravelledPath","floor":1},{"not_picked":["maniac:UntravelledPath","maniac:Feint"],"picked":"maniac:Refine","floor":2},{"not_picked":["maniac:ListenToNone","maniac:Confront"],"picked":"maniac:HammerStrike","floor":4},{"not_picked":["REME_BattleFury","Crow Ritual"],"picked":"REME_ProfessionalPlagiarism","floor":5},{"not_picked":["REME_TwoStrings","ReplayTheSpireMod:Trickstab"],"picked":"Swift Strike","floor":5},{"not_picked":["ReplayUltimateDefense","Dark Shackles"],"picked":"Searching","floor":5},{"not_picked":["maniac:PerceiveDanger","maniac:WitnessTrueSorcery"],"picked":"maniac:SpectralKnives","floor":7},{"not_picked":["maniac:ShiftingShadows","maniac:ShelteringEdge"],"picked":"maniac:Refine","floor":12},{"not_picked":["maniac:BladeArtist","maniac:Confront"],"picked":"maniac:SorceryHour","floor":14},{"not_picked":["maniac:MortalSteel","maniac:MeleeStrike","maniac:ArmToTheTeeth"],"picked":"SKIP","floor":14},{"not_picked":["maniac:UniversalPerception","maniac:Simulacrum"],"picked":"maniac:StormOfTime","floor":16},{"not_picked":["maniac:Feint+1","maniac:TorturousScreams"],"picked":"maniac:BladeShoot+1","floor":18},{"not_picked":["maniac:Intimidate","maniac:ListenToNone"],"picked":"maniac:UntravelledPath","floor":19},{"not_picked":["maniac:UntravelledPath","maniac:ShelteringEdge"],"picked":"maniac:Quickdraw","floor":19},{"not_picked":["maniac:Blastwave","maniac:FoilArmor+1"],"picked":"maniac:Quickdraw+1","floor":24},{"not_picked":["maniac:SeekerKnife+1","maniac:Refine","maniac:Collecting"],"picked":"SKIP","floor":28},{"not_picked":["maniac:Intimidate","maniac:PanickyParry+1","maniac:FindAShortcut"],"picked":"SKIP","floor":29},{"not_picked":["maniac:MeleeStrike","maniac:SpectralKnives"],"picked":"maniac:TimeForm","floor":30},{"not_picked":["maniac:TwistedEddies","maniac:ForsakenHand"],"picked":"maniac:ExceedEnchantment","floor":33},{"not_picked":["maniac:Collecting","maniac:ForsakenHand"],"picked":"maniac:ShadowContact","floor":33},{"not_picked":["maniac:ColdHeart","maniac:DashForward"],"picked":"maniac:Recollect","floor":35},{"not_picked":["maniac:Quickdraw+1","maniac:BladeShoot+1","maniac:EndOfTheRoad+1"],"picked":"maniac:ColdHeart","floor":38},{"not_picked":["maniac:PerceiveDanger+1","maniac:FoilArmor","maniac:Refine","maniac:ArmToTheTeeth+1"],"picked":"SKIP","floor":38},{"not_picked":["maniac:ExpectedMoves+1","maniac:MortalSteel","maniac:BladeEnd","maniac:WardAndDefend"],"picked":"SKIP","floor":41},{"not_picked":["maniac:BladeEnd+1","maniac:BladeShoot","maniac:MeleeStrike+1","maniac:PanickyParry+1"],"picked":"SKIP","floor":47},{"not_picked":["maniac:PanickyParry+1","maniac:ShelteringEdge+1","maniac:WardAndDefend","maniac:BladeShoot"],"picked":"SKIP","floor":54}],"player_experience":172668,"relics_obtained":[{"floor":7,"key":"InkBottle"},{"floor":7,"key":"Clue"},{"floor":14,"key":"Clue"},{"floor":14,"key":"AT_SunfireAegis"},{"floor":24,"key":"Boot"},{"floor":26,"key":"Lantern"},{"floor":28,"key":"Onion Ring"},{"floor":38,"key":"Clue"},{"floor":43,"key":"AT_Manta"},{"floor":45,"key":"Blood Vial"},{"floor":47,"key":"PureWhite:ReiMu"},{"floor":54,"key":"Mirror"}],"event_choices":[],"is_beta":false,"boss_relics":[{"not_picked":["Velvet Choker","REME_DemonsWealth"],"picked":"AT_TrinityForce"},{"not_picked":["aspiration:PoetsPen","Pandora\u0027s Box"],"picked":"Replay:Wanted Poster"}],"items_purged_floors":[3,3,3,3,3,3,3,3,3,20,20,20,20,20,22,22,22,22,22,22,22,39,39,53],"is_endless":false,"potions_floor_spawned":[2,2,4,4,7,12,14,16,16,19,19,24,24,28,29,29,29,30,38,41,47,47,47,54,54],"ascension_level":0}}