{"host":"vlqej45p0v31lhdi","time":1613019452,"event":{"mods":["AchievementEnabler","BaseMod","Bestiary","Colored Powertips","Minty Spire (QoL Compilation)","Relic Stats"],"gold_per_floor":[115,127,302,377,54,54,79,79,79,94,106,124,49,68,68,166,166,177,177,96,115,115,144,0,0,0,33,45,45,45,144,144,249,249,259,270,17,30,42,42,42],"floor_reached":40,"language":"ENG","playtime":88214,"items_purged":["Doubt"],"score":575,"play_id":"c83446ed-1c94-4ae4-b89a-1d89fc2f6401","local_time":"20210210225732","is_ascension_mode":true,"campfire_choices":[{"data":"Streamline","floor":6.0,"key":"SMITH"},{"data":"Genetic Algorithm","floor":8.0,"key":"SMITH"},{"floor":15.0,"key":"REST"},{"floor":25.0,"key":"REST"},{"floor":32.0,"key":"REST"}],"circlet_count":0,"master_deck":["Strike_B","Strike_B","Defend_B","Defend_B+1","Defend_B","Defend_B","Zap+1","Dualcast","Compile Driver","BootSequence","Chill","Genetic Algorithm+1","Streamline+1","Echo Form","Conserve Battery","Skim","Core Surge","Self Repair","Melter","Machine Learning","Ball Lightning","Capacitor","Coolheaded","Cold Snap+1","Loop","Seek","Glacier","Electrodynamics","Buffer","Mayhem","Doom and Gloom","Hologram"],"relics":["FrozenCore","CaptainsWheel","Mercury Hourglass","Ornamental Fan","War Paint","Busted Crown","Membership Card"],"acts_visited":["Exordium","TheCity","TheBeyond"],"potions_floor_usage":[40,40],"damage_taken":[{"damage":0.0,"enemies":"Cultist","floor":1.0,"turns":3.0},{"damage":2.0,"enemies":"Jaw Worm","floor":2.0,"turns":4.0},{"damage":18.0,"enemies":"Gremlin Nob","floor":7.0,"turns":4.0},{"damage":0.0,"enemies":"Small Slimes","floor":10.0,"turns":3.0},{"damage":0.0,"enemies":"Exordium Wildlife","floor":11.0,"turns":3.0},{"damage":0.0,"enemies":"2 Fungi Beasts","floor":12.0,"turns":5.0},{"damage":3.0,"enemies":"3 Louse","floor":14.0,"turns":4.0},{"damage":11.0,"enemies":"The Guardian","floor":16.0,"turns":9.0},{"damage":16.0,"enemies":"2 Thieves","floor":18.0,"turns":5.0},{"damage":12.0,"enemies":"3 Byrds","floor":21.0,"turns":6.0},{"damage":45.0,"enemies":"Gremlin Leader","floor":23.0,"turns":10.0},{"damage":10.0,"enemies":"Slavers","floor":27.0,"turns":10.0},{"damage":18.0,"enemies":"Snake Plant","floor":28.0,"turns":6.0},{"damage":54.0,"enemies":"Collector","floor":33.0,"turns":13.0},{"damage":3.0,"enemies":"3 Shapes","floor":35.0,"turns":3.0},{"damage":0.0,"enemies":"3 Darklings","floor":36.0,"turns":7.0},{"damage":32.0,"enemies":"Writhing Mass","floor":38.0,"turns":8.0},{"damage":21.0,"enemies":"Jaw Worm Horde","floor":39.0,"turns":7.0},{"damage":43,"enemies":"Giant Head","floor":40,"turns":11}],"seed_played":"6058747797724437415","potions_obtained":[{"floor":2.0,"key":"Strength Potion"},{"floor":11.0,"key":"Block Potion"},{"floor":14.0,"key":"LiquidMemories"},{"floor":16.0,"key":"Block Potion"},{"floor":18.0,"key":"PotionOfCapacity"},{"floor":23.0,"key":"SkillPotion"},{"floor":28.0,"key":"Regen Potion"},{"floor":33.0,"key":"Dexterity Potion"},{"floor":35.0,"key":"DistilledChaos"},{"floor":38.0,"key":"Block Potion"}],"is_trial":false,"path_per_floor":["M","M","?","?","$","R","E","R","T","M","M","M","$","M","R","B",null,"M","?","$","M","?","E","?","R","T","E","M","$","?","?","R","B",null,"M","M","$","M","M","E"],"character_chosen":"DEFECT","items_purchased":["Chill","Genetic Algorithm","Ancient Potion","Streamline","Self Repair","Capacitor","Coolheaded","Membership Card","Mayhem","Doom and Gloom"],"campfire_rested":3,"item_purchase_floors":[5,5,5,5,13,20,20,37,37,37],"current_hp_per_floor":[50,48,48,37,37,37,19,19,19,19,19,19,19,16,38,41,67,58,58,58,46,46,8,8,30,30,34,30,30,30,30,52,20,61,58,72,72,47,40,0,0],"gold":42,"neow_bonus":"REMOVE_TWO","is_daily":false,"chose_seed":false,"campfire_upgraded":2,"win_rate":0.0,"timestamp":1613019452,"path_taken":["M","?","?","?","$","R","E","R","T","M","M","M","?","M","R","BOSS","M","?","$","M","?","E","?","R","T","E","M","$","?","?","R","BOSS","M","M","$","M","M","E"],"items_purchased_type":["Card","Card","Potion","Card","Card","Card","Card","Relic","Card","Card"],"build_version":"2020-12-22","purchased_purges":1,"victory":false,"max_hp_per_floor":[75,75,75,75,75,75,75,75,75,75,75,75,75,75,75,75,75,75,75,75,75,75,75,75,75,75,75,75,75,75,75,75,75,75,75,75,75,75,75,75,75],"relic_stats":{"Busted Crown":8,"counters":[19,118],"Ornamental Fan":[40],"War Paint":["Defend_B","Zap"],"obtain_stats":[{"CaptainsWheel":7,"Busted Crown":34,"Ornamental Fan":23,"Membership Card":37,"War Paint":27,"Cracked Core":0,"Mercury Hourglass":9,"FrozenCore":17},{"CaptainsWheel":3,"Busted Crown":14,"Ornamental Fan":11,"Membership Card":16,"War Paint":12,"Cracked Core":0,"Mercury Hourglass":3,"FrozenCore":8},{"CaptainsWheel":11,"Busted Crown":83,"Ornamental Fan":55,"Membership Card":92,"War Paint":65,"Cracked Core":0,"Mercury Hourglass":11,"FrozenCore":35}],"FrozenCore":[25],"Mercury Hourglass":[467]},"card_choices":[{"not_picked":["Barrage","Rebound"],"picked":"Compile Driver","floor":1.0},{"not_picked":["Double Energy","Gash"],"picked":"BootSequence","floor":2.0},{"not_picked":["Recycle","Gash"],"picked":"Echo Form","floor":7.0},{"not_picked":["Stack","Consume"],"picked":"Conserve Battery","floor":10.0},{"not_picked":["Rebound","Darkness"],"picked":"Skim","floor":11.0},{"not_picked":["Glacier","Streamline"],"picked":"Core Surge","floor":12.0},{"not_picked":["Streamline","Force Field"],"picked":"Melter","floor":14.0},{"not_picked":["Hyperbeam","Multi-Cast"],"picked":"Machine Learning","floor":16.0},{"not_picked":["Hologram","Stack"],"picked":"Ball Lightning","floor":18.0},{"not_picked":["FTL","Go for the Eyes+1"],"picked":"Cold Snap+1","floor":21.0},{"not_picked":["Gash","Compile Driver"],"picked":"Seek","floor":23.0},{"not_picked":["Beam Cell","Compile Driver"],"picked":"Glacier","floor":27.0},{"not_picked":["Stack","Sweeping Beam"],"picked":"Electrodynamics","floor":28.0},{"not_picked":["Electrodynamics","Creative AI"],"picked":"Buffer","floor":33.0},{"not_picked":["Rebound"],"picked":"SKIP","floor":35.0},{"not_picked":["Compile Driver"],"picked":"SKIP","floor":36.0},{"not_picked":["Sweeping Beam"],"picked":"SKIP","floor":38.0},{"not_picked":[],"picked":"Hologram","floor":39.0}],"player_experience":2515959,"relics_obtained":[{"floor":7.0,"key":"CaptainsWheel"},{"floor":9.0,"key":"Mercury Hourglass"},{"floor":23.0,"key":"Ornamental Fan"},{"floor":27.0,"key":"War Paint"}],"event_choices":[{"damage_healed":0.0,"max_hp_gain":0.0,"max_hp_loss":0.0,"gold_gain":175.0,"event_name":"Liars Game","player_choice":"AGREE","floor":3.0,"gold_loss":0.0,"damage_taken":0.0,"cards_obtained":["Doubt"]},{"damage_healed":0.0,"max_hp_gain":0.0,"max_hp_loss":0.0,"gold_gain":75.0,"event_name":"World of Goop","player_choice":"Gather Gold","floor":4.0,"gold_loss":0.0,"damage_taken":11.0},{"damage_healed":0.0,"max_hp_gain":0.0,"max_hp_loss":0.0,"gold_gain":0.0,"event_name":"Beggar","player_choice":"Ignored","floor":19.0,"gold_loss":0.0,"damage_taken":0.0},{"damage_healed":0.0,"max_hp_gain":0.0,"max_hp_loss":0.0,"gold_gain":0.0,"event_name":"The Library","player_choice":"Read","floor":22.0,"gold_loss":0.0,"damage_taken":0.0,"cards_obtained":["Loop"]},{"damage_healed":0.0,"max_hp_gain":0.0,"max_hp_loss":0.0,"gold_gain":0.0,"event_name":"Masked Bandits","player_choice":"Paid Fearfully","floor":24.0,"gold_loss":144.0,"damage_taken":0.0},{"damage_healed":0.0,"max_hp_gain":0.0,"max_hp_loss":0.0,"gold_gain":0.0,"event_name":"Ghosts","player_choice":"Ignored","floor":30.0,"gold_loss":0.0,"damage_taken":0.0},{"damage_healed":0.0,"max_hp_gain":0.0,"max_hp_loss":0.0,"gold_gain":99.0,"event_name":"Nest","player_choice":"Stole From Cult","floor":31.0,"gold_loss":0.0,"damage_taken":0.0}],"is_beta":false,"boss_relics":[{"not_picked":["Cursed Key","Empty Cage"],"picked":"FrozenCore"},{"not_picked":["Velvet Choker","Astrolabe"],"picked":"Busted Crown"}],"items_purged_floors":[5],"is_endless":false,"potions_floor_spawned":[2,11,14,16,18,23,28,33,35,38],"killed_by":"Giant Head","ascension_level":7}}