{"host":"5jdby9iqu3ct6557","time":1613006631,"event":{"mods":["BaseMod","DeckTracker","Highlight Path","Minty Spire (QoL Compilation)","Relic Stats","StSLib"],"gold_per_floor":[368,16,16,28,42,68,68,98,98,98,98,111,146,164,164,235,235,255,268,268,268,281,281,308,318,318,318,10,38,88,103,103,180,180,200,214,214,227,238,269,269,294,294,306,44,73,73,83,83,83,83,83,83,8,36,36],"floor_reached":57,"language":"ENG","playtime":15191,"items_purged":["Strike_P+1"],"score":2904,"play_id":"7f78b56b-6edb-4eab-a59b-e60f8c12fce6","local_time":"20210210202351","is_ascension_mode":true,"campfire_choices":[{"data":"WheelKick","floor":7.0,"key":"SMITH"},{"floor":11.0,"key":"REST"},{"data":"DevaForm","floor":15.0,"key":"SMITH"},{"floor":23.0,"key":"REST"},{"floor":27.0,"key":"REST"},{"floor":32.0,"key":"REST"},{"floor":41,"key":"RECALL"},{"floor":47,"key":"REST"},{"floor":49,"key":"REST"},{"floor":53,"key":"REST"}],"circlet_count":0,"master_deck":["AscendersBane","Strike_P+1","Strike_P+1","Strike_P+1","Defend_P+1","Defend_P+1","Defend_P+1","Defend_P+1","Eruption+1","Vigilance+1","BowlingBash+1","LessonLearned+1","DeceiveReality+1","CrushJoints+1","WheelKick+1","CutThroughFate+1","ThirdEye+1","DevaForm+1","Halt+1","Scrawl+1","Vault+1","Fasting2+1","EmptyMind+1","ConjureBlade+1","Meditate+1","Fasting2+1","EmptyMind+1"],"relics":["PureWater","Centennial Puzzle","Toxic Egg 2","InkBottle","Boot","Philosopher\u0027s Stone","Ice Cream","Singing Bowl","Sling","PreservedInsect","Fusion Hammer","StrikeDummy","Torii","Ancient Tea Set","Bottled Tornado","Anchor","Bag of Marbles"],"acts_visited":["Exordium","TheCity","TheBeyond","TheEnding"],"potions_floor_usage":[33,56,56],"damage_taken":[{"damage":0.0,"enemies":"2 Louse","floor":1.0,"turns":2.0},{"damage":0.0,"enemies":"Cultist","floor":4.0,"turns":3.0},{"damage":5.0,"enemies":"Jaw Worm","floor":5.0,"turns":4.0},{"damage":13.0,"enemies":"3 Sentries","floor":6.0,"turns":8.0},{"damage":8.0,"enemies":"Lagavulin","floor":8.0,"turns":6.0},{"damage":0.0,"enemies":"2 Fungi Beasts","floor":12.0,"turns":3.0},{"damage":0.0,"enemies":"Gremlin Nob","floor":13.0,"turns":2.0},{"damage":0.0,"enemies":"Large Slime","floor":14.0,"turns":3.0},{"damage":15.0,"enemies":"The Guardian","floor":16.0,"turns":11.0},{"damage":0.0,"enemies":"Spheric Guardian","floor":18.0,"turns":2.0},{"damage":5.0,"enemies":"2 Thieves","floor":19.0,"turns":3.0},{"damage":2.0,"enemies":"3 Cultists","floor":22.0,"turns":3.0},{"damage":25.0,"enemies":"Slavers","floor":24.0,"turns":6.0},{"damage":0.0,"enemies":"Chosen and Byrds","floor":25.0,"turns":5.0},{"damage":25.0,"enemies":"Book of Stabbing","floor":29.0,"turns":6.0},{"damage":0.0,"enemies":"Snecko","floor":31.0,"turns":7.0},{"damage":21,"enemies":"Automaton","floor":33,"turns":10},{"damage":6,"enemies":"3 Shapes","floor":35,"turns":5},{"damage":0,"enemies":"Orb Walker","floor":36,"turns":3},{"damage":0,"enemies":"4 Shapes","floor":38,"turns":3},{"damage":5,"enemies":"Jaw Worm Horde","floor":39,"turns":4},{"damage":1,"enemies":"Nemesis","floor":40,"turns":6},{"damage":0,"enemies":"Reptomancer","floor":42,"turns":2},{"damage":6,"enemies":"Spire Growth","floor":44,"turns":6},{"damage":6,"enemies":"Giant Head","floor":46,"turns":5},{"damage":0,"enemies":"4 Shapes","floor":48,"turns":7},{"damage":0,"enemies":"Donu and Deca","floor":50,"turns":11},{"damage":12,"enemies":"Awakened One","floor":51,"turns":11},{"damage":18,"enemies":"Shield and Spear","floor":55,"turns":8},{"damage":35,"enemies":"The Heart","floor":56,"turns":11}],"seed_played":"6784005988121577234","potions_obtained":[{"floor":1.0,"key":"ColorlessPotion"},{"floor":4.0,"key":"Block Potion"},{"floor":6.0,"key":"DistilledChaos"},{"floor":13.0,"key":"Explosive Potion"},{"floor":16.0,"key":"Fruit Juice"},{"floor":19.0,"key":"ColorlessPotion"},{"floor":22.0,"key":"Fire Potion"},{"floor":31.0,"key":"SpeedPotion"},{"floor":38,"key":"SkillPotion"},{"floor":39,"key":"LiquidMemories"},{"floor":40,"key":"DuplicationPotion"}],"is_trial":false,"path_per_floor":["M","$","?","M","M","E","R","E","T","?","R","M","E","M","R","B",null,"M","M","?","?","M","R","E","M","T","R","$","E","?","M","R","B",null,"M","M","?","M","M","E","R","E","T","M","$","E","R","M","R","B","B",null,"R","$","E","B",null],"character_chosen":"WATCHER","items_purchased":["LessonLearned","DeceiveReality","CrushJoints","AttackPotion","Fasting2","Sling","Fire Potion","Bottled Tornado"],"campfire_rested":7,"item_purchase_floors":[2,2,2,2,28,28,28,45],"current_hp_per_floor":[61,61,61,61,56,43,43,35,35,35,53,53,53,53,53,38,56,56,56,56,56,54,67,42,42,42,62,62,39,39,39,59,38,61,55,55,55,57,54,55,55,57,57,53,53,49,73,73,81,81,69,78,81,81,65,30],"gold":36,"neow_bonus":"TWO_FIFTY_GOLD","is_daily":false,"chose_seed":false,"campfire_upgraded":2,"win_rate":0.0,"timestamp":1613006631,"path_taken":["M","$","?","M","M","E","R","E","T","?","R","M","E","?","R","BOSS","M","M","?","?","M","R","E","M","T","R","$","E","?","?","R","BOSS","M","M","?","M","?","E","R","E","T","M","$","E","R","M","R","BOSS","BOSS","R","$","E","BOSS"],"items_purchased_type":["Card","Card","Card","Potion","Card","Relic","Potion","Relic"],"build_version":"2020-12-22","purchased_purges":1,"victory":true,"max_hp_per_floor":[62,62,62,62,62,62,62,62,62,62,62,62,62,62,62,62,62,62,67,67,67,67,67,67,67,67,67,67,69,69,69,69,69,69,69,69,69,71,73,75,75,77,77,79,79,81,81,81,81,81,81,81,81,81,83,83],"relic_stats":{"Centennial Puzzle":[45],"Singing Bowl":16,"Torii":47,"counters":[30,166],"PreservedInsect":318,"Boot":[8],"obtain_stats":[{"Ice Cream":24,"Singing Bowl":26,"Torii":40,"PreservedInsect":29,"Bottled Tornado":45,"Boot":13,"Sling":28,"Ancient Tea Set":42,"Centennial Puzzle":6,"Anchor":46,"Philosopher\u0027s Stone":17,"Fusion Hammer":34,"Bag of Marbles":55,"PureWater":0,"Toxic Egg 2":8,"StrikeDummy":37,"InkBottle":9},{"Ice Cream":13,"Singing Bowl":14,"Torii":22,"PreservedInsect":15,"Bottled Tornado":24,"Boot":7,"Sling":14,"Ancient Tea Set":23,"Centennial Puzzle":4,"Anchor":25,"Philosopher\u0027s Stone":9,"Fusion Hammer":17,"Bag of Marbles":29,"PureWater":0,"Toxic Egg 2":5,"StrikeDummy":19,"InkBottle":5},{"Ice Cream":56,"Singing Bowl":61,"Torii":105,"PreservedInsect":67,"Bottled Tornado":113,"Boot":28,"Sling":61,"Ancient Tea Set":107,"Centennial Puzzle":17,"Anchor":118,"Philosopher\u0027s Stone":42,"Fusion Hammer":84,"Bag of Marbles":155,"PureWater":0,"Toxic Egg 2":23,"StrikeDummy":92,"InkBottle":23}],"InkBottle":[67]},"card_choices":[{"not_picked":["PathToVictory","Worship"],"picked":"BowlingBash","floor":1.0},{"not_picked":["Consecrate","SignatureMove"],"picked":"WheelKick","floor":4.0},{"not_picked":["CrushJoints","ClearTheMind"],"picked":"CutThroughFate","floor":5.0},{"not_picked":["FearNoEvil","FollowUp"],"picked":"ThirdEye+1","floor":8.0},{"not_picked":["FlyingSleeves","ThirdEye+1"],"picked":"DevaForm","floor":13.0},{"not_picked":["JustLucky","MentalFortress"],"picked":"Halt+1","floor":14.0},{"not_picked":["Devotion","Blasphemy+1"],"picked":"Scrawl+1","floor":16.0},{"not_picked":["CutThroughFate","Indignation+1"],"picked":"Vault+1","floor":22.0},{"not_picked":["Crescendo+1","CutThroughFate","CarveReality"],"picked":"Singing Bowl","floor":29.0},{"not_picked":["SashWhip+1","ForeignInfluence+1"],"picked":"EmptyMind+1","floor":31.0},{"not_picked":["Ragnarok","SpiritShield+1"],"picked":"ConjureBlade+1","floor":33},{"not_picked":["ClearTheMind+1","Wireheading+1"],"picked":"Meditate+1","floor":35},{"not_picked":["DeceiveReality+1","FollowUp+1"],"picked":"Fasting2","floor":36},{"not_picked":["JustLucky+1","FollowUp+1","FearNoEvil"],"picked":"Singing Bowl","floor":38},{"not_picked":["TalkToTheHand","Prostrate+1","Alpha+1"],"picked":"Singing Bowl","floor":39},{"not_picked":["PathToVictory+1","BowlingBash","Fasting2"],"picked":"Singing Bowl","floor":40},{"not_picked":["WreathOfFlame+1","CutThroughFate+1","Alpha+1"],"picked":"Singing Bowl","floor":42},{"not_picked":["Worship+1","CrushJoints","CutThroughFate"],"picked":"Singing Bowl","floor":44},{"not_picked":["PathToVictory+1","TalkToTheHand+1","Consecrate"],"picked":"Singing Bowl","floor":46},{"not_picked":["ClearTheMind+1","SashWhip"],"picked":"EmptyMind+1","floor":48},{"not_picked":["SashWhip+1","Crescendo+1","CutThroughFate"],"picked":"Singing Bowl","floor":55}],"player_experience":2637257,"relics_obtained":[{"floor":6.0,"key":"Centennial Puzzle"},{"floor":8.0,"key":"Toxic Egg 2"},{"floor":9.0,"key":"InkBottle"},{"floor":13.0,"key":"Boot"},{"floor":24.0,"key":"Ice Cream"},{"floor":26.0,"key":"Singing Bowl"},{"floor":29.0,"key":"PreservedInsect"},{"floor":40,"key":"Torii"},{"floor":42,"key":"Ancient Tea Set"},{"floor":46,"key":"Anchor"},{"floor":55,"key":"Bag of Marbles"}],"event_choices":[{"damage_healed":0.0,"max_hp_gain":0.0,"max_hp_loss":0.0,"gold_gain":0.0,"event_name":"Liars Game","player_choice":"Ignored","floor":3.0,"gold_loss":0.0,"damage_taken":0.0},{"damage_healed":0.0,"max_hp_gain":0.0,"max_hp_loss":0.0,"gold_gain":0.0,"event_name":"Upgrade Shrine","player_choice":"Upgraded","floor":10.0,"gold_loss":0.0,"damage_taken":0.0,"cards_upgraded":["CutThroughFate"]},{"damage_healed":0.0,"max_hp_gain":0.0,"max_hp_loss":0.0,"gold_gain":0.0,"event_name":"The Mausoleum","player_choice":"Ignored","floor":20.0,"gold_loss":0.0,"damage_taken":0.0},{"damage_healed":0.0,"max_hp_gain":0.0,"max_hp_loss":0.0,"gold_gain":0.0,"event_name":"Back to Basics","player_choice":"Simplicity","floor":21.0,"gold_loss":0.0,"damage_taken":0.0,"cards_upgraded":["Strike_P","Defend_P","Defend_P","Defend_P"]},{"damage_healed":0.0,"max_hp_gain":0.0,"max_hp_loss":0.0,"gold_gain":50.0,"event_name":"Golden Shrine","player_choice":"Pray","floor":30.0,"gold_loss":0.0,"damage_taken":0.0},{"damage_healed":0,"gold_gain":0,"player_choice":"Gave Potion","damage_taken":0,"relics_obtained":["StrikeDummy"],"max_hp_gain":0,"max_hp_loss":0,"event_name":"WeMeetAgain","floor":37,"gold_loss":0}],"is_beta":false,"boss_relics":[{"not_picked":["Busted Crown","SlaversCollar"],"picked":"Philosopher\u0027s Stone"},{"not_picked":["Black Star","Velvet Choker"],"picked":"Fusion Hammer"}],"items_purged_floors":[54],"is_endless":false,"potions_floor_spawned":[1,4,6,13,16,19,22,29,31,38,39,40,42,48,55],"ascension_level":20}}