{"host":"uod8ea48n93qw90p","time":1613019736,"event":{"mods":["AchievementEnabler","BaseMod","Bestiary","Highlight Path","Minty Spire (QoL Compilation)","Relic Stats","StSLib"],"gold_per_floor":[116,136,151,163,175,204,103,131,207,207,232,251,276,293,293,398,398,411,422,422,433,96,127,127,154,207,240,271,306,324,353,353,454,454,472,492,294,310,310,338,338,372,397,447,669,669,699,699,699,699,699,699,24,50,50],"floor_reached":56,"language":"ENG","playtime":7374,"items_purged":["Strike_P","Strike_P+1","Strike_P+1","Defend_P"],"score":1702,"play_id":"c4b52343-a6ba-4c9b-b79a-619d71f22e2b","local_time":"20210210230216","is_ascension_mode":true,"campfire_choices":[{"floor":10.0,"key":"REST"},{"data":"Eruption","floor":15.0,"key":"SMITH"},{"data":"Scrawl","floor":24.0,"key":"SMITH"},{"data":"WaveOfTheHand","floor":32.0,"key":"SMITH"},{"data":"Scrawl","floor":41.0,"key":"SMITH"},{"floor":46,"key":"RECALL"},{"data":"EmptyMind","floor":49,"key":"SMITH"},{"data":"Vigilance","floor":52,"key":"SMITH"}],"circlet_count":0,"master_deck":["Strike_P+1","Defend_P","Defend_P+1","Defend_P+1","Eruption+1","Vigilance+1","BowlingBash+1","CutThroughFate+1","Protect+1","Adaptation+1","LessonLearned+1","EmptyFist+1","ReachHeaven+1","Vengeance+1","Devotion+1","Study+1","Scrawl+1","Prostrate+1","Halt+1","WaveOfTheHand+1","Panache+1","CrushJoints+1","Wallop+1","FearNoEvil","TalkToTheHand+1","Wireheading+1","EmptyMind+1","Scrawl+1","Wireheading+1","Meditate+1","MentalFortress+1","JustLucky+1","TalkToTheHand+1","Dark Shackles","MentalFortress+1","Mayhem+1"],"relics":["Black Star","Yang","Toy Ornithopter","Torii","Anchor","TeardropLocket","Ice Cream","Frozen Egg 2","Pear","Coffee Dripper","WingedGreaves","Bronze Scales","Red Mask","Oddly Smooth Stone","Bag of Marbles","Happy Flower","InkBottle","Mummified Hand","Blood Vial","Centennial Puzzle","Meat on the Bone","Blue Candle","SlaversCollar","PreservedInsect","Art of War","Nunchaku","Damaru","Vajra","Du-Vu Doll","Gremlin Horn","Akabeko","HornCleat","Shuriken","Bottled Flame"],"acts_visited":["TheCity","TheBeyond","TheEnding"],"potions_floor_usage":[55],"damage_taken":[{"damage":0.0,"enemies":"Cultist","floor":1.0,"turns":4.0},{"damage":0.0,"enemies":"Small Slimes","floor":2.0,"turns":2.0},{"damage":3.0,"enemies":"Jaw Worm","floor":3.0,"turns":3.0},{"damage":5.0,"enemies":"Looter","floor":4.0,"turns":3.0},{"damage":6.0,"enemies":"2 Fungi Beasts","floor":5.0,"turns":3.0},{"damage":14.0,"enemies":"3 Sentries","floor":6.0,"turns":8.0},{"damage":25.0,"enemies":"Gremlin Nob","floor":8.0,"turns":5.0},{"damage":9.0,"enemies":"3 Sentries","floor":11.0,"turns":6.0},{"damage":0.0,"enemies":"3 Louse","floor":12.0,"turns":2.0},{"damage":2.0,"enemies":"Lagavulin","floor":13.0,"turns":5.0},{"damage":0.0,"enemies":"Looter","floor":14.0,"turns":2.0},{"damage":3.0,"enemies":"Hexaghost","floor":16.0,"turns":10.0},{"damage":0.0,"enemies":"2 Thieves","floor":18.0,"turns":3.0},{"damage":0.0,"enemies":"Chosen","floor":19.0,"turns":4.0},{"damage":1.0,"enemies":"Centurion and Healer","floor":21.0,"turns":3.0},{"damage":8.0,"enemies":"Slavers","floor":23.0,"turns":5.0},{"damage":1.0,"enemies":"Masked Bandits","floor":25.0,"turns":3.0},{"damage":7.0,"enemies":"Book of Stabbing","floor":27.0,"turns":3.0},{"damage":0.0,"enemies":"Slavers","floor":28.0,"turns":3.0},{"damage":0.0,"enemies":"Book of Stabbing","floor":29.0,"turns":4.0},{"damage":9.0,"enemies":"Shelled Parasite and Fungi","floor":30.0,"turns":3.0},{"damage":13.0,"enemies":"Gremlin Leader","floor":31.0,"turns":6.0},{"damage":0.0,"enemies":"Champ","floor":33.0,"turns":6.0},{"damage":0.0,"enemies":"Orb Walker","floor":35.0,"turns":3.0},{"damage":7.0,"enemies":"3 Darklings","floor":36.0,"turns":4.0},{"damage":0.0,"enemies":"Transient","floor":38.0,"turns":5.0},{"damage":0.0,"enemies":"Giant Head","floor":40.0,"turns":4.0},{"damage":0.0,"enemies":"Nemesis","floor":42.0,"turns":3.0},{"damage":0.0,"enemies":"Mind Bloom Boss Battle","floor":44.0,"turns":3.0},{"damage":0,"enemies":"Reptomancer","floor":47,"turns":3},{"damage":3,"enemies":"Time Eater","floor":50,"turns":7},{"damage":0,"enemies":"Shield and Spear","floor":54,"turns":5},{"damage":0,"enemies":"The Heart","floor":55,"turns":5}],"seed_played":"2907111037155154799","potions_obtained":[{"floor":5.0,"key":"LiquidBronze"},{"floor":6.0,"key":"StancePotion"},{"floor":8.0,"key":"Strength Potion"},{"floor":12.0,"key":"SkillPotion"},{"floor":13.0,"key":"SteroidPotion"},{"floor":14.0,"key":"Strength Potion"},{"floor":18.0,"key":"SmokeBomb"},{"floor":20.0,"key":"Ambrosia"},{"floor":29.0,"key":"SmokeBomb"},{"floor":31.0,"key":"PowerPotion"},{"floor":42.0,"key":"EntropicBrew"}],"is_trial":false,"path_per_floor":["M","M","M","M","M","E","$","E","T","R","E","M","E","M","R","B",null,"M","M","?","M","$","E","R","?","T","E","E","E","M","E","R","B",null,"M","M","$","M","?","E","R","E","T","?","?","R","E","?","R","B",null,"R","$","E","B",null],"character_chosen":"WATCHER","items_purchased":["EmptyFist","Panache+1","CrushJoints","Wireheading+1","HornCleat","MentalFortress+1","Mayhem+1"],"campfire_rested":1,"item_purchase_floors":[7,22,22,37,53,53,53],"current_hp_per_floor":[72,72,69,64,58,44,44,19,19,40,36,36,44,44,44,46,82,82,82,82,81,81,73,73,72,72,65,70,70,63,52,52,54,82,82,75,75,77,77,78,78,78,78,78,78,78,78,78,78,75,78,78,78,78,78],"gold":50,"neow_bonus":"BOSS_RELIC","is_daily":false,"chose_seed":false,"campfire_upgraded":6,"win_rate":0.0,"timestamp":1613019736,"path_taken":["M","M","M","M","M","E","$","E","T","R","E","M","E","M","R","BOSS","M","?","?","?","$","E","R","?","T","E","E","E","M","E","R","BOSS","M","M","$","M","?","E","R","E","T","?","?","R","E","?","R","BOSS","R","$","E","BOSS"],"items_purchased_type":["Card","Card","Card","Card","Relic","Card","Card"],"build_version":"2020-12-22","purchased_purges":4,"victory":true,"max_hp_per_floor":[72,72,72,72,72,72,72,72,72,72,72,72,82,82,82,82,82,82,82,82,82,82,82,82,82,82,82,82,82,82,82,82,82,82,82,82,82,82,78,78,78,78,78,78,78,78,78,78,78,78,78,78,78,78,78],"relic_stats":{"Torii":29,"Happy Flower":[21],"Gremlin Horn":[1,1],"counters":[33,138],"Blue Candle":[0],"Yang":[276],"PreservedInsect":174,"Blood Vial":9,"Centennial Puzzle":[12],"Nunchaku":[7],"Mummified Hand":[106],"Shuriken":[7],"Bronze Scales":[246],"Black Star":13,"Art of War":[3],"obtain_stats":[{"Ice Cream":11,"Torii":8,"Gremlin Horn":47,"Vajra":43,"Yang":6,"TeardropLocket":11,"Blood Vial":29,"Centennial Puzzle":29,"Nunchaku":42,"HornCleat":53,"Mummified Hand":28,"WingedGreaves":23,"Red Mask":25,"InkBottle":28,"Pear":13,"Happy Flower":27,"Blue Candle":31,"Oddly Smooth Stone":26,"Damaru":42,"PreservedInsect":40,"Frozen Egg 2":13,"Akabeko":47,"Du-Vu Doll":44,"SlaversCollar":34,"Anchor":8,"Bottled Flame":54,"Shuriken":54,"Bronze Scales":23,"Black Star":0,"Coffee Dripper":17,"Bag of Marbles":27,"Art of War":40,"PureWater":0,"Toy Ornithopter":6,"Meat on the Bone":31},{"Ice Cream":8,"Torii":7,"Gremlin Horn":30,"Vajra":28,"Yang":6,"TeardropLocket":8,"Blood Vial":20,"Centennial Puzzle":20,"Nunchaku":28,"HornCleat":31,"Mummified Hand":19,"WingedGreaves":16,"Red Mask":17,"InkBottle":19,"Pear":10,"Happy Flower":18,"Blue Candle":22,"Oddly Smooth Stone":17,"Damaru":28,"PreservedInsect":27,"Frozen Egg 2":10,"Akabeko":30,"Du-Vu Doll":29,"SlaversCollar":23,"Anchor":7,"Bottled Flame":32,"Shuriken":32,"Bronze Scales":16,"Black Star":0,"Coffee Dripper":12,"Bag of Marbles":18,"Art of War":27,"PureWater":0,"Toy Ornithopter":6,"Meat on the Bone":22},{"Ice Cream":34,"Torii":28,"Gremlin Horn":121,"Vajra":115,"Yang":23,"TeardropLocket":34,"Blood Vial":81,"Centennial Puzzle":81,"Nunchaku":115,"HornCleat":128,"Mummified Hand":77,"WingedGreaves":68,"Red Mask":71,"InkBottle":77,"Pear":41,"Happy Flower":74,"Blue Candle":90,"Oddly Smooth Stone":71,"Damaru":115,"PreservedInsect":112,"Frozen Egg 2":41,"Akabeko":121,"Du-Vu Doll":118,"SlaversCollar":96,"Anchor":28,"Bottled Flame":133,"Shuriken":133,"Bronze Scales":68,"Black Star":0,"Coffee Dripper":53,"Bag of Marbles":74,"Art of War":112,"PureWater":0,"Toy Ornithopter":23,"Meat on the Bone":90}],"Toy Ornithopter":15,"InkBottle":[35],"Meat on the Bone":0},"card_choices":[{"not_picked":["FlurryOfBlows","Meditate"],"picked":"BowlingBash","floor":1.0},{"not_picked":["CrushJoints","Evaluate"],"picked":"CutThroughFate","floor":2.0},{"not_picked":["Evaluate","Prostrate","ForeignInfluence"],"picked":"SKIP","floor":3.0},{"not_picked":["WreathOfFlame","MentalFortress"],"picked":"Protect","floor":4.0},{"not_picked":["Evaluate","Crescendo"],"picked":"Adaptation","floor":5.0},{"not_picked":["Study","FlurryOfBlows"],"picked":"LessonLearned","floor":6.0},{"not_picked":["Halt","Prostrate"],"picked":"ReachHeaven","floor":8.0},{"not_picked":["InnerPeace","Swivel"],"picked":"Vengeance","floor":11.0},{"not_picked":["Nirvana","JustLucky","ForeignInfluence"],"picked":"SKIP","floor":12.0},{"not_picked":["Vault","Halt"],"picked":"Devotion+1","floor":13.0},{"not_picked":["WheelKick","CutThroughFate"],"picked":"Study+1","floor":14.0},{"not_picked":["DevaForm+1","Vault"],"picked":"Scrawl","floor":16.0},{"not_picked":["Consecrate+1","ClearTheMind"],"picked":"Prostrate","floor":18.0},{"not_picked":["EmptyBody","SashWhip"],"picked":"Halt","floor":19.0},{"not_picked":["ThirdEye","Consecrate"],"picked":"WaveOfTheHand","floor":21.0},{"not_picked":["Prostrate","Protect","PathToVictory"],"picked":"SKIP","floor":23.0},{"not_picked":["Prostrate","Protect","PathToVictory"],"picked":"SKIP","floor":23.0},{"not_picked":["Prostrate","CrushJoints"],"picked":"Wallop","floor":25.0},{"not_picked":["BattleHymn+1","Establishment+1"],"picked":"FearNoEvil","floor":27.0},{"not_picked":["SashWhip","DeceiveReality"],"picked":"TalkToTheHand+1","floor":28.0},{"not_picked":["DeceiveReality","CrushJoints"],"picked":"Wireheading+1","floor":29.0},{"not_picked":["Evaluate","JustLucky+1"],"picked":"EmptyMind","floor":30.0},{"not_picked":["Protect+1","Prostrate","EmptyFist"],"picked":"SKIP","floor":31.0},{"not_picked":["DeusExMachina","Omniscience"],"picked":"Scrawl","floor":33.0},{"not_picked":["BattleHymn+1","EmptyFist","CrushJoints"],"picked":"SKIP","floor":35.0},{"not_picked":["Fasting2+1","Consecrate+1","Evaluate+1"],"picked":"SKIP","floor":36.0},{"not_picked":["Wireheading+1","ThirdEye"],"picked":"Meditate+1","floor":38.0},{"not_picked":["PathToVictory+1","SashWhip+1"],"picked":"MentalFortress+1","floor":40.0},{"not_picked":["PathToVictory","FlyingSleeves"],"picked":"JustLucky+1","floor":42.0},{"not_picked":["Omniscience","ReachHeaven+1"],"picked":"TalkToTheHand+1","floor":47},{"not_picked":["Forethought","Good Instincts"],"picked":"Dark Shackles","floor":48},{"not_picked":["Crescendo+1","Indignation+1","FearNoEvil+1"],"picked":"SKIP","floor":54}],"player_experience":108826,"relics_obtained":[{"floor":6.0,"key":"Yang"},{"floor":6.0,"key":"Toy Ornithopter"},{"floor":8.0,"key":"Torii"},{"floor":8.0,"key":"Anchor"},{"floor":11.0,"key":"TeardropLocket"},{"floor":11.0,"key":"Ice Cream"},{"floor":13.0,"key":"Frozen Egg 2"},{"floor":13.0,"key":"Pear"},{"floor":23.0,"key":"WingedGreaves"},{"floor":23.0,"key":"Bronze Scales"},{"floor":25.0,"key":"Red Mask"},{"floor":26.0,"key":"Oddly Smooth Stone"},{"floor":27.0,"key":"Bag of Marbles"},{"floor":27.0,"key":"Happy Flower"},{"floor":28.0,"key":"InkBottle"},{"floor":28.0,"key":"Mummified Hand"},{"floor":29.0,"key":"Blood Vial"},{"floor":29.0,"key":"Centennial Puzzle"},{"floor":31.0,"key":"Meat on the Bone"},{"floor":31.0,"key":"Blue Candle"},{"floor":40.0,"key":"PreservedInsect"},{"floor":40.0,"key":"Art of War"},{"floor":42.0,"key":"Nunchaku"},{"floor":42.0,"key":"Damaru"},{"floor":43.0,"key":"Vajra"},{"floor":44,"key":"Du-Vu Doll"},{"floor":47,"key":"Gremlin Horn"},{"floor":47,"key":"Akabeko"},{"floor":54,"key":"Shuriken"},{"floor":54,"key":"Bottled Flame"}],"event_choices":[{"damage_healed":0.0,"max_hp_gain":0.0,"max_hp_loss":0.0,"gold_gain":0.0,"event_name":"Lab","player_choice":"Got Potions","floor":20.0,"gold_loss":0.0,"damage_taken":0.0},{"damage_healed":0.0,"max_hp_gain":0.0,"max_hp_loss":0.0,"gold_gain":0.0,"event_name":"Masked Bandits","player_choice":"Fought Bandits","floor":25.0,"gold_loss":0.0,"damage_taken":0.0},{"damage_healed":0.0,"max_hp_gain":0.0,"max_hp_loss":4.0,"gold_gain":0.0,"event_name":"Winding Halls","player_choice":"Max HP","floor":39.0,"gold_loss":0.0,"damage_taken":0.0},{"damage_healed":0.0,"max_hp_gain":0.0,"max_hp_loss":0.0,"gold_gain":0.0,"event_name":"MindBloom","player_choice":"Fight","floor":44.0,"gold_loss":0.0,"damage_taken":0.0},{"damage_healed":0,"gold_gain":222,"player_choice":"Wore Mask","damage_taken":0,"max_hp_gain":0,"max_hp_loss":0,"event_name":"Tomb of Lord Red Mask","floor":45,"gold_loss":0},{"damage_healed":0,"gold_gain":0,"player_choice":"Memory 1","damage_taken":0,"max_hp_gain":0,"max_hp_loss":0,"event_name":"SensoryStone","floor":48,"gold_loss":0}],"is_beta":false,"boss_relics":[{"not_picked":["SacredBark","Sozu"],"picked":"Coffee Dripper"},{"not_picked":["Empty Cage","Busted Crown"],"picked":"SlaversCollar"}],"items_purged_floors":[7,22,37,53],"is_endless":false,"potions_floor_spawned":[5,6,8,12,13,14,18,21,27,29,31,35,40,42,44,54],"ascension_level":1}}