{"host":"gin1e6e6f2y0ngxx","time":1613060902,"event":{"mods":["AchievementEnabler","Act Like it!","BaseMod","Downfall","Hallownest","Infinite Spire","Minty Spire (QoL Compilation)","StSLib","The Bug Knight","The Cursed","The Hierophant","The Necromancer","The Runesmith","TheWitcher"],"gold_per_floor":[128,128,158,173,173,173,200,200,248,248,263,263,274,294,294,370,370,387,400,400,419,437,437,527,538,620,620,620],"floor_reached":27,"language":"ENG","playtime":1964,"items_purged":[],"score":217,"play_id":"c6e22559-ab45-4c01-972d-be5057088f42","local_time":"20210211062822","is_ascension_mode":false,"campfire_choices":[{"floor":6,"key":"REST"},{"data":"SnafuTest:MercilessReaper","floor":8,"key":"SMITH"},{"data":"SnafuTest:FirstAid","floor":10,"key":"SMITH"},{"data":"SnafuTest:BountyHunt","floor":12,"key":"SMITH"},{"floor":15,"key":"REST"},{"floor":23,"key":"REST"}],"circlet_count":0,"master_deck":["SnafuTest:DefaultCommonAttack","SnafuTest:DefaultCommonAttack","SnafuTest:DefaultCommonAttack","SnafuTest:BountyHunt+1","SnafuTest:DefaultCommonSkill","SnafuTest:DefaultCommonSkill","SnafuTest:DefaultCommonSkill","SnafuTest:SignYrden+1","SnafuTest:FullCover+1","SnafuTest:TrackingSense","SnafuTest:MercilessReaper+1","SnafuTest:FirstAid+1","SnafuTest:BombSamum","SnafuTest:WitchHunt","SnafuTest:SignIgni","SnafuTest:PowerEternalFlame","SnafuTest:PowerFireDamnation+1","SnafuTest:SpellIncendiaryShower","SnafuTest:PowerProbingFeint","SnafuTest:UndefeatedNarcissism","SnafuTest:Shooting","TheCursedMod:Dregs"],"relics":["SnafuTest:UnstableMutagenRelic","Orichalcum","SnafuTest:IgniRelic","Cursed Key","Enchiridion","Blue Candle"],"acts_visited":["Exordium","TheCity"],"potions_floor_usage":[16,21,22],"damage_taken":[{"damage":0,"enemies":"2 Louse","floor":1,"turns":2},{"damage":0,"enemies":"Small Slimes","floor":3,"turns":4},{"damage":2,"enemies":"Jaw Worm","floor":4,"turns":5},{"damage":24,"enemies":"3 Sentries","floor":7,"turns":15},{"damage":0,"enemies":"2 Fungi Beasts","floor":11,"turns":2},{"damage":1,"enemies":"Red Slaver","floor":13,"turns":4},{"damage":1,"enemies":"Looter","floor":14,"turns":4},{"damage":60,"enemies":"Hexaghost","floor":16,"turns":16},{"damage":6,"enemies":"Spheric Guardian","floor":18,"turns":5},{"damage":4,"enemies":"Shell Parasite","floor":19,"turns":7},{"damage":31,"enemies":"Sentry and Sphere","floor":21,"turns":7},{"damage":14,"enemies":"Centurion and Healer","floor":22,"turns":8},{"damage":4,"enemies":"Shelled Parasite and Fungi","floor":25,"turns":6}],"seed_played":"2279358930947439551","potions_obtained":[{"floor":3,"key":"SteroidPotion"},{"floor":7,"key":"DuplicationPotion"},{"floor":11,"key":"champ:CounterPotion"},{"floor":16,"key":"Explosive Potion"},{"floor":19,"key":"BlessingOfTheForge"}],"is_trial":false,"path_per_floor":["M","?","M","M","?","R","E","R","T","R","M","R","M","M","R","B",null,"M","M","?","M","M","R","?","M","T","$"],"character_chosen":"THE_WITCHER","items_purchased":[],"campfire_rested":3,"item_purchase_floors":[],"current_hp_per_floor":[82,66,66,64,64,82,58,58,58,58,58,58,57,56,80,20,82,76,72,56,25,11,35,23,19,19,19,19],"gold":620,"neow_bonus":"TEN_PERCENT_HP_BONUS","is_daily":false,"chose_seed":false,"campfire_upgraded":3,"win_rate":0.0,"timestamp":1613060902,"path_taken":["M","?","M","M","?","R","E","R","T","R","M","R","M","M","R","BOSS","M","M","?","M","M","R","?","M","T","$"],"items_purchased_type":[],"build_version":"2020-12-22","purchased_purges":0,"victory":false,"max_hp_per_floor":[82,82,82,82,82,82,82,82,82,82,82,82,82,82,82,82,82,82,82,82,82,82,82,82,82,82,82,82],"card_choices":[{"not_picked":["SnafuTest:CalculatingAmbition","SnafuTest:SpellDarkMirror"],"picked":"SnafuTest:FullCover","floor":1},{"not_picked":["SnafuTest:CalculatingAmbition","SnafuTest:PayArmorSmith"],"picked":"SnafuTest:TrackingSense","floor":3},{"not_picked":["SnafuTest:SwiftAssault","SnafuTest:PayArmorSmith"],"picked":"SnafuTest:MercilessReaper","floor":4},{"not_picked":["SnafuTest:RecklessBlow","SnafuTest:SignIgni"],"picked":"SnafuTest:FirstAid","floor":7},{"not_picked":["SnafuTest:BombMoonDust","SnafuTest:PayArmorSmith"],"picked":"SnafuTest:BombSamum","floor":11},{"not_picked":["SnafuTest:PowerVainGlory","SnafuTest:RecklessBlow"],"picked":"SnafuTest:WitchHunt","floor":13},{"not_picked":["SnafuTest:BloodLineTracing","SnafuTest:NoPass"],"picked":"SnafuTest:PayWeaponShop","floor":14},{"not_picked":["SnafuTest:BoxingChampion","SnafuTest:WhiteWolfRise"],"picked":"SnafuTest:PowerEternalFlame","floor":16},{"not_picked":["SnafuTest:SignIgni","SnafuTest:PayWeaponShop"],"picked":"SnafuTest:PowerFireDamnation+1","floor":18},{"not_picked":["SnafuTest:HermitsErudition","SnafuTest:PowerAlwaysAWay"],"picked":"SnafuTest:SpellIncendiaryShower","floor":19},{"not_picked":["SnafuTest:FirstAid+1","SnafuTest:SpellTelekinesis"],"picked":"SnafuTest:PowerProbingFeint","floor":21},{"not_picked":["SnafuTest:SpellButterflyIllusion","SnafuTest:TrackingSense+1"],"picked":"SnafuTest:UndefeatedNarcissism","floor":22},{"not_picked":["SnafuTest:SignAxii","SnafuTest:WitchHunt"],"picked":"SnafuTest:Shooting","floor":25}],"player_experience":177441,"relics_obtained":[{"floor":7,"key":"Orichalcum"},{"floor":9,"key":"SnafuTest:IgniRelic"},{"floor":20,"key":"Enchiridion"},{"floor":26,"key":"Blue Candle"}],"event_choices":[{"damage_healed":0,"gold_gain":0,"player_choice":"Entered Light","damage_taken":16,"max_hp_gain":0,"max_hp_loss":0,"event_name":"Shining Light","floor":2,"gold_loss":0,"cards_upgraded":["SnafuTest:SignYrden","SnafuTest:FullCover"]},{"damage_healed":0,"gold_gain":0,"player_choice":"Ignored","damage_taken":0,"max_hp_gain":0,"max_hp_loss":0,"event_name":"Liars Game","floor":5,"gold_loss":0},{"damage_healed":0,"gold_gain":0,"player_choice":"Obtained Book","damage_taken":16,"max_hp_gain":0,"max_hp_loss":0,"event_name":"Cursed Tome","floor":20,"gold_loss":0},{"damage_healed":0,"gold_gain":90,"player_choice":"GOLD ","damage_taken":12,"max_hp_gain":0,"max_hp_loss":0,"event_name":"Knowing Skull","floor":24,"potions_obtained":[],"gold_loss":0,"cards_obtained":[]}],"is_beta":false,"boss_relics":[{"not_picked":["SnafuTest:EnergyMutagenRelic","Runic Pyramid"],"picked":"Cursed Key"}],"items_purged_floors":[],"is_endless":false,"potions_floor_spawned":[3,7,11,16,18,19],"ascension_level":0}}