{"host":"ryxkq7m36cv0y2ky","time":1613075942,"event":{"mods":["100% Spire Juice","Act Like it!","Arknights","Bard","BaseMod","CapriCore","Dio Mod","Downfall","Ekko","Gensokyo","Gremlin Mod","GungeonMod","Hermit","HololiveMod","Hubris","Hunter ??","Jorbs\u0027s Wanderer Trilogy","Marisa????????","Minty Spire (QoL Compilation)","Nova Terra(??·??)","Reliquary","Remilia??????","Replay The Spire","Robot Space Explorer","SOS???????","Shade Mod","Spire Arcade","StSLib","The Animator","The Blackbeard","The Bladedancer","The Disciple","The Exalted","The Forsaken","The Hayseed","The Immortal","The Judge","The Juggle","The Marked","The Mystic","The Necromancer","The Poker Player","The Runesmith","The Saiyan","The Senshi","The Servant 0.9.4","The Showman","The Witch","TheVacant","Yakumo Yukari mod","thorton","????"],"gold_per_floor":[99,113,133,20,33,44,44,44,44],"floor_reached":8,"language":"ENG","playtime":518,"items_purged":[],"score":48,"play_id":"99846902-3588-4857-8e08-d3d15bb637fb","local_time":"20210212070902","is_ascension_mode":false,"campfire_choices":[{"floor":1,"key":"RECALL"}],"circlet_count":0,"master_deck":["NovaMod:Basic_Strike_Nova","NovaMod:Basic_Strike_Nova","NovaMod:Basic_Strike_Nova","NovaMod:Basic_Strike_Nova","NovaMod:Basic_Defend_Nova","NovaMod:Basic_Defend_Nova","NovaMod:Basic_Defend_Nova","NovaMod:Basic_Defend_Nova","NovaMod:Snipe","NovaMod:PenetratingBlast","NovaMod:Bioaugmentation","NovaMod:Blink","NovaMod:Mediatation","NovaMod:MultilayerArmor","NovaMod:Snipe","NovaMod:Bioaugmentation","NovaMod:NuclearFactory+"],"relics":["NovaMod:GhostSuit","Letter Opener"],"acts_visited":["Exordium"],"potions_floor_usage":[],"damage_taken":[{"damage":0,"enemies":"Small Slimes","floor":2,"turns":3},{"damage":13,"enemies":"Cultist","floor":3,"turns":5},{"damage":0,"enemies":"downfall:FleeingMerchant","floor":4,"turns":4},{"damage":8,"enemies":"2 Louse","floor":5,"turns":5},{"damage":15,"enemies":"Blue Slaver","floor":6,"turns":6},{"damage":61,"enemies":"Lagavulin","floor":8,"turns":10}],"seed_played":"5831991082213471141","potions_obtained":[{"floor":5,"key":"Reflective Coating"},{"floor":6,"key":"DemoMod:LeadSkinPotion"}],"is_trial":false,"path_per_floor":["R","M","M","$","M","M","T","E"],"character_chosen":"NOVA","items_purchased":["NovaMod:MultilayerArmor","NovaMod:Snipe"],"campfire_rested":0,"item_purchase_floors":[4,4],"current_hp_per_floor":[88,88,75,75,67,52,52,0,0],"gold":44,"neow_bonus":"TEN_PERCENT_HP_BONUS","is_daily":false,"chose_seed":false,"campfire_upgraded":0,"win_rate":0.0,"timestamp":1613075942,"path_taken":["R","M","M","$","M","M","T","E"],"items_purchased_type":["Card","Card"],"build_version":"2020-12-22","purchased_purges":0,"victory":false,"max_hp_per_floor":[88,88,88,88,88,88,88,88,88],"card_choices":[{"not_picked":["NovaMod:MechanicalArmor","NovaMod:GhostAcademy"],"picked":"NovaMod:Bioaugmentation","floor":2},{"not_picked":["NovaMod:MagrailMunitions","NovaMod:PulseGrenade"],"picked":"NovaMod:Blink","floor":3},{"not_picked":["NovaMod:PredatorMissile","NovaMod:MechanicalArmor"],"picked":"NovaMod:Mediatation","floor":4},{"not_picked":["NovaMod:TripleTap","NovaMod:RadiationShooting"],"picked":"NovaMod:Bioaugmentation","floor":5},{"not_picked":["NovaMod:TripleTap","NovaMod:Lurk"],"picked":"NovaMod:NuclearFactory+","floor":6}],"player_experience":340731,"relics_obtained":[{"floor":7,"key":"Letter Opener"}],"event_choices":[],"is_beta":false,"boss_relics":[],"items_purged_floors":[],"is_endless":false,"potions_floor_spawned":[5,6],"killed_by":"Lagavulin","ascension_level":0}}