{"host":"dmtlrev5pkc1867p","time":1613067088,"event":{"mods":["A Magickal Journey","AchievementEnabler","BaseMod","Colored Map","Colored Powertips","Downfall","Hermit","Highlight Path","Infinite Spire","Marisa¡]Ãú«B¡@Å]²z¨F¡^","Minty Spire (QoL Compilation)","Permanent Neow","Quick Restart","Rare Cards Sparkle","Relic Sorter","Relic Stats","Replay The Spire","StSLib","SuperFastMode","The Construct","The Cursed","The Disciple","The Hierophant","The Necromancer","The Runesmith","The Servant 0.9.4"],"gold_per_floor":[99,114,133,143,157,182,182,182,182,23,23,54,54,154,54,150,150,161,173,273,273,373,373,373],"floor_reached":23,"language":"ZHS","playtime":1424,"items_purged":[],"score":197,"play_id":"bb166181-a7f4-4c80-a1a8-3952fd26e97a","local_time":"20210212021128","is_ascension_mode":false,"campfire_choices":[{"floor":1.0,"key":"RECALL"},{"floor":9.0,"key":"REST"},{"data":"Runesmith:MetallurgicalResearch","floor":11.0,"key":"SMITH"},{"floor":13.0,"key":"REST"},{"floor":15.0,"key":"REST"}],"circlet_count":0,"master_deck":["Runesmith:CraftFirestone","Runesmith:Fortify","Runesmith:HammerThrow","Runesmith:ChaoticBlast","Runesmith:Duplicate","Runesmith:Firewall","Runesmith:CraftIndustria","Runesmith:CraftProtectio","Runesmith:MetallurgicalResearch+1","Runesmith:LithiumIon","Runesmith:LithiumIon","Runesmith:ArcReactor","Runesmith:CraftProtectio","Runesmith:ChiselStab","Runesmith:CreatorForm","Runesmith:OneForEveryone","Runesmith:GrandSlam","Runesmith:Permafrost","Runesmith:Augment","Runesmith:NanitesCloud+1","Runesmith:Attraction","Runesmith:Repurpose","J.A.X.","Runesmith:Accelerate"],"relics":["Runesmith:BrokenRuby","Replay:Towering Pillar of Hats","Ice Cream","Blue Candle","infinitespire:Magic Flask","downfall:HeartBlessingGreen","Pandora\u0027s Box","MutagenicStrength"],"acts_visited":["Exordium","TheCity"],"potions_floor_usage":[],"damage_taken":[{"damage":0.0,"enemies":"2 Louse","floor":2.0,"turns":3.0},{"damage":2.0,"enemies":"Jaw Worm","floor":3.0,"turns":4.0},{"damage":0.0,"enemies":"Small Slimes","floor":4.0,"turns":2.0},{"damage":7.0,"enemies":"2 Fungi Beasts","floor":5.0,"turns":3.0},{"damage":22.0,"enemies":"3 Sentries","floor":6.0,"turns":7.0},{"damage":5.0,"enemies":"downfall:FleeingMerchant","floor":10.0,"turns":4.0},{"damage":14.0,"enemies":"Gremlin Nob","floor":12.0,"turns":5.0},{"damage":17.0,"enemies":"DF_ARCHETYPE_STREAMLINE","floor":16.0,"turns":8.0},{"damage":30.0,"enemies":"3 Byrds","floor":18.0,"turns":4.0},{"damage":16.0,"enemies":"Sentry and Sphere","floor":19.0,"turns":6.0},{"damage":15.0,"enemies":"downfall:Augmenter","floor":22.0,"turns":8.0},{"damage":0,"enemies":"Centurion and Healer","floor":23,"turns":1}],"seed_played":"-6090754607864359047","potions_obtained":[{"floor":2.0,"key":"Swift Potion"},{"floor":12.0,"key":"GamblersBrew"},{"floor":16.0,"key":"AttackPotion"},{"floor":22.0,"key":"Fire Potion"}],"is_trial":true,"path_per_floor":["R","M","M","M","M","E","T","?","R","$","R","E","R","?","R","B",null,"M","M","?","?","?","M"],"character_chosen":"RUNESMITH_CLASS","items_purchased":["Runesmith:MetallurgicalResearch","Runesmith:LithiumIon"],"campfire_rested":3,"item_purchase_floors":[10,10],"current_hp_per_floor":[70,70,68,68,61,39,39,34,55,50,50,36,57,57,70,53,70,40,24,24,24,9,9,9],"gold":373,"neow_bonus":"","is_daily":false,"chose_seed":false,"campfire_upgraded":1,"win_rate":0.0,"timestamp":1613067088,"path_taken":["R","M","M","M","M","E","T","?","R","$","R","E","R","?","R","BOSS","BOSS","M","M","?","?","?","M"],"items_purchased_type":["Card","Card"],"build_version":"2020-12-22","purchased_purges":0,"victory":false,"max_hp_per_floor":[70,70,70,70,70,70,70,70,70,70,70,70,70,70,70,70,70,70,70,70,70,70,70,70],"relic_stats":{"counters":[12,55],"Blue Candle":[0],"Pandora\u0027s Box":["Runesmith:CraftProtectio","Runesmith:ChiselStab","Runesmith:CraftObretio","Runesmith:CreatorForm","Runesmith:OneForEveryone","Runesmith:GrandSlam","Runesmith:Permafrost","Runesmith:PerfectChisel"],"obtain_stats":[{"Ice Cream":7,"Runesmith:BrokenRuby":0,"Replay:Towering Pillar of Hats":6,"Blue Candle":8,"MutagenicStrength":22,"downfall:HeartBlessingGreen":15,"Pandora\u0027s Box":17,"infinitespire:Magic Flask":12},{"Ice Cream":5,"Runesmith:BrokenRuby":0,"Replay:Towering Pillar of Hats":5,"Blue Candle":5,"MutagenicStrength":11,"downfall:HeartBlessingGreen":7,"Pandora\u0027s Box":8,"infinitespire:Magic Flask":7},{"Ice Cream":19,"Runesmith:BrokenRuby":0,"Replay:Towering Pillar of Hats":19,"Blue Candle":19,"MutagenicStrength":54,"downfall:HeartBlessingGreen":28,"Pandora\u0027s Box":36,"infinitespire:Magic Flask":28}]},"card_choices":[{"not_picked":["Runesmith:ShiftingStrike","Runesmith:ChiselStab"],"picked":"Runesmith:HammerThrow","floor":2.0},{"not_picked":["Runesmith:HammerAndChisel","Runesmith:CraftProtectio"],"picked":"Runesmith:ChaoticBlast","floor":3.0},{"not_picked":["Runesmith:CraftReservo","Runesmith:Refine"],"picked":"Runesmith:Duplicate","floor":4.0},{"not_picked":["Runesmith:Grindstone","Runesmith:EnergizedChisel"],"picked":"Runesmith:Firewall","floor":5.0},{"not_picked":["Runesmith:Retool","Runesmith:CraftReservo"],"picked":"Runesmith:CraftIndustria","floor":6.0},{"not_picked":["Runesmith:Superposition","Runesmith:HeatedChisel"],"picked":"Runesmith:CraftProtectio","floor":10.0},{"not_picked":["Runesmith:UnstableHammer","Runesmith:StaticCage"],"picked":"Runesmith:LithiumIon","floor":12.0},{"not_picked":["Runesmith:FissionHammer","Runesmith:CreatorForm"],"picked":"Runesmith:ArcReactor","floor":16.0},{"not_picked":["Runesmith:StaticCage","Runesmith:Repurpose"],"picked":"Runesmith:Augment","floor":18.0},{"not_picked":["Runesmith:ShiftingStrike","Runesmith:EarthShield"],"picked":"Runesmith:NanitesCloud+1","floor":19.0},{"not_picked":[],"picked":"J.A.X.","floor":22.0},{"not_picked":["Runesmith:BackupBattery","Runesmith:EnergizedChisel"],"picked":"Runesmith:Accelerate","floor":22.0}],"player_experience":688762,"relics_obtained":[{"floor":6.0,"key":"Replay:Towering Pillar of Hats"},{"floor":7.0,"key":"Ice Cream"},{"floor":12.0,"key":"infinitespire:Magic Flask"},{"floor":22.0,"key":"MutagenicStrength"}],"event_choices":[],"is_beta":false,"boss_relics":[{"not_picked":["Replay:Drink Me","Runesmith:PocketReactor"],"picked":"Pandora\u0027s Box"}],"items_purged_floors":[],"is_endless":false,"potions_floor_spawned":[2,12,16,22],"killed_by":"Centurion and Healer","ascension_level":0}}