{"host":"8is2j71l4wmybkoi","time":1613027997,"event":{"mods":["AchievementEnabler","BaseMod","Colored Map","Minty Spire (QoL Compilation)","Rare Cards Sparkle","StSLib","SuperFastMode"],"gold_per_floor":[116,14,14,28,28,61,61,81,105,30,57,57,72,91,91,168,168,187,187,213,63,63,63,74,74,74,89,108,127,127,160,160,234,234,250,250,264,282,299,299,325,341,341,341,14,46,46,46,46,46,46,46,46,46,46],"floor_reached":54,"language":"KOR","playtime":2332,"items_purged":["Strike_B","Strike_B"],"score":1294,"play_id":"9e0b9070-4534-40a7-994f-85a3a07cb6f9","local_time":"20210211161957","is_ascension_mode":true,"campfire_choices":[{"data":"Defragment","floor":7.0,"key":"SMITH"},{"data":"Defragment","floor":12.0,"key":"SMITH"},{"data":"Go for the Eyes","floor":15.0,"key":"SMITH"},{"floor":23.0,"key":"RECALL"},{"floor":32.0,"key":"REST"},{"floor":40.0,"key":"REST"},{"floor":44.0,"key":"REST"},{"floor":49.0,"key":"REST"},{"floor":52.0,"key":"REST"}],"circlet_count":0,"master_deck":["AscendersBane","Strike_B","Defend_B","Defend_B","Defend_B","Defend_B+1","Zap+1","Dualcast","Conserve Battery","Defragment+1","Ball Lightning","Defragment+1","Core Surge","Capacitor","Go for the Eyes+1","Hologram","Biased Cognition+1","Skim+1","Self Repair+1","Turbo","Hello World+1","Self Repair+1","Seek","Melter","Core Surge","Consume+1","Coolheaded","Biased Cognition+1","Loop+1","Coolheaded+1"],"relics":["Cracked Core","NeowsBlessing","Tiny Chest","Oddly Smooth Stone","Ancient Tea Set","Fusion Hammer","Blood Vial","Anchor","MealTicket","Frozen Egg 2","Bag of Preparation","Inserter","Emotion Chip","War Paint","DollysMirror","Gremlin Horn","Meat on the Bone"],"acts_visited":["Exordium","TheCity","TheBeyond","TheEnding"],"potions_floor_usage":[],"damage_taken":[{"damage":0.0,"enemies":"Small Slimes","floor":1.0,"turns":1.0},{"damage":0.0,"enemies":"Jaw Worm","floor":4.0,"turns":1.0},{"damage":0.0,"enemies":"Gremlin Nob","floor":6.0,"turns":1.0},{"damage":1.0,"enemies":"Cultist","floor":8.0,"turns":3.0},{"damage":21.0,"enemies":"Lagavulin","floor":11.0,"turns":5.0},{"damage":3.0,"enemies":"Looter","floor":13.0,"turns":2.0},{"damage":13.0,"enemies":"Exordium Thugs","floor":14.0,"turns":2.0},{"damage":13.0,"enemies":"The Guardian","floor":16.0,"turns":8.0},{"damage":0.0,"enemies":"Spheric Guardian","floor":18.0,"turns":3.0},{"damage":11.0,"enemies":"2 Thieves","floor":24.0,"turns":3.0},{"damage":6.0,"enemies":"Shelled Parasite and Fungi","floor":27.0,"turns":5.0},{"damage":8.0,"enemies":"Centurion and Healer","floor":28.0,"turns":7.0},{"damage":2.0,"enemies":"Snake Plant","floor":29.0,"turns":3.0},{"damage":33.0,"enemies":"Slavers","floor":31.0,"turns":6.0},{"damage":19.0,"enemies":"Collector","floor":33.0,"turns":10.0},{"damage":12.0,"enemies":"Orb Walker","floor":35.0,"turns":3.0},{"damage":39.0,"enemies":"3 Darklings","floor":37.0,"turns":6.0},{"damage":12.0,"enemies":"Spire Growth","floor":38.0,"turns":6.0},{"damage":27.0,"enemies":"Jaw Worm Horde","floor":39.0,"turns":6.0},{"damage":51.0,"enemies":"Reptomancer","floor":41.0,"turns":8.0},{"damage":9.0,"enemies":"Maw","floor":42.0,"turns":6.0},{"damage":33.0,"enemies":"Nemesis","floor":46.0,"turns":5.0},{"damage":23.0,"enemies":"Awakened One","floor":50.0,"turns":12.0},{"damage":73,"enemies":"Shield and Spear","floor":54,"turns":3}],"seed_played":"-5949900776635704433","potions_obtained":[{"floor":8.0,"key":"Swift Potion"},{"floor":13.0,"key":"Explosive Potion"},{"floor":14.0,"key":"LiquidBronze"},{"floor":16.0,"key":"Strength Potion"},{"floor":24.0,"key":"Fire Potion"},{"floor":28.0,"key":"PotionOfCapacity"},{"floor":37.0,"key":"PotionOfCapacity"},{"floor":38.0,"key":"ColorlessPotion"}],"is_trial":false,"path_per_floor":["M","$","?","M","?","E","R","M","T","$","E","R","M","M","R","B",null,"M","?","T","$","$","R","M","?","T","M","M","M","T","E","R","B",null,"M","?","M","M","M","R","E","M","T","R","$","E","T","?","R","B",null,"R","$","E"],"character_chosen":"DEFECT","items_purchased":["Defragment","Cold Snap","Anchor","DollysMirror","Loop+1"],"campfire_rested":5,"item_purchase_floors":[2,2,21,45,45],"current_hp_per_floor":[64,64,64,64,64,64,64,63,63,63,42,42,39,26,26,13,57,57,57,57,57,57,57,48,48,48,44,48,58,58,37,58,61,69,71,71,52,62,57,71,40,53,53,71,71,58,58,58,71,68,70,71,71,0,0],"gold":46,"neow_bonus":"THREE_ENEMY_KILL","is_daily":false,"chose_seed":false,"campfire_upgraded":3,"win_rate":0.0,"timestamp":1613027997,"path_taken":["M","$","?","M","?","E","R","M","T","?","E","R","M","?","R","BOSS","M","?","?","?","$","R","M","?","T","M","?","M","?","E","R","BOSS","M","?","M","?","M","R","E","M","T","R","?","E","?","?","R","BOSS","R","$","E"],"items_purchased_type":["Card","Card","Relic","Relic","Card"],"build_version":"2020-12-22","purchased_purges":2,"victory":false,"max_hp_per_floor":[71,71,71,71,71,71,71,71,71,71,71,71,71,71,71,71,71,71,71,71,71,71,71,71,71,71,71,71,71,71,71,71,71,71,71,71,71,71,71,71,71,71,71,71,71,71,71,71,71,71,71,71,71,71,71],"card_choices":[{"not_picked":["Gash","Leap"],"picked":"Conserve Battery","floor":1.0},{"not_picked":["Conserve Battery","Rebound"],"picked":"Ball Lightning","floor":4.0},{"not_picked":["Coolheaded","Blizzard"],"picked":"Defragment","floor":6.0},{"not_picked":["Lockon","Scrape"],"picked":"Core Surge","floor":8.0},{"not_picked":["Steam","Chill"],"picked":"Capacitor","floor":11.0},{"not_picked":["Turbo","Rebound"],"picked":"Go for the Eyes","floor":13.0},{"not_picked":["Rebound","Stack"],"picked":"Hologram","floor":14.0},{"not_picked":["Seek","Amplify"],"picked":"Biased Cognition","floor":16.0},{"not_picked":["Beam Cell","Conserve Battery","Gash"],"picked":"SKIP","floor":18.0},{"not_picked":["Beam Cell+1","Storm"],"picked":"Skim+1","floor":24.0},{"not_picked":["Beam Cell","Undo"],"picked":"Self Repair+1","floor":27.0},{"not_picked":["Steam","Cold Snap"],"picked":"Turbo","floor":28.0},{"not_picked":["Steam","Gash"],"picked":"Hello World+1","floor":29.0},{"not_picked":["Hyperbeam","Beam Cell"],"picked":"Self Repair+1","floor":31.0},{"not_picked":["Multi-Cast","All For One"],"picked":"Seek","floor":33.0},{"not_picked":["Hologram","Steam"],"picked":"Melter","floor":35.0},{"not_picked":["Scrape","Sweeping Beam"],"picked":"Consume+1","floor":37.0},{"not_picked":["Stack","Defragment+1","Turbo"],"picked":"SKIP","floor":38.0},{"not_picked":["Sweeping Beam+1","Skim"],"picked":"Coolheaded","floor":39.0},{"not_picked":["Beam Cell","Sweeping Beam","Barrage"],"picked":"SKIP","floor":41.0},{"not_picked":["Steam","Rebound","Hologram"],"picked":"SKIP","floor":42.0},{"not_picked":["Blizzard","Leap"],"picked":"Coolheaded+1","floor":46.0}],"player_experience":1122962,"relics_obtained":[{"floor":6.0,"key":"Tiny Chest"},{"floor":9.0,"key":"Oddly Smooth Stone"},{"floor":11.0,"key":"Ancient Tea Set"},{"floor":20.0,"key":"Blood Vial"},{"floor":26.0,"key":"Frozen Egg 2"},{"floor":31.0,"key":"Bag of Preparation"},{"floor":41.0,"key":"Emotion Chip"},{"floor":43.0,"key":"War Paint"},{"floor":46.0,"key":"Gremlin Horn"},{"floor":47.0,"key":"Meat on the Bone"}],"event_choices":[{"damage_healed":0.0,"max_hp_gain":0.0,"max_hp_loss":0.0,"gold_gain":0.0,"event_name":"Liars Game","player_choice":"Ignored","floor":3.0,"gold_loss":0.0,"damage_taken":0.0},{"cards_removed":["Strike_B"],"damage_healed":0.0,"max_hp_gain":0.0,"max_hp_loss":0.0,"gold_gain":0.0,"event_name":"Living Wall","player_choice":"Forget","floor":5.0,"gold_loss":0.0,"damage_taken":0.0},{"damage_healed":0.0,"max_hp_gain":0.0,"max_hp_loss":0.0,"gold_gain":0.0,"event_name":"Accursed Blacksmith","player_choice":"Forge","floor":19.0,"gold_loss":0.0,"damage_taken":0.0,"cards_upgraded":["Biased Cognition"]},{"damage_healed":0.0,"max_hp_gain":0.0,"max_hp_loss":0.0,"gold_gain":0.0,"event_name":"WeMeetAgain","player_choice":"Gave Potion","floor":25.0,"gold_loss":0.0,"damage_taken":0.0,"relics_obtained":["MealTicket"]},{"damage_healed":0.0,"max_hp_gain":0.0,"max_hp_loss":0.0,"gold_gain":0.0,"event_name":"Duplicator","player_choice":"Copied","floor":36.0,"gold_loss":0.0,"damage_taken":0.0,"cards_obtained":["Core Surge"]},{"cards_removed":["Cold Snap"],"damage_healed":0.0,"max_hp_gain":0.0,"max_hp_loss":0.0,"gold_gain":0.0,"event_name":"Falling","player_choice":"Removed Attack","floor":48.0,"gold_loss":0.0,"damage_taken":0.0}],"is_beta":false,"boss_relics":[{"not_picked":["Runic Pyramid","Tiny House"],"picked":"Fusion Hammer"},{"not_picked":["Astrolabe","Calling Bell"],"picked":"Inserter"}],"items_purged_floors":[10,45],"is_endless":false,"potions_floor_spawned":[8,13,14,16,24,28,37,38],"killed_by":"Shield and Spear","ascension_level":15}}