{"host":"fc5kl670efuhtomy","time":1613018894,"event":{"mods":["AchievementEnabler","Act Like it!","Arknights","BaseMod","Colored Powertips","Downfall","Marisa£®ÏF”Í°°ƒß¿Ì…≥£©","Minty Spire (QoL Compilation)","Quick Restart","Reimu£®≤©¿ˆ¡È√Œ£©","Relic Stats","Replay The Spire","Spicy Shops","StSLib","The Bug Knight","The Construct","The Cursed","The Servant 0.9.4","WarShipGirlsR/’ΩΩ¢…Ÿ≈ÆR mod"],"gold_per_floor":[112,173,173,189,206,206,206],"floor_reached":6,"language":"ZHS","playtime":270,"items_purged":[],"score":38,"play_id":"469b0aa2-9cd9-4d88-b99d-2a1d9a689da0","local_time":"20210211124814","is_ascension_mode":true,"campfire_choices":[],"circlet_count":0,"master_deck":["ats:Strike C","ats:Strike S","ats:Strike V","ats:Armor Crushing Shot","ats:Defend","ats:Defend","ats:Defend","ats:Defend","ats:Emotion Absorption","ats:Explosion Area Strengthen","ats:Apocalypse","ats:Apocalypse","ats:Composite Medical Shells","ats:Shell Defense"],"relics":["Philosopher\u0027s Stone","Bottled Flame"],"acts_visited":["Exordium"],"potions_floor_usage":[6],"damage_taken":[{"damage":3,"enemies":"Jaw Worm","floor":1,"turns":3},{"damage":0,"enemies":"Small Slimes","floor":4,"turns":3},{"damage":2,"enemies":"Cultist","floor":5,"turns":4},{"damage":78,"enemies":"Gremlin Nob","floor":6,"turns":5}],"seed_played":"4618044152052490787","potions_obtained":[{"floor":4,"key":"Block Potion"}],"is_trial":false,"path_per_floor":["M","?","?","M","M","E"],"character_chosen":"DOCTOR_CLASS","items_purchased":[],"campfire_rested":0,"item_purchase_floors":[],"current_hp_per_floor":[69,51,44,48,58,0,0],"gold":206,"neow_bonus":"BOSS_RELIC","is_daily":false,"chose_seed":false,"campfire_upgraded":0,"win_rate":0.0,"timestamp":1613018894,"path_taken":["M","?","?","M","M","E"],"items_purchased_type":[],"build_version":"2020-12-22","purchased_purges":0,"victory":false,"max_hp_per_floor":[72,72,72,72,72,72,72],"relic_stats":{"counters":[4,15],"obtain_stats":[{"Bottled Flame":2,"Philosopher\u0027s Stone":0,"ats:Sanity":0},{"Bottled Flame":1,"Philosopher\u0027s Stone":0,"ats:Sanity":0},{"Bottled Flame":3,"Philosopher\u0027s Stone":0,"ats:Sanity":0}]},"card_choices":[{"not_picked":["ats:Absolute Focus","ats:Encircling Forest"],"picked":"ats:Explosion Area Strengthen","floor":1},{"not_picked":["ats:Guard Mode","ats:Closed Bolt Burst Fire"],"picked":"ats:Apocalypse","floor":2},{"not_picked":["ats:Cat Scratch","ats:Hammer On"],"picked":"ats:Apocalypse","floor":2},{"not_picked":["ats:Guardian Obelisk","ats:Apocalypse"],"picked":"ats:Composite Medical Shells","floor":4},{"not_picked":["ats:Sunburst","ats:Hook Shot"],"picked":"ats:Shell Defense","floor":5}],"player_experience":226630,"relics_obtained":[{"floor":2,"key":"Bottled Flame"}],"event_choices":[{"cards_removed":["ats:Strike G"],"damage_healed":0,"gold_gain":0,"player_choice":"Card Removal","damage_taken":7,"max_hp_gain":0,"max_hp_loss":0,"event_name":"Golden Wing","floor":3,"gold_loss":0}],"is_beta":false,"boss_relics":[],"items_purged_floors":[],"is_endless":false,"potions_floor_spawned":[4],"killed_by":"Gremlin Nob","ascension_level":1}}