{"host":"bplbr8uekuotory4","time":1613034448,"event":{"mods":["Act Like it!","BaseMod","GungeonMod","Hermit","KinomotoSakuraMod(木之本樱)","Marisa（F雨　魔理沙）","Minty Spire (QoL Compilation)","Prisma Mod","Quick Restart","Reimu（博丽灵梦）","SOS（斯巴达之子）","Spicy Shops","StSLib","TestMod","The Blackbeard","The Cursed","The Mystic","The Saiyan","The Senshi","The Servant 0.9.4","Yuri Mod","[IsaacMod]以撒尖塔"],"gold_per_floor":[114,114,389,389,183,211,67,110,135,182,33,33,61,87,87,176,176,211,211,125,154,1,49,72,471,471,510,510,540,540,540,540,630,630,655,577,577,577,609,657,657,696,718,779,779,779,779,810,810,824,824,824,824,864,878],"floor_reached":56,"language":"ZHS","playtime":1056,"items_purged":["Parasite","blackbeard:BlackbeardStrike","blackbeard:BlackbeardDefend","blackbeard:BlackbeardDefend","blackbeard:BlackbeardStrike","blackbeard:BlackbeardDefend","blackbeard:BlackbeardStrike","blackbeard:BlackbeardDefend","blackbeard:BlackbeardStrike","blackbeard:IntimidatingStrike","blackbeard:CloakAndCannonball"],"score":2703,"play_id":"b6698284-99b6-4dc4-88c7-f73f45783c97","local_time":"20210211170728","is_ascension_mode":true,"campfire_choices":[{"data":"blackbeard:Rum","floor":12,"key":"SMITH"},{"data":"blackbeard:Cutlass","floor":15,"key":"SMITH"},{"data":"blackbeard:BoostMorale","floor":32,"key":"SMITH"},{"data":"blackbeard:BeatUp","floor":41,"key":"SMITH"},{"data":"blackbeard:BlindAttacks","floor":45,"key":"SMITH"},{"floor":49,"key":"RECALL"},{"data":"blackbeard:TacticalRetreat","floor":52,"key":"SMITH"}],"circlet_count":0,"master_deck":["AscendersBane","blackbeard:Cutlass+1","blackbeard:GoldenCannonball","blackbeard:Rum+1","blackbeard:TacticalRetreat+1","blackbeard:BoostMorale+1","blackbeard:Boarding+1","testmod-EternalityOfKhronos+1","blackbeard:BeatUp+1","blackbeard:CaptainsCabin+1","blackbeard:Anchor+1","blackbeard:BlindAttacks+1","blackbeard:FinalBarrage"],"relics":["blackbeard:LoadTheCannons","testmod-TestBox","HushsDoor","GuppysHead","testmod-IntensifyImprint","NeowsBlessing","SteamSale","testmod-BlackFramedGlasses","Juzu Bracelet","blackbeard:Spearhead","blackbeard:TreasureChest","Smiling Mask","BloodDonationMachine","theSenshi:SailorFukuRelic","Lantern","MagicMushroom","Sling","Toolbox","testmod-Charity","AnarchistCookbook","DeathBook","Torii","DemoMod:GlassGuonStoneRelic","Toxic Egg 2","testmod-CardMagician","GuppysPaw","Membership Card","Chemical X","blackbeard:HipFlask","TuHaoJin","Boot","PreservedInsect","Centennial Puzzle","OrangePellets","Pocketwatch","Bottled Lightning","Akabeko","Darkstone Periapt","CatCart","DemoMod:MonsterBlood","testmod-Acrobat","Mercury Hourglass","CrazyTorch:ReiMu","Orrery","DemoMod:MeatBun","Chaos","Frozen Eye","Toy Ornithopter","Bronze Scales","Blood Vial","testmod-ArcanaOfDestiny"],"acts_visited":["Exordium","TheCity","TheBeyond","TheEnding"],"potions_floor_usage":[16,38,55],"damage_taken":[{"damage":0,"enemies":"2 Louse","floor":1,"turns":1},{"damage":0,"enemies":"Gremlin Nob","floor":6,"turns":1},{"damage":0,"enemies":"3 Sentries","floor":10,"turns":1},{"damage":0,"enemies":"Cultist","floor":13,"turns":4},{"damage":0,"enemies":"Small Slimes","floor":14,"turns":2},{"damage":3,"enemies":"Slime Boss","floor":16,"turns":6},{"damage":0,"enemies":"2 Thieves","floor":18,"turns":1},{"damage":0,"enemies":"3 Byrds","floor":21,"turns":2},{"damage":0,"enemies":"Slavers","floor":23,"turns":2},{"damage":0,"enemies":"Snake Plant","floor":24,"turns":1},{"damage":0,"enemies":"Gremlin Leader","floor":27,"turns":1},{"damage":0,"enemies":"Snecko","floor":29,"turns":1},{"damage":0,"enemies":"Automaton","floor":33,"turns":1},{"damage":0,"enemies":"3 Darklings","floor":35,"turns":1},{"damage":0,"enemies":"3 Shapes","floor":39,"turns":1},{"damage":0,"enemies":"Giant Head","floor":40,"turns":1},{"damage":0,"enemies":"Nemesis","floor":42,"turns":1},{"damage":0,"enemies":"Orin","floor":44,"turns":5},{"damage":0,"enemies":"Spire Growth","floor":48,"turns":1},{"damage":0,"enemies":"Donu and Deca","floor":50,"turns":1},{"damage":0,"enemies":"Shield and Spear","floor":54,"turns":1},{"damage":0,"enemies":"The Heart","floor":55,"turns":2}],"seed_played":"75869848711490804","potions_obtained":[{"floor":6,"key":"BlessingOfTheForge"},{"floor":18,"key":"Weak Potion"},{"floor":33,"key":"Strength Potion"},{"floor":39,"key":"Explosive Potion"}],"is_trial":false,"path_per_floor":["M","?","?","?","$","E","$","?","T","E","$","R","M","M","R","B",null,"M","?","$","M","$","E","M","?","T","E","?","M","?","?","R","B",null,"M","$","?","$","M","E","R","E","T","?","R","?","$","M","R","B",null,"R","$","E","B",null],"character_chosen":"BLACKBEARD_CLASS","items_purchased":["SteamSale","testmod-BlackFramedGlasses","Juzu Bracelet","blackbeard:TreasureChest","blackbeard:GoldenCannonball","theSenshi:SailorFukuRelic","Lantern","blackbeard:Rum","Sling","Toolbox","testmod-Charity","GuppysPaw","testmod-EternalityOfKhronos+1","Membership Card","Chemical X","blackbeard:HipFlask","TuHaoJin","Boot","blackbeard:CaptainsCabin+1","PreservedInsect","Centennial Puzzle","OrangePellets","testmod-SpacePotion","Pocketwatch","Bottled Lightning","DemoMod:MonsterBlood","testmod-Acrobat","Mercury Hourglass","CrazyTorch:ReiMu","blackbeard:Anchor+1","Orrery","DemoMod:MeatBun","Chaos","Frozen Eye","Toy Ornithopter","Bronze Scales","Blood Vial","blackbeard:FinalBarrage"],"campfire_rested":0,"item_purchase_floors":[5,5,5,7,7,11,11,11,20,22,22,34,34,36,36,36,36,36,36,38,38,38,38,38,38,47,47,47,47,47,47,47,53,53,53,53,53,53],"current_hp_per_floor":[68,53,53,53,53,54,54,39,39,40,30,30,34,36,36,39,67,68,65,65,68,68,73,76,77,77,80,161,164,164,128,128,131,145,148,148,143,143,145,147,147,149,150,152,152,152,159,163,163,171,171,171,171,178,185],"gold":878,"neow_bonus":"THREE_ENEMY_KILL","is_daily":false,"chose_seed":false,"campfire_upgraded":6,"win_rate":0.0,"timestamp":1613034448,"path_taken":["M","?","?","?","$","E","$","?","T","E","$","R","M","M","R","BOSS","M","?","$","M","$","E","M","?","T","E","?","M","?","?","R","BOSS","M","$","?","?","M","E","R","E","T","?","R","?","$","M","R","BOSS","R","$","E","BOSS"],"items_purchased_type":["Relic","Relic","Relic","Relic","Card","Relic","Relic","Card","Relic","Relic","Relic","Relic","Card","Relic","Relic","Relic","Relic","Relic","Card","Relic","Relic","Relic","Potion","Relic","Relic","Relic","Relic","Relic","Relic","Card","Relic","Relic","Card","Relic","Relic","Relic","Relic","Card"],"build_version":"2020-12-22","purchased_purges":11,"victory":true,"max_hp_per_floor":[75,75,75,75,72,72,72,72,72,72,72,72,72,72,72,72,74,74,74,74,74,74,76,78,79,79,81,162,164,164,169,169,171,149,151,151,143,143,145,147,147,149,150,152,152,152,159,163,163,171,171,171,171,178,185],"card_choices":[{"not_picked":["blackbeard:TheDrunkenSailor","blackbeard:PiratesWill","blackbeard:Dagger"],"picked":"SKIP","floor":1},{"not_picked":["blackbeard:DeadlyArsenal","blackbeard:Shrapnel"],"picked":"Bomb","floor":6},{"not_picked":["blackbeard:FieryDefense","blackbeard:Recklessness","blackbeard:DoubleBottom"],"picked":"SKIP","floor":10},{"not_picked":["blackbeard:Revenge","blackbeard:Scrap"],"picked":"blackbeard:CloakAndCannonball","floor":13},{"not_picked":["blackbeard:GoldenRain","blackbeard:DelayedPain"],"picked":"blackbeard:TacticalRetreat","floor":14},{"not_picked":["blackbeard:PowerHungry","blackbeard:Halberd"],"picked":"blackbeard:BoostMorale","floor":16},{"not_picked":["blackbeard:Anchor","blackbeard:DeadlyArsenal","blackbeard:VengefulSpirit+1"],"picked":"SKIP","floor":18},{"not_picked":["blackbeard:CaptainsCabin","blackbeard:DeadlyArsenal","blackbeard:Spear"],"picked":"SKIP","floor":21},{"not_picked":["blackbeard:ChaoticDefense","blackbeard:Dagger"],"picked":"blackbeard:Boarding+1","floor":23},{"not_picked":["blackbeard:Fencing","blackbeard:Sword","blackbeard:TacticalRetreat"],"picked":"SKIP","floor":24},{"not_picked":["blackbeard:ArmorUp+1","blackbeard:WiseDefense","blackbeard:DelayedPain"],"picked":"SKIP","floor":27},{"not_picked":["blackbeard:Rum","blackbeard:Sword","blackbeard:PirateEarring"],"picked":"SKIP","floor":29},{"not_picked":["blackbeard:Shrapnel","blackbeard:GoldenStrike"],"picked":"blackbeard:BeatUp","floor":35},{"not_picked":["blackbeard:GoldenCannonball+1","blackbeard:SwordDance+1"],"picked":"blackbeard:BlindAttacks","floor":39},{"not_picked":["blackbeard:Dagger+1","blackbeard:CloakAndCannonball+1","blackbeard:TacticalRetreat+1"],"picked":"SKIP","floor":40},{"not_picked":["blackbeard:JollyRoger+1","blackbeard:Spear+1","blackbeard:TheDrunkenSailor"],"picked":"SKIP","floor":42},{"not_picked":["blackbeard:FishingNets+1","blackbeard:Dagger+1"],"picked":"blackbeard:BlindAttacks+1","floor":48},{"not_picked":["blackbeard:JollyRoger+1","blackbeard:Rum+1","blackbeard:ChaoticDefense+1"],"picked":"SKIP","floor":54}],"player_experience":1138504,"relics_obtained":[{"floor":6,"key":"blackbeard:Spearhead"},{"floor":9,"key":"Smiling Mask"},{"floor":10,"key":"BloodDonationMachine"},{"floor":23,"key":"AnarchistCookbook"},{"floor":26,"key":"DeathBook"},{"floor":27,"key":"Torii"},{"floor":40,"key":"Akabeko"},{"floor":42,"key":"Darkstone Periapt"},{"floor":44,"key":"CatCart"},{"floor":54,"key":"testmod-ArcanaOfDestiny"}],"event_choices":[{"damage_healed":0,"gold_gain":275,"player_choice":"Desecrate","damage_taken":0,"max_hp_gain":0,"max_hp_loss":0,"event_name":"Golden Shrine","floor":3,"gold_loss":0,"cards_obtained":["Regret"]},{"cards_removed":["Regret"],"damage_healed":0,"gold_gain":0,"player_choice":"Forget","damage_taken":0,"max_hp_gain":0,"max_hp_loss":0,"event_name":"Living Wall","floor":4,"gold_loss":0},{"damage_healed":0,"gold_gain":0,"player_choice":"Punched","damage_taken":3,"max_hp_gain":0,"max_hp_loss":0,"event_name":"Designer","floor":19,"gold_loss":0},{"damage_healed":0,"gold_gain":400,"player_choice":"Sell","damage_taken":0,"max_hp_gain":0,"max_hp_loss":0,"event_name":"恩洛斯的盘子","floor":25,"relics_lost":["DemoMod:GlassGuonStoneRelic"],"gold_loss":0},{"damage_healed":0,"gold_gain":0,"player_choice":"Swap Relic","damage_taken":0,"relics_obtained":["testmod-HarvestTotem"],"max_hp_gain":0,"max_hp_loss":0,"event_name":"给自己的盒子","floor":28,"relics_lost":["testmod-HarvestTotem"],"gold_loss":0},{"damage_healed":0,"gold_gain":0,"player_choice":"Opened","damage_taken":0,"relics_obtained":["Toxic Egg 2"],"max_hp_gain":0,"max_hp_loss":0,"event_name":"The Mausoleum","floor":30,"gold_loss":0},{"damage_healed":0,"gold_gain":0,"player_choice":"Shed Blood","damage_taken":41,"max_hp_gain":5,"max_hp_loss":0,"event_name":"Forgotten Altar","floor":31,"gold_loss":0},{"damage_healed":0,"gold_gain":0,"player_choice":"Max HP","damage_taken":0,"max_hp_gain":0,"max_hp_loss":8,"event_name":"Winding Halls","floor":37,"gold_loss":0},{"damage_healed":0,"gold_gain":0,"player_choice":"Fight","damage_taken":0,"max_hp_gain":0,"max_hp_loss":0,"event_name":"OrinTheCat","floor":44,"gold_loss":0},{"cards_removed":["blackbeard:BlindAttacks"],"damage_healed":0,"gold_gain":0,"player_choice":"Removed Attack","damage_taken":0,"max_hp_gain":0,"max_hp_loss":0,"event_name":"Falling","floor":46,"gold_loss":0}],"is_beta":false,"boss_relics":[{"not_picked":["ChampionBelt","theSenshi:MoonKaleidoScopeRelic"],"picked":"MagicMushroom"},{"not_picked":[]},{"not_picked":["blackbeard:LoadTheGoldenCannons","testmod-Prudence"],"picked":"testmod-CardMagician"},{"not_picked":[]}],"items_purged_floors":[5,7,11,17,20,34,36,38,47,53,53],"is_endless":false,"potions_floor_spawned":[6,13,14,18,21,23,33,35,39,44],"ascension_level":13}}