{"host":"v98566chcnixoavo","time":1613025131,"event":{"mods":["100% Spire Juice","Act Like it!","Arknights","BaseMod","Decade(王小明)","DeckTracker","FGO Abigail","Friendly Minions","Highlight Path","Kiyohime（清姬）","Luminous","Marisa（F雨　魔理沙）","Minty Spire (QoL Compilation)","Prisma Mod","Railgun Mod","Reimu（博丽灵梦）","StSLib","Td1madao Mod","The Alterego","UnlockEverythingMod","WarShipGirlsR/战舰少女R mod","Yakumo Yukari mod","Youmu（魂魄妖梦）","【功能Mod】Neow奖励","【功能Mod】混沌之环修复补丁","【功能Mod】聪明的最终Boss"],"gold_per_floor":[112,112,126,142,142,142,172,172,196,226,226,241,273,284,284,387,387,404,415,415,385,77,77,2,2,28,41,68,78,88,99,99,200,200,216,234,244,263,163,163,197,197,197,197,231,231,260,273,273,273],"floor_reached":51,"language":"ZHS","playtime":3264,"items_purged":["ats:Ignite","ats:Fractured Body"],"score":722,"play_id":"53624ef5-783a-4e57-a561-d1cb22b6d615","local_time":"20210211143211","is_ascension_mode":false,"campfire_choices":[{"data":"ats:Sashimi Platter","floor":6.0,"key":"SMITH"},{"data":"ats:Assault Order","floor":11.0,"key":"SMITH"},{"data":"ats:Healing Strengthening","floor":15.0,"key":"SMITH"},{"data":"ats:Composite Medical Shells","floor":23,"key":"SMITH"},{"data":"ats:Healing Strengthening","floor":25,"key":"SMITH"},{"data":"ats:Counter Healing Mode","floor":32,"key":"SMITH"},{"data":"ats:Part Time Job","floor":40,"key":"SMITH"},{"data":"ats:Revitalization","floor":42,"key":"SMITH"},{"data":"ats:Nebulous Foxfire","floor":44,"key":"SMITH"},{"data":"ats:Revitalization","floor":49,"key":"SMITH"}],"circlet_count":0,"master_deck":["ats:Strike G","ats:Armor Crushing Shot","ats:Defend","ats:Defend","ats:Emotion Absorption","ats:Assault Order+1","ats:Very Hot Blade","ats:Hook Shot","ats:Sashimi Platter+1","ats:Revitalization+1","ats:Healing Strengthening+1","ats:Composite Medical Shells+1","ats:Spore Proliferation","ats:Directed Diagnosis","ats:Encircling Forest","ats:Healing Strengthening+1","ats:Counter Healing Mode+1","ats:Revitalization+1","ats:Part Time Job+1","ats:Defend Order","ats:Assault Order+1","ats:Nebulous Foxfire+1","ats:Apocalypse","ats:Revitalization+1","ats:Apocalypse+1","ats:Absolute Focus","ats:Calcification"],"relics":["ats:Sanity","Unceasing Top","ats:Originium","Akabeko","Oddly Smooth Stone","Blood Vial","Calipers","SacredBark","Medical Kit","ats:Hidden Killer","SlaversCollar","Gremlin Horn","ats:Industrial Water Cannon","Bag of Preparation","ats:Berate"],"acts_visited":["Exordium","TheCity","TheBeyond"],"potions_floor_usage":[48,48,50],"damage_taken":[{"damage":8.0,"enemies":"Jaw Worm","floor":1.0,"turns":4.0},{"damage":13.0,"enemies":"ats:Genji","floor":3.0,"turns":5.0},{"damage":9.0,"enemies":"2 Louse","floor":4.0,"turns":3.0},{"damage":37.0,"enemies":"Lagavulin","floor":7.0,"turns":9.0},{"damage":8.0,"enemies":"Looter","floor":12.0,"turns":3.0},{"damage":57.0,"enemies":"3 Sentries","floor":13.0,"turns":18.0},{"damage":0.0,"enemies":"Large Slime","floor":14.0,"turns":4.0},{"damage":38.0,"enemies":"Slime Boss","floor":16.0,"turns":9.0},{"damage":48.0,"enemies":"3 Byrds","floor":18.0,"turns":6.0},{"damage":35.0,"enemies":"2 Thieves","floor":19.0,"turns":4.0},{"damage":47,"enemies":"Snake Plant","floor":27,"turns":7},{"damage":82,"enemies":"Cultist and Chosen","floor":29,"turns":7},{"damage":21,"enemies":"3 Cultists","floor":30,"turns":4},{"damage":31,"enemies":"Centurion and Healer","floor":31,"turns":6},{"damage":218,"enemies":"Champ","floor":33,"turns":22},{"damage":80,"enemies":"Orb Walker","floor":35,"turns":6},{"damage":27,"enemies":"3 Shapes","floor":36,"turns":7},{"damage":53,"enemies":"3 Darklings","floor":37,"turns":6},{"damage":83,"enemies":"Maw","floor":38,"turns":10},{"damage":85,"enemies":"Nemesis","floor":41,"turns":10},{"damage":77,"enemies":"Reptomancer","floor":45,"turns":5},{"damage":157,"enemies":"Giant Head","floor":47,"turns":11},{"damage":65,"enemies":"4 Shapes","floor":48,"turns":5},{"damage":170,"enemies":"Awakened One","floor":50,"turns":13}],"seed_played":"3397597080061926231","potions_obtained":[{"floor":1.0,"key":"Block Potion"},{"floor":7.0,"key":"FearPotion"},{"floor":13.0,"key":"ats:Burn Small Potion"},{"floor":14.0,"key":"Dexterity Potion"},{"floor":16.0,"key":"ats:Flame Arts Potion"},{"floor":48,"key":"Weak Potion"}],"is_trial":false,"path_per_floor":["M","?","M","M","?","R","E","?","T","?","R","M","E","M","R","B",null,"M","M","?","?","$","R","?","R","T","M","T","M","M","M","R","B",null,"M","M","M","M","$","R","E","R","T","R","E","?","E","M","R","B",null],"character_chosen":"DOCTOR_CLASS","items_purchased":["ats:Counter Healing Mode","Medical Kit","ats:Revitalization"],"campfire_rested":0,"item_purchase_floors":[22,22,22],"current_hp_per_floor":[43,36,23,14,14,14,9,9,9,9,9,15,60,72,72,64,72,57,55,55,55,55,55,55,55,55,64,64,31,60,72,72,55,72,47,72,72,53,53,53,72,72,72,72,72,72,72,67,67,72],"gold":273,"neow_bonus":"ONE_RARE_RELIC","is_daily":false,"chose_seed":false,"campfire_upgraded":10,"win_rate":0.0,"timestamp":1613025131,"path_taken":["M","?","M","M","?","R","E","?","T","?","R","M","E","M","R","BOSS","M","M","?","?","$","R","?","R","T","M","?","M","?","M","R","BOSS","M","M","?","M","$","R","E","R","T","R","E","?","E","?","R","BOSS"],"items_purchased_type":["Card","Relic","Card"],"build_version":"2020-12-22","purchased_purges":2,"victory":true,"max_hp_per_floor":[72,72,72,72,72,72,72,72,72,72,72,72,72,72,72,72,72,72,72,72,72,72,72,72,72,72,72,72,72,72,72,72,72,72,72,72,72,72,72,72,72,72,72,72,72,72,72,72,72,72],"card_choices":[{"not_picked":["ats:Thorns","ats:Closed Bolt Burst Fire"],"picked":"ats:Assault Order","floor":1.0},{"not_picked":["ats:Demon Strength","ats:Cat Scratch"],"picked":"ats:Very Hot Blade","floor":3.0},{"not_picked":["ats:Serious Mode","ats:Curse Doll"],"picked":"ats:Hook Shot","floor":4.0},{"not_picked":["ats:Wolf Pack","ats:Charging Defense"],"picked":"ats:Revitalization","floor":7.0},{"not_picked":["ats:Poison Spread","ats:Charging Defense"],"picked":"ats:Healing Strengthening","floor":12.0},{"not_picked":["ats:Guard Mode","ats:Ignite"],"picked":"ats:Composite Medical Shells","floor":13.0},{"not_picked":["ats:Ignite","ats:Rapid Magazine"],"picked":"ats:Spore Proliferation","floor":14.0},{"not_picked":["ats:Shadow Assault","ats:Soul Rend"],"picked":"ats:Fractured Body","floor":16.0},{"not_picked":["ats:Explosion Area Strengthen","ats:Poison Spread","ats:Hammer On"],"picked":"SKIP","floor":18.0},{"not_picked":["ats:Leaping Hammer+1","ats:LN2 Cannon"],"picked":"ats:Directed Diagnosis","floor":19.0},{"not_picked":[],"picked":"ats:Healing Strengthening","floor":21},{"not_picked":["ats:Thorns","ats:Healing Strengthening"],"picked":"ats:Part Time Job","floor":27},{"not_picked":["ats:Consecutive Shot Auto","ats:Poison Spread"],"picked":"ats:Defend Order","floor":29},{"not_picked":["ats:Cat Scratch+1","ats:Absolute Focus"],"picked":"ats:Assault Order","floor":30},{"not_picked":["ats:Mental Burst","ats:Neurotoxin+1","ats:Flexible Camouflage"],"picked":"SKIP","floor":31},{"not_picked":["ats:Disruption Kick","ats:Ambush"],"picked":"ats:Nebulous Foxfire","floor":33},{"not_picked":["ats:Leaping Hammer","ats:Powerful Strike","ats:Curse Doll+1"],"picked":"SKIP","floor":35},{"not_picked":["ats:Collapsing Strike","ats:Ignite"],"picked":"ats:Apocalypse","floor":36},{"not_picked":["ats:Guardian Obelisk","ats:Literary Storm"],"picked":"ats:Revitalization+1","floor":37},{"not_picked":["ats:Blood Oath+1","ats:Hammer On+1"],"picked":"ats:Apocalypse+1","floor":38},{"not_picked":["ats:Chain Hook+1","ats:Serious Mode"],"picked":"ats:Absolute Focus","floor":41},{"not_picked":["ats:Hammer On+1","ats:Leaping Hammer+1"],"picked":"ats:Calcification","floor":45},{"not_picked":["ats:Soul Rend","ats:Neurotoxin","ats:Closed Bolt Burst Fire+1"],"picked":"SKIP","floor":47},{"not_picked":["ats:Flexible Camouflage","ats:Shell Defense+1","ats:Sunburst+1"],"picked":"SKIP","floor":48}],"player_experience":211946,"relics_obtained":[{"floor":7.0,"key":"ats:Originium"},{"floor":7.0,"key":"Akabeko"},{"floor":9.0,"key":"Oddly Smooth Stone"},{"floor":13.0,"key":"ats:Originium"},{"floor":13.0,"key":"Calipers"},{"floor":28,"key":"ats:Hidden Killer"},{"floor":41,"key":"ats:Originium"},{"floor":41,"key":"Gremlin Horn"},{"floor":43,"key":"ats:Industrial Water Cannon"},{"floor":45,"key":"ats:Originium"},{"floor":45,"key":"Bag of Preparation"},{"floor":47,"key":"ats:Berate"}],"event_choices":[{"cards_removed":["ats:Strike V"],"damage_healed":0.0,"max_hp_gain":0.0,"max_hp_loss":0.0,"gold_gain":0.0,"event_name":"Golden Wing","player_choice":"Card Removal","floor":2.0,"gold_loss":0.0,"damage_taken":7.0},{"damage_healed":0.0,"max_hp_gain":0.0,"max_hp_loss":0.0,"gold_gain":0.0,"cards_transformed":["ats:Defend"],"event_name":"Living Wall","player_choice":"Change","floor":5.0,"gold_loss":0.0,"damage_taken":0.0,"cards_obtained":["ats:Sashimi Platter"]},{"damage_healed":0.0,"max_hp_gain":0.0,"max_hp_loss":0.0,"gold_gain":30.0,"event_name":"Dead Adventurer","player_choice":"Searched \u00272\u0027 times","floor":10.0,"gold_loss":0.0,"damage_taken":0.0,"relics_obtained":["Blood Vial"]},{"damage_healed":0.0,"max_hp_gain":0.0,"max_hp_loss":0.0,"gold_gain":0.0,"cards_transformed":["ats:Strike S","ats:Defend"],"event_name":"Drug Dealer","player_choice":"Became Test Subject","floor":20.0,"gold_loss":0.0,"damage_taken":0.0,"cards_obtained":["ats:Encircling Forest","ats:Ignite"]},{"cards_removed":["ats:Strike C"],"damage_healed":0,"gold_gain":0,"player_choice":"Gave Gold","damage_taken":0,"max_hp_gain":0,"max_hp_loss":0,"event_name":"Beggar","floor":24,"gold_loss":75},{"damage_healed":0,"gold_gain":0,"player_choice":"Forge","damage_taken":0,"max_hp_gain":0,"max_hp_loss":0,"event_name":"Accursed Blacksmith","floor":46,"gold_loss":0,"cards_upgraded":["ats:Assault Order"]}],"is_beta":false,"boss_relics":[{"not_picked":["Tiny House","Fusion Hammer"],"picked":"SacredBark"},{"not_picked":["RedLine:ReiMu","Snecko Eye"],"picked":"SlaversCollar"}],"items_purged_floors":[22,39],"is_endless":false,"potions_floor_spawned":[1,7,13,14,16,30,33,36,37,38,45,48],"ascension_level":0}}