{"host":"rolltorest","time":1613082810,"event":{"mods":["BaseMod","Minty Spire (QoL Compilation)","Relic Stats","Slay the Relics Exporter","StSLib"],"gold_per_floor":[20,32,52,52,2,2,28,28,28,43,69,85,50,85,85,162,162,177,177,177,177,227,227,227],"floor_reached":23,"language":"ENG","playtime":538,"items_purged":[],"score":464,"play_id":"2da87003-0b01-4077-b8c2-df53915d78b9","local_time":"20210211143330","is_ascension_mode":true,"campfire_choices":[{"data":"Worship","floor":6,"key":"SMITH"},{"data":"TalkToTheHand","floor":8,"key":"SMITH"},{"data":"TalkToTheHand","floor":15,"key":"SMITH"}],"circlet_count":0,"master_deck":["AscendersBane","Defend_P","Defend_P","Defend_P","Eruption","Vigilance","Worship+1","Establishment","CutThroughFate","SandsOfTime","Tantrum","FlurryOfBlows","TalkToTheHand+1","Adaptation","ClearTheMind","TalkToTheHand+1","Ragnarok","WreathOfFlame+1","Consecrate+1","BowlingBash+1","EmptyFist","Decay"],"relics":["PureWater","Bottled Tornado","Unceasing Top","Nunchaku","Strawberry","Eternal Feather","Astrolabe"],"acts_visited":["Exordium","TheCity"],"potions_floor_usage":[11,12,12,14],"damage_taken":[{"damage":1,"enemies":"Cultist","floor":1,"turns":4},{"damage":18,"enemies":"Small Slimes","floor":2,"turns":6},{"damage":4,"enemies":"2 Louse","floor":3,"turns":3},{"damage":3,"enemies":"Gremlin Nob","floor":7,"turns":3},{"damage":4,"enemies":"Blue Slaver","floor":10,"turns":4},{"damage":0,"enemies":"Lagavulin","floor":11,"turns":5},{"damage":10,"enemies":"Gremlin Gang","floor":12,"turns":2},{"damage":22,"enemies":"3 Sentries","floor":14,"turns":4},{"damage":7,"enemies":"Hexaghost","floor":16,"turns":7},{"damage":41,"enemies":"Shell Parasite","floor":18,"turns":4},{"damage":0,"enemies":"Slavers","floor":23,"turns":1}],"seed_played":"7928260194447938665","potions_obtained":[{"floor":1,"key":"Weak Potion"},{"floor":7,"key":"ColorlessPotion"},{"floor":11,"key":"DuplicationPotion"},{"floor":12,"key":"Swift Potion"}],"is_trial":false,"path_per_floor":["M","M","M","T","$","R","E","R","T","M","E","M","?","E","R","B",null,"M","?","?","?","?","E"],"character_chosen":"WATCHER","items_purchased":["FlurryOfBlows"],"campfire_rested":0,"item_purchase_floors":[5],"current_hp_per_floor":[60,42,38,38,38,38,35,35,35,31,38,28,46,24,33,26,63,22,22,22,22,22,22,22],"gold":227,"neow_bonus":"TRANSFORM_TWO_CARDS","is_daily":false,"chose_seed":false,"campfire_upgraded":3,"win_rate":0.0,"timestamp":1613082810,"path_taken":["M","?","?","?","$","R","E","R","T","M","E","M","?","E","R","BOSS","M","?","?","?","?","E"],"items_purchased_type":["Card"],"build_version":"2020-12-18","purchased_purges":0,"victory":false,"max_hp_per_floor":[68,68,68,68,68,68,68,68,68,68,75,75,75,75,75,75,75,75,75,75,75,75,75,75],"relic_stats":{"Nunchaku":[6],"counters":[11,43],"Astrolabe":["WreathOfFlame","Consecrate","BowlingBash"],"Eternal Feather":9,"obtain_stats":[{"Nunchaku":9,"Strawberry":11,"Astrolabe":17,"Eternal Feather":14,"PureWater":0,"Bottled Tornado":4,"Unceasing Top":7},{"Nunchaku":4,"Strawberry":6,"Astrolabe":9,"Eternal Feather":8,"PureWater":0,"Bottled Tornado":3,"Unceasing Top":4},{"Nunchaku":16,"Strawberry":25,"Astrolabe":38,"Eternal Feather":31,"PureWater":0,"Bottled Tornado":13,"Unceasing Top":16}],"Unceasing Top":[0]},"card_choices":[{"not_picked":["Indignation","WheelKick"],"picked":"CutThroughFate","floor":1},{"not_picked":["FearNoEvil","Crescendo"],"picked":"SandsOfTime","floor":2},{"not_picked":["FlurryOfBlows","DeceiveReality"],"picked":"Tantrum","floor":3},{"not_picked":["SashWhip","CutThroughFate"],"picked":"TalkToTheHand","floor":7},{"not_picked":["FollowUp","ThirdEye"],"picked":"Adaptation","floor":10},{"not_picked":["Protect","Evaluate"],"picked":"ClearTheMind","floor":11},{"not_picked":["PathToVictory","Fasting2"],"picked":"TalkToTheHand","floor":12},{"not_picked":["Vengeance","EmptyBody","WreathOfFlame"],"picked":"SKIP","floor":14},{"not_picked":["ConjureBlade","Judgement"],"picked":"Ragnarok","floor":16},{"not_picked":["Collect","Vengeance"],"picked":"EmptyFist","floor":18}],"player_experience":1958980,"relics_obtained":[{"floor":4,"key":"Bottled Tornado"},{"floor":7,"key":"Unceasing Top"},{"floor":9,"key":"Nunchaku"},{"floor":11,"key":"Strawberry"},{"floor":14,"key":"Eternal Feather"}],"event_choices":[{"damage_healed":18,"gold_gain":0,"player_choice":"Healed","damage_taken":0,"max_hp_gain":0,"max_hp_loss":0,"event_name":"The Cleric","floor":13,"gold_loss":35},{"damage_healed":0,"gold_gain":0,"player_choice":"Ignored","damage_taken":0,"max_hp_gain":0,"max_hp_loss":0,"event_name":"Cursed Tome","floor":19,"gold_loss":0},{"damage_healed":0,"gold_gain":0,"player_choice":"Smashed Altar","damage_taken":0,"max_hp_gain":0,"max_hp_loss":0,"event_name":"Forgotten Altar","floor":20,"gold_loss":0,"cards_obtained":["Decay"]},{"damage_healed":0,"gold_gain":0,"player_choice":"Ignored","damage_taken":0,"max_hp_gain":0,"max_hp_loss":0,"event_name":"The Mausoleum","floor":21,"gold_loss":0},{"damage_healed":0,"gold_gain":50,"player_choice":"Stole From Cult","damage_taken":0,"max_hp_gain":0,"max_hp_loss":0,"event_name":"Nest","floor":22,"gold_loss":0}],"is_beta":true,"boss_relics":[{"not_picked":["Runic Pyramid","Sozu"],"picked":"Astrolabe"}],"items_purged_floors":[],"is_endless":false,"potions_floor_spawned":[1,7,11,12],"killed_by":"Slavers","ascension_level":20}}