{"host":"rolltorest","time":1613005029,"event":{"mods":["BaseMod","Minty Spire (QoL Compilation)","Relic Stats","Slay the Relics Exporter","StSLib"],"gold_per_floor":[12,12,26,26,50,84,84,117,117,151,151,172,172,196,196,286,286,300,225,61,61,3,3,41,72,72,72,93,93,93,12,12,105,105,130,144,366,1365,1389,1420,1420,1464,1464,1464,1464],"floor_reached":44,"language":"ENG","playtime":1222,"items_purged":[],"score":1025,"play_id":"351987bc-13c6-4b82-84a0-fb5b9cffe712","local_time":"20210210165709","is_ascension_mode":true,"campfire_choices":[{"data":"Darkness","floor":7,"key":"SMITH"},{"data":"Genetic Algorithm","floor":11,"key":"SMITH"},{"data":"Streamline","floor":13,"key":"SMITH"},{"data":"Doom and Gloom","floor":15,"key":"SMITH"},{"floor":23,"key":"REST"},{"floor":27,"key":"REST"},{"data":"Biased Cognition","floor":29,"key":"SMITH"},{"floor":32,"key":"REST"},{"floor":41,"key":"REST"}],"circlet_count":0,"master_deck":["AscendersBane","Defend_B+1","Defend_B+1","Defend_B+1","Defend_B+1","Zap","Dualcast","Echo Form","Streamline+1","Doom and Gloom+1","Go for the Eyes","Ball Lightning","Darkness+1","Steam","Genetic Algorithm+1","Hologram","Biased Cognition+1","Redo+1","Steam","Electrodynamics","Leap","Loop","Conserve Battery+1","Skim","Biased Cognition","Recycle","Genetic Algorithm+1"],"relics":["FrozenCore","Golden Idol","Bottled Tornado","WingedGreaves","Lizard Tail","Omamori","SlaversCollar","Bag of Preparation","Pen Nib","Red Mask","Eternal Feather","Shuriken","Pear"],"acts_visited":["Exordium","TheCity","TheBeyond"],"potions_floor_usage":[8,12,14,33,40],"damage_taken":[{"damage":1,"enemies":"Cultist","floor":1,"turns":4},{"damage":3,"enemies":"Small Slimes","floor":3,"turns":4},{"damage":2,"enemies":"2 Louse","floor":5,"turns":2},{"damage":15,"enemies":"Lagavulin","floor":6,"turns":7},{"damage":8,"enemies":"Gremlin Nob","floor":8,"turns":3},{"damage":10,"enemies":"Lagavulin","floor":10,"turns":5},{"damage":7,"enemies":"Exordium Wildlife","floor":12,"turns":5},{"damage":13,"enemies":"3 Louse","floor":14,"turns":3},{"damage":4,"enemies":"The Guardian","floor":16,"turns":9},{"damage":29,"enemies":"Shell Parasite","floor":18,"turns":6},{"damage":24,"enemies":"Slavers","floor":24,"turns":3},{"damage":3,"enemies":"Masked Bandits","floor":25,"turns":2},{"damage":1,"enemies":"Spheric Guardian","floor":28,"turns":4},{"damage":24,"enemies":"Automaton","floor":33,"turns":9},{"damage":0,"enemies":"3 Shapes","floor":35,"turns":3},{"damage":6,"enemies":"Orb Walker","floor":36,"turns":4},{"damage":2,"enemies":"Spire Growth","floor":39,"turns":8},{"damage":41,"enemies":"Giant Head","floor":40,"turns":7},{"damage":59,"enemies":"Reptomancer","floor":42,"turns":5},{"damage":38,"enemies":"Nemesis","floor":44,"turns":7}],"seed_played":"-173787511914169551","potions_obtained":[{"floor":3,"key":"Energy Potion"},{"floor":6,"key":"Swift Potion"},{"floor":10,"key":"Fire Potion"},{"floor":12,"key":"Ancient Potion"},{"floor":16,"key":"CultistPotion"},{"floor":24,"key":"Swift Potion"},{"floor":33,"key":"SkillPotion"},{"floor":36,"key":"Strength Potion"},{"floor":42,"key":"LiquidBronze"}],"is_trial":false,"path_per_floor":["M","?","M","?","M","E","R","E","T","E","R","M","R","M","R","B",null,"M","?","$","?","$","R","E","?","T","R","M","R","?","$","R","B",null,"M","M","?","?","M","E","R","E","T","E"],"character_chosen":"DEFECT","items_purchased":["Bag of Preparation","Leap","Skim"],"campfire_rested":4,"item_purchase_floors":[20,22,31],"current_hp_per_floor":[63,63,60,60,58,43,43,35,35,25,25,18,18,5,5,1,48,19,19,19,19,19,38,14,11,11,30,29,29,29,29,48,24,54,54,48,48,48,46,5,39,14,24,0,0],"gold":1464,"neow_bonus":"THREE_RARE_CARDS","is_daily":false,"chose_seed":false,"campfire_upgraded":5,"win_rate":0.0,"timestamp":1613005029,"path_taken":["M","?","M","?","?","E","R","E","T","E","R","M","R","M","R","BOSS","M","?","$","?","?","R","E","?","T","R","M","R","?","$","R","BOSS","M","M","?","?","M","E","R","E","T","E"],"items_purchased_type":["Relic","Card","Card"],"build_version":"2020-12-18","purchased_purges":0,"victory":false,"max_hp_per_floor":[71,64,64,64,64,64,64,64,64,64,64,64,64,64,64,64,64,64,64,64,64,64,64,64,64,64,64,64,64,64,64,64,64,64,64,64,64,64,64,64,64,64,74,74,74],"relic_stats":{"Lizard Tail":32,"counters":[20,100],"Golden Idol":124,"Shuriken":[0],"Eternal Feather":15,"Pen Nib":[4],"Bag of Preparation":[20],"obtain_stats":[{"Pear":43,"Golden Idol":2,"Eternal Feather":40,"Pen Nib":24,"Omamori":10,"Bag of Preparation":20,"Bottled Tornado":6,"FrozenCore":34,"SlaversCollar":17,"Lizard Tail":9,"Shuriken":42,"WingedGreaves":8,"Red Mask":25,"Cracked Core":0},{"Pear":19,"Golden Idol":1,"Eternal Feather":18,"Pen Nib":11,"Omamori":6,"Bag of Preparation":10,"Bottled Tornado":4,"FrozenCore":14,"SlaversCollar":9,"Lizard Tail":5,"Shuriken":19,"WingedGreaves":5,"Red Mask":12,"Cracked Core":0},{"Pear":93,"Golden Idol":4,"Eternal Feather":88,"Pen Nib":51,"Omamori":25,"Bag of Preparation":48,"Bottled Tornado":17,"FrozenCore":66,"SlaversCollar":42,"Lizard Tail":20,"Shuriken":93,"WingedGreaves":20,"Red Mask":53,"Cracked Core":0}],"FrozenCore":[12]},"card_choices":[{"not_picked":["Biased Cognition","Machine Learning"],"picked":"Echo Form","floor":0},{"not_picked":["Beam Cell","Hello World"],"picked":"Streamline","floor":1},{"not_picked":["Go for the Eyes","Cold Snap"],"picked":"Doom and Gloom","floor":3},{"not_picked":["Turbo","Hologram"],"picked":"Ball Lightning","floor":5},{"not_picked":["Stack","Machine Learning"],"picked":"Darkness","floor":6},{"not_picked":["Beam Cell","Rebound"],"picked":"Steam","floor":8},{"not_picked":["Turbo","Cold Snap"],"picked":"Genetic Algorithm","floor":10},{"not_picked":["Beam Cell","Barrage"],"picked":"Hologram","floor":12},{"not_picked":["Gash","Heatsinks","Hologram"],"picked":"SKIP","floor":14},{"not_picked":["Core Surge","Fission"],"picked":"Biased Cognition","floor":16},{"not_picked":["Scrape","Conserve Battery"],"picked":"Redo+1","floor":18},{"not_picked":["Hologram","Gash","Leap"],"picked":"SKIP","floor":24},{"not_picked":["Sweeping Beam","Go for the Eyes"],"picked":"Loop","floor":25},{"not_picked":["Go for the Eyes","Lockon"],"picked":"Conserve Battery+1","floor":28},{"not_picked":["Reboot","Meteor Strike"],"picked":"Biased Cognition","floor":33},{"not_picked":["Sweeping Beam","Leap","Steam"],"picked":"SKIP","floor":35},{"not_picked":["Melter","Redo"],"picked":"Recycle","floor":36},{"not_picked":["White Noise","Heatsinks"],"picked":"Genetic Algorithm+1","floor":39},{"not_picked":["Hologram","Rebound+1","Fusion"],"picked":"SKIP","floor":40},{"not_picked":["Electrodynamics","Stack","Barrage"],"picked":"SKIP","floor":42}],"player_experience":1940089,"relics_obtained":[{"floor":6,"key":"Bottled Tornado"},{"floor":8,"key":"WingedGreaves"},{"floor":9,"key":"Lizard Tail"},{"floor":10,"key":"Omamori"},{"floor":24,"key":"Pen Nib"},{"floor":25,"key":"Red Mask"},{"floor":40,"key":"Eternal Feather"},{"floor":42,"key":"Shuriken"},{"floor":43,"key":"Pear"}],"event_choices":[{"damage_healed":0,"gold_gain":0,"player_choice":"Lose Max HP","damage_taken":0,"relics_obtained":["Golden Idol"],"max_hp_gain":0,"max_hp_loss":7,"event_name":"Golden Idol","floor":2,"gold_loss":0},{"damage_healed":0,"gold_gain":0,"cards_transformed":["Strike_B"],"player_choice":"Transformed","damage_taken":0,"max_hp_gain":0,"max_hp_loss":0,"event_name":"Transmorgrifier","floor":4,"gold_loss":0,"cards_obtained":["Go for the Eyes"]},{"cards_removed":["Strike_B"],"damage_healed":0,"gold_gain":0,"player_choice":"Gave Gold","damage_taken":0,"max_hp_gain":0,"max_hp_loss":0,"event_name":"Beggar","floor":19,"gold_loss":75},{"damage_healed":0,"gold_gain":0,"cards_transformed":["Strike_B","Strike_B"],"player_choice":"Became Test Subject","damage_taken":0,"max_hp_gain":0,"max_hp_loss":0,"event_name":"Drug Dealer","floor":21,"gold_loss":0,"cards_obtained":["Steam","Electrodynamics"]},{"damage_healed":0,"gold_gain":0,"player_choice":"Fought Bandits","damage_taken":0,"max_hp_gain":0,"max_hp_loss":0,"event_name":"Masked Bandits","floor":25,"gold_loss":0},{"damage_healed":0,"gold_gain":0,"player_choice":"Simplicity","damage_taken":0,"max_hp_gain":0,"max_hp_loss":0,"event_name":"Back to Basics","floor":30,"gold_loss":0,"cards_upgraded":["Defend_B","Defend_B","Defend_B","Defend_B"]},{"damage_healed":0,"gold_gain":222,"player_choice":"Wore Mask","damage_taken":0,"max_hp_gain":0,"max_hp_loss":0,"event_name":"Tomb of Lord Red Mask","floor":37,"gold_loss":0},{"damage_healed":0,"gold_gain":999,"player_choice":"Gold","damage_taken":0,"max_hp_gain":0,"max_hp_loss":0,"event_name":"MindBloom","floor":38,"gold_loss":0,"cards_obtained":["Normality","Normality"]}],"is_beta":true,"boss_relics":[{"not_picked":["Empty Cage","Busted Crown"],"picked":"SlaversCollar"},{"not_picked":["SacredBark","Black Star"],"picked":"FrozenCore"}],"items_purged_floors":[],"is_endless":false,"potions_floor_spawned":[3,6,10,12,16,24,33,36,42],"killed_by":"Nemesis","ascension_level":20}}