{"host":"31srvgftwd43oumg","time":1613009910,"event":{"mods":["BaseMod","BetterRewards","Card Forge","Downfall","Hubris","Infinite Spire","Koishi","Luminous","Marisa????????","Minty Spire (QoL Compilation)","Remilia??????","Replay The Spire","Shop Mod","StSLib","The Bug Knight","The Cursed","The Death Knight","The Exalted","The Hierophant","The Mystic","The Necromancer"],"gold_per_floor":[118,130,130,140,153,181,199,231,231,231,244,272,272,272,272,376,376,390,390,268,278,278,304,304,336,336,336,354,379,379,412,412,508,608,619,119,133,133,149,149,183,183,183,183,183,183,183,203,203,203],"floor_reached":51,"language":"ENG","playtime":1703,"items_purged":[],"score":946,"play_id":"58fc1403-7ec1-4999-bd16-b889ae1976e2","local_time":"20210210201830","daily_mods":["SealedDeck","Heirloom","Elite Swarm"],"is_ascension_mode":false,"campfire_choices":[{"data":"Searing Blow","floor":10,"key":"SMITH"},{"data":"Searing Blow+1","floor":13,"key":"SMITH"},{"data":"Searing Blow+2","floor":15,"key":"SMITH"},{"data":"Searing Blow+3","floor":24,"key":"SMITH"},{"data":"Searing Blow+4","floor":27,"key":"SMITH"},{"data":"Searing Blow+5","floor":30,"key":"SMITH"},{"data":"Searing Blow+6","floor":32,"key":"SMITH"},{"data":"Searing Blow+8","floor":40,"key":"SMITH"},{"data":"Searing Blow+9","floor":42,"key":"SMITH"},{"data":"Searing Blow+10","floor":44,"key":"SMITH"},{"data":"Searing Blow+11","floor":49,"key":"SMITH"}],"circlet_count":0,"master_deck":["Headbutt+1","ReplayTheSpireMod:Stacked+1","Shockwave+1","Twin Strike+1","Iron Wave+1","Searing Blow+12","Shrug It Off+1","Pommel Strike+1","Thunderclap+1","Flex+1","Demon Form+1","Feed+1","Limit Break+1","Inflame+1","Offering+1"],"relics":["Burning Blood","Hammer of Thor","Seething Fire","Anvil of the Gods","Gambling Chip","Eternal Feather","Replay:PocketPolymizer","Darkstone Periapt","infinitespire:Golems Mask","Velvet Choker","Anchor","Blood Vial","HollowMod:StagPassRelic","Replay:Wax Seal","hubris:BottledRain","Replay:Wanted Poster","Slimebound:PreparedRelic","Shuriken","Mark of the Bloom","hubris:IronBody","Regal Pillow","Coffee Dripper","Brimstone"],"acts_visited":["Exordium","TheCity","TheBeyond"],"potions_floor_usage":[6,23,37,50,50],"damage_taken":[{"damage":0.0,"enemies":"Cultist","floor":1.0,"turns":3.0},{"damage":0.0,"enemies":"Jaw Worm","floor":2.0,"turns":3.0},{"damage":2,"enemies":"Small Slimes","floor":4,"turns":3},{"damage":5,"enemies":"3 Louse","floor":5,"turns":3},{"damage":22,"enemies":"Gremlin Nob","floor":6,"turns":4},{"damage":5,"enemies":"Looter","floor":7,"turns":2},{"damage":14,"enemies":"3 Sentries","floor":8,"turns":7},{"damage":0,"enemies":"Gremlin Gang","floor":11,"turns":1},{"damage":19,"enemies":"Gremlin Nob","floor":12,"turns":4},{"damage":16,"enemies":"Hexaghost","floor":16,"turns":7},{"damage":13,"enemies":"Chosen","floor":18,"turns":4},{"damage":7,"enemies":"Spheric Guardian","floor":21,"turns":4},{"damage":10,"enemies":"Replay:Snechameleon","floor":23,"turns":4},{"damage":17,"enemies":"HollowMod:Nosk","floor":25,"turns":3},{"damage":14,"enemies":"Snake Plant","floor":28,"turns":3},{"damage":7,"enemies":"Book of Stabbing","floor":29,"turns":5},{"damage":6,"enemies":"Replay:Snechameleon","floor":31,"turns":2},{"damage":37,"enemies":"Champ","floor":33,"turns":4},{"damage":0,"enemies":"Orb Walker","floor":35,"turns":1},{"damage":0,"enemies":"3 Darklings","floor":37,"turns":3},{"damage":6,"enemies":"Transient","floor":39,"turns":5},{"damage":32,"enemies":"Reptomancer","floor":41,"turns":3},{"damage":7,"enemies":"Writhing Mass","floor":48,"turns":2},{"damage":9,"enemies":"Donu and Deca","floor":50,"turns":4}],"seed_played":"76453599416593481","potions_obtained":[{"floor":1.0,"key":"LiquidBronze"},{"floor":2,"key":"Energy Potion"},{"floor":4,"key":"ColorlessPotion"},{"floor":6,"key":"DeathKnight:RimePotion"},{"floor":22,"key":"Dexterity Potion"},{"floor":28,"key":"Elixir"},{"floor":39,"key":"AttackPotion"}],"is_trial":true,"path_per_floor":["M","M","?","M","M","E","M","E","T","R","M","E","R","?","R","B",null,"M","?","$","M","?","E","R","E","T","R","M","E","R","E","R","B",null,"M","$","M","?","M","R","E","R","T","R","?","?","AVR","M","R","B",null],"character_chosen":"IRONCLAD","items_purchased":["Inflame","Adrenaline Potion","Slimebound:PreparedRelic","Shuriken"],"campfire_rested":0,"item_purchase_floors":[20,20,36,36],"current_hp_per_floor":[80,80,85,85,85,69,70,62,62,68,74,61,67,50,56,49,88,84,84,84,86,86,82,91,80,80,89,83,84,93,94,94,66,97,97,97,97,97,91,91,59,59,59,59,59,59,59,52,52,43],"gold":203,"neow_bonus":"","is_daily":false,"chose_seed":false,"campfire_upgraded":11,"win_rate":0.0,"timestamp":1613009910,"path_taken":["M","M","?","M","M","E","M","E","T","R","M","E","R","?","R","BOSS","M","?","$","M","?","E","R","E","T","R","?","E","R","E","R","BOSS","M","$","M","?","M","R","E","R","T","R","?","?","AVR","M","R","BOSS"],"items_purchased_type":["Card","Potion","Relic","Relic"],"build_version":"2020-12-22","purchased_purges":0,"victory":true,"max_hp_per_floor":[80,80,85,85,85,85,85,85,85,85,85,85,85,85,85,88,88,91,91,91,94,94,94,94,94,94,94,94,94,94,94,94,97,97,97,97,97,97,101,101,101,101,101,101,101,101,101,101,101,105],"card_choices":[{"not_picked":["Ghostly Armor","Perfected Strike","Wild Strike"],"picked":"SKIP","floor":1.0},{"not_picked":["Pommel Strike","Twin Strike"],"picked":"Flex","floor":2},{"not_picked":["True Grit","Reckless Charge","Uppercut"],"picked":"SKIP","floor":4},{"not_picked":["True Grit","Thunderclap","Ghostly Armor"],"picked":"SKIP","floor":5},{"not_picked":["Berserk","Exhume"],"picked":"Immolate","floor":6},{"not_picked":["Twin Strike","Abandon","Body Slam"],"picked":"SKIP","floor":7},{"not_picked":["Reaper","Double Tap"],"picked":"Demon Form","floor":8},{"not_picked":["Defy Death","Clash","Sever Soul"],"picked":"SKIP","floor":11},{"not_picked":["hubris:StunningStrike","Fiend Fire"],"picked":"Feed","floor":12},{"not_picked":["Berserk","Replay:Many Hands"],"picked":"Limit Break","floor":16},{"not_picked":["Replay:Undeath\u0027s Touch","Evolve+1","Ghostly Armor"],"picked":"SKIP","floor":18},{"not_picked":["Rage","Run Through+1","Armaments"],"picked":"SKIP","floor":21},{"not_picked":["Impervious","Exhume"],"picked":"Offering","floor":23},{"not_picked":["Double Tap","Eclipse","Immolate"],"picked":"SKIP","floor":25},{"not_picked":["Anger","ReplayTheSpireMod:Corrosion Curse","Run Through"],"picked":"SKIP","floor":28},{"not_picked":["Eclipse","Immolate","Brutality"],"picked":"SKIP","floor":29},{"not_picked":["Bludgeon","Feed","Replay:Many Hands"],"picked":"SKIP","floor":31},{"not_picked":["Cleave","ReplayTheSpireMod:Limb From Limb+1","ReplayReversal"],"picked":"SKIP","floor":35},{"not_picked":["Anger","ReplayTheSpireMod:Limb From Limb","Disarm+1"],"picked":"SKIP","floor":37},{"not_picked":["Life Link+1","Perfected Strike","Sword Boomerang"],"picked":"SKIP","floor":39},{"not_picked":["Demonic Infusion","Feed","Brutality"],"picked":"SKIP","floor":41},{"not_picked":["Pommel Strike","Rampage","Anger+1"],"picked":"SKIP","floor":48}],"player_experience":1017437,"relics_obtained":[{"floor":6,"key":"Eternal Feather"},{"floor":8,"key":"Replay:PocketPolymizer"},{"floor":9,"key":"Darkstone Periapt"},{"floor":12,"key":"infinitespire:Golems Mask"},{"floor":23,"key":"Anchor"},{"floor":25,"key":"Blood Vial"},{"floor":26,"key":"HollowMod:StagPassRelic"},{"floor":29,"key":"Replay:Wax Seal"},{"floor":31,"key":"hubris:BottledRain"},{"floor":41,"key":"hubris:IronBody"},{"floor":43,"key":"Regal Pillow"}],"event_choices":[{"damage_healed":0,"gold_gain":0,"player_choice":"Donut","damage_taken":0,"max_hp_gain":5,"max_hp_loss":0,"event_name":"Big Fish","floor":3,"gold_loss":0},{"damage_healed":0,"gold_gain":0,"player_choice":"Entered Light","damage_taken":17,"max_hp_gain":0,"max_hp_loss":0,"event_name":"Shining Light","floor":14,"gold_loss":0,"cards_upgraded":["ReplayTheSpireMod:Stacked","Shockwave"]},{"cards_removed":["Armaments"],"damage_healed":0,"gold_gain":0,"player_choice":"Elegance","damage_taken":0,"max_hp_gain":0,"max_hp_loss":0,"event_name":"Back to Basics","floor":19,"gold_loss":0},{"damage_healed":0,"gold_gain":0,"player_choice":"Got Potions","damage_taken":0,"max_hp_gain":0,"max_hp_loss":0,"event_name":"Lab","floor":22,"gold_loss":0},{"damage_healed":0,"gold_gain":0,"player_choice":"Upgrade","damage_taken":0,"relics_obtained":["Mark of the Bloom"],"max_hp_gain":0,"max_hp_loss":0,"event_name":"MindBloom","floor":38,"gold_loss":0,"cards_upgraded":["Headbutt","Twin Strike","Iron Wave","Searing Blow","Shrug It Off","Pommel Strike","Thunderclap","Flex","Immolate","Demon Form","Feed","Limit Break","Inflame","Offering"]},{"damage_healed":0,"gold_gain":0,"player_choice":"Ignored","damage_taken":0,"max_hp_gain":0,"max_hp_loss":0,"event_name":"Tomb of Lord Red Mask","floor":45,"gold_loss":0},{"cards_removed":["Immolate"],"damage_healed":0,"gold_gain":0,"player_choice":"Removed Attack","damage_taken":0,"max_hp_gain":0,"max_hp_loss":0,"event_name":"Falling","floor":46,"gold_loss":0}],"is_beta":false,"boss_relics":[{"not_picked":["Replay:Bronze Core","hubris:TerracottaHorce"],"picked":"Velvet Choker"},{"not_picked":["Black Blood","Kintsugi"],"picked":"Replay:Wanted Poster"}],"items_purged_floors":[],"is_endless":false,"potions_floor_spawned":[1,2,4,6,8,21,28,29,35,39],"ascension_level":0}}