{"host":"farxtl2u8hmkbdo2","time":1613085037,"event":{"mods":["A Magickal Journey","BaseMod","Better Altar","Better Note","Better Sensory Stone","Better Skull","Better Third Choice","Challenge The Spire","Colored Map","Colored Powertips","Current Relic Mod","Downfall","Energized Spire","Fox Events","Gremlin Mod","Hermit","Hubris","Mimic Mod","Minty Spire (QoL Compilation)","Quick Restart","READ ME - Guardian Mod","Rare Cards Sparkle","StSLib","The Bladedancer","The Bug Knight","The Cursed","The Disciple","The Hierophant","The Marked","The Necromancer","The Runesmith","Transform Curses"],"gold_per_floor":[99,110,124,137,156,156,181,181,212,225,236,261,261,290,307,406,406,306,320,338,338,353,386,411,431,457,471,487,487,487,520,534,631,631,631,650,2,12,27,53,77,94,94,128,178,189,203,221,239,239],"floor_reached":51,"language":"SPA","playtime":20671,"items_purged":[],"score":874,"play_id":"8be03f5b-d0ab-430f-865c-25456bee9873","local_time":"20210211201037","is_ascension_mode":false,"campfire_choices":[{"data":"bronze:Goto","floor":1.0,"key":"SMITH"},{"data":"bronze:Branch","floor":6.0,"key":"SMITH"},{"data":"bronze:Mutator","floor":13.0,"key":"SMITH"},{"data":"bronze:HardenedForm","floor":18.0,"key":"SMITH"},{"data":"bronze:BuggyMess","floor":29.0,"key":"SMITH"},{"data":"bronze:AlphaBuild","floor":35.0,"key":"SMITH"},{"floor":43,"key":"REST"}],"circlet_count":0,"master_deck":["bronze:Replicate","bronze:Goto+1","bronze:Repair","bronze:Flail","bronze:Philosophize","bronze:Branch+1","bronze:Break","bronze:Iterate","bronze:DelayedGuard","bronze:Mutator+1","bronze:ForceShield","bronze:BronzeOrb","bronze:HardenedForm+1","bronze:Mutator+1","bronze:ForLoop+1","bronze:ForLoop+1","bronze:BronzeOrb","bronze:Shield+1","champ:HeavySlash+1","bronze:BuggyMess+1","bronze:Turbo+1","bronze:FineTuning+1","bronze:Virus","bronze:ClassDefault","bronze:Allocate+1","Slimebound:CheckThePlaybook+1","bronze:RecursiveStrike","bronze:Shell+1","bronze:AlphaBuild","bronze:RecursiveStrike","bronze:Allocate+1","bronze:AlphaBuild+1","bronze:BronzeOrb","bronze:Frontload+1","bronze:CloningBeam","bronze:Turbo+1","bronze:Overload+1","bronze:MaxOutput","expansioncontent:QuickStudy+1","bronze:WildBeam","bronze:WhirlingStrike","bronze:BuggyMess+1","bronze:Boost+1","bronze:BuggyMess+1","bronze:Optimize+1","bronze:Invalidate+1","bronze:Overload+1","bronze:Deprecate+1","bronze:DelayedSlice","bronze:Repulsor+1","bronze:Overheat+1","bronze:Turbo+1"],"relics":["bronze:BronzeCore","hubris:TenFootPole","Ginger","Bronze Scales","Oddly Smooth Stone","Astrolabe","downfall:HeartBlessingGreen","Toxic Egg 2","Dream Catcher","Regal Pillow","bronze:ProtectiveGoggles","Pandora\u0027s Box","Toy Ornithopter","Ancient Tea Set","Juzu Bracelet","Happy Flower","hubris:FunFungus"],"acts_visited":["Exordium","TheCity","TheBeyond"],"potions_floor_usage":[40,40,45,45,45,50,50],"damage_taken":[{"damage":1.0,"enemies":"Cultist","floor":2.0,"turns":3.0},{"damage":2.0,"enemies":"2 Louse","floor":3.0,"turns":3.0},{"damage":1.0,"enemies":"Jaw Worm","floor":4.0,"turns":3.0},{"damage":12.0,"enemies":"Red Slaver","floor":5.0,"turns":3.0},{"damage":36.0,"enemies":"Gremlin Nob","floor":9.0,"turns":4.0},{"damage":0.0,"enemies":"Large Slime","floor":10.0,"turns":4.0},{"damage":0.0,"enemies":"3 Louse","floor":11.0,"turns":1.0},{"damage":26.0,"enemies":"Lagavulin","floor":12.0,"turns":5.0},{"damage":0.0,"enemies":"Gremlin Nob","floor":14.0,"turns":3.0},{"damage":0.0,"enemies":"Large Slime","floor":15.0,"turns":3.0},{"damage":23.0,"enemies":"IC_STATUS_ARCHETYPE","floor":16.0,"turns":7.0},{"damage":0.0,"enemies":"3 Byrds","floor":19.0,"turns":6.0},{"damage":9.0,"enemies":"Spheric Guardian","floor":20.0,"turns":5.0},{"damage":2.0,"enemies":"Shelled Parasite and Fungi","floor":22.0,"turns":4.0},{"damage":37.0,"enemies":"Gremlin Leader","floor":23.0,"turns":7.0},{"damage":5.0,"enemies":"Centurion and Healer","floor":25.0,"turns":7.0},{"damage":27.0,"enemies":"Slavers","floor":26.0,"turns":6.0},{"damage":14.0,"enemies":"Snecko","floor":27.0,"turns":5.0},{"damage":18.0,"enemies":"Shelled Parasite and Fungi","floor":28.0,"turns":4.0},{"damage":16.0,"enemies":"Gremlin Leader","floor":31.0,"turns":7.0},{"damage":2.0,"enemies":"Centurion and Healer","floor":32.0,"turns":3.0},{"damage":36.0,"enemies":"WA_ARCHETYPE_CALM","floor":33.0,"turns":9.0},{"damage":38.0,"enemies":"3 Darklings","floor":36.0,"turns":10.0},{"damage":10.0,"enemies":"downfall:FleeingMerchant","floor":37.0,"turns":4.0},{"damage":0.0,"enemies":"Orb Walker","floor":38.0,"turns":2.0},{"damage":21.0,"enemies":"Spire Growth","floor":39.0,"turns":5.0},{"damage":13,"enemies":"Giant Head","floor":40,"turns":5},{"damage":0,"enemies":"4 Shapes","floor":42,"turns":3},{"damage":3,"enemies":"Reptomancer","floor":44,"turns":4},{"damage":2,"enemies":"Reptomancer","floor":45,"turns":3},{"damage":10,"enemies":"Writhing Mass","floor":46,"turns":4},{"damage":7,"enemies":"Transient","floor":47,"turns":5},{"damage":10,"enemies":"3 Darklings","floor":48,"turns":5},{"damage":0,"enemies":"Writhing Mass","floor":49,"turns":4},{"damage":37,"enemies":"SI_POISON_ARCHETYPE","floor":50,"turns":10}],"seed_played":"-2629125817153236125","potions_obtained":[{"floor":2.0,"key":"DuplicationPotion"},{"floor":4.0,"key":"Swift Potion"},{"floor":11.0,"key":"AttackPotion"},{"floor":14.0,"key":"Regen Potion"},{"floor":15.0,"key":"Dexterity Potion"},{"floor":19.0,"key":"Regen Potion"},{"floor":27.0,"key":"sneckomod:MuddlingPotion"},{"floor":28.0,"key":"Guardian:BlockOnCardUsePotion"},{"floor":31.0,"key":"Ancient Potion"},{"floor":32.0,"key":"Dexterity Potion"},{"floor":39.0,"key":"bronze:BuildAFunctionPotion"},{"floor":40,"key":"hexamod:SoulburnPotion"},{"floor":44,"key":"Ancient Potion"},{"floor":47,"key":"bronze:BurnAndBuffPotion"},{"floor":48,"key":"SkillPotion"}],"is_trial":false,"path_per_floor":["R","M","M","M","M","R","T","?","E","M","M","E","R","E","M","B",null,"R","M","M","?","M","E","T","M","E","M","M","R","?","E","M","B",null,"R","M","$","M","M","E","T","M","R","E","?","M","M","M","M","B",null],"character_chosen":"THE_AUTOMATON","items_purchased":["Toy Ornithopter","bronze:Turbo+1","bronze:Overload+1","bronze:MaxOutput","expansioncontent:QuickStudy","Energy Potion","bronze:WildBeam","bronze:WhirlingStrike"],"campfire_rested":1,"item_purchase_floors":[37,37,37,37,37,37,37,37],"current_hp_per_floor":[77,76,77,76,71,71,71,71,35,42,42,23,23,30,30,14,77,77,77,68,68,73,40,40,42,76,62,51,51,51,49,54,53,70,70,32,29,29,13,10,10,10,46,43,56,70,63,54,62,57],"gold":239,"neow_bonus":"TEN_PERCENT_HP_BONUS","is_daily":false,"chose_seed":false,"campfire_upgraded":6,"win_rate":0.0,"timestamp":1613085037,"path_taken":["R","M","?","?","M","R","T","?","E","M","M","E","R","E","M","BOSS","R","M","M","?","M","E","T","M","E","M","M","R","?","E","M","BOSS","R","M","$","M","M","E","T","M","R","E","?","M","M","M","M","BOSS"],"items_purchased_type":["Relic","Card","Card","Card","Card","Potion","Card","Card"],"build_version":"2020-12-22","purchased_purges":0,"victory":true,"max_hp_per_floor":[77,77,77,77,77,77,77,77,77,77,77,77,77,77,77,77,77,77,77,77,77,77,77,77,77,77,77,77,77,70,70,70,70,70,70,70,70,70,70,70,70,70,70,70,70,70,70,70,70,70],"card_choices":[{"not_picked":["bronze:ChosenStrike","bronze:DarkDash"],"picked":"bronze:Repair","floor":2.0},{"not_picked":["bronze:BugBarrage","bronze:Deprecate"],"picked":"bronze:Flail","floor":3.0},{"not_picked":["bronze:BugBarrage","bronze:WhirlingStrike"],"picked":"bronze:Philosophize","floor":4.0},{"not_picked":["bronze:BugBarrage","bronze:BronzeOrb"],"picked":"bronze:Branch","floor":5.0},{"not_picked":["bronze:WildBeam","bronze:Overheat"],"picked":"bronze:Break","floor":9.0},{"not_picked":["bronze:BuggyMess","bronze:DigitalCarnage"],"picked":"bronze:Iterate","floor":10.0},{"not_picked":["bronze:WildBeam","bronze:Branch"],"picked":"bronze:DelayedGuard","floor":11.0},{"not_picked":["bronze:BronzeArmor","bronze:ClassDefault"],"picked":"bronze:Mutator","floor":12.0},{"not_picked":["bronze:Frontload","bronze:Branch"],"picked":"bronze:ForceShield","floor":14.0},{"not_picked":["bronze:FineTuning","bronze:WildBeam"],"picked":"bronze:BronzeOrb","floor":15.0},{"not_picked":["bronze:Virus","bronze:ThunderWave"],"picked":"bronze:HardenedForm","floor":16.0},{"not_picked":["bronze:DigitalCarnage","bronze:Invalidate"],"picked":"bronze:BronzeOrb","floor":19.0},{"not_picked":["bronze:BitShift","bronze:Backtrace"],"picked":"bronze:Shield+1","floor":20.0},{"not_picked":["bronze:Invalidate","bronze:Deprecate"],"picked":"bronze:BuggyMess","floor":22.0},{"not_picked":["bronze:BuggyMess+1","bronze:OilSpill"],"picked":"bronze:Turbo+1","floor":23.0},{"not_picked":["bronze:CutThrough","bronze:DarkDash"],"picked":"bronze:FineTuning+1","floor":25.0},{"not_picked":["bronze:WildBeam","bronze:DarkDash"],"picked":"bronze:Virus","floor":26.0},{"not_picked":["bronze:Shield+1","bronze:Invalidate+1"],"picked":"bronze:ClassDefault","floor":27.0},{"not_picked":["bronze:Optimize","bronze:CutThrough"],"picked":"bronze:Allocate+1","floor":28.0},{"not_picked":["bronze:ChosenStrike","bronze:Frontload+1"],"picked":"bronze:RecursiveStrike","floor":31.0},{"not_picked":["bronze:Repulsor","bronze:ItsAFeature"],"picked":"bronze:Shell+1","floor":32.0},{"not_picked":["bronze:RecursiveStrike","bronze:Virus"],"picked":"bronze:AlphaBuild","floor":33.0},{"not_picked":["bronze:Iterate","bronze:Shield+1"],"picked":"bronze:Frontload+1","floor":36.0},{"not_picked":["bronze:CutThrough","bronze:Repair+1"],"picked":"bronze:CloningBeam","floor":37.0},{"not_picked":["bronze:Shell+1","bronze:Optimize+1"],"picked":"bronze:BuggyMess+1","floor":38.0},{"not_picked":["bronze:BitShift+1","bronze:WildBeam+1"],"picked":"bronze:Boost+1","floor":39.0},{"not_picked":["bronze:RecursiveStrike","bronze:Optimize+1"],"picked":"bronze:BuggyMess+1","floor":40},{"not_picked":["bronze:Iterate","bronze:ForLoop+1"],"picked":"bronze:Optimize+1","floor":42},{"not_picked":["bronze:Frontload+1","bronze:FollowUp"],"picked":"bronze:Invalidate+1","floor":43},{"not_picked":["bronze:BuggyMess+1","bronze:Deprecate+1"],"picked":"bronze:Overload+1","floor":44},{"not_picked":["bronze:Repulsor","bronze:BuggyMess+1"],"picked":"bronze:Deprecate+1","floor":45},{"not_picked":["bronze:Frontload+1","bronze:DelayedGuard+1"],"picked":"bronze:DelayedSlice","floor":46},{"not_picked":["bronze:Invalidate+1","bronze:ClassDefault"],"picked":"bronze:Repulsor+1","floor":47},{"not_picked":["bronze:Repulsor","bronze:Safeguard+1"],"picked":"bronze:Overheat+1","floor":48},{"not_picked":["bronze:Frontload+1","bronze:Optimize"],"picked":"bronze:Turbo+1","floor":49}],"player_experience":2095263,"relics_obtained":[{"floor":7.0,"key":"hubris:TenFootPole"},{"floor":9.0,"key":"Ginger"},{"floor":12.0,"key":"Bronze Scales"},{"floor":14.0,"key":"Oddly Smooth Stone"},{"floor":23.0,"key":"Toxic Egg 2"},{"floor":24.0,"key":"Dream Catcher"},{"floor":26.0,"key":"Regal Pillow"},{"floor":31.0,"key":"bronze:ProtectiveGoggles"},{"floor":40,"key":"Ancient Tea Set"},{"floor":41,"key":"Juzu Bracelet"},{"floor":44,"key":"Happy Flower"},{"floor":45,"key":"hubris:FunFungus"}],"event_choices":[{"cards_removed":["bronze:Defend"],"damage_healed":0.0,"max_hp_gain":0.0,"max_hp_loss":0.0,"gold_gain":0.0,"event_name":"The Cleric","player_choice":"Card Removal","floor":8.0,"gold_loss":0.0,"damage_taken":0.0},{"cards_removed":["bronze:Mutator"],"damage_healed":0.0,"max_hp_gain":0.0,"max_hp_loss":0.0,"gold_gain":0.0,"event_name":"betterNote:BetterNote","player_choice":"Take \u0026 Give","floor":21.0,"gold_loss":0.0,"damage_taken":0.0,"cards_obtained":["champ:HeavySlash"]}],"is_beta":false,"boss_relics":[{"not_picked":["energizedSpire:SpiderWeb","energizedSpire:OgreHead"],"picked":"Astrolabe"},{"not_picked":["energizedSpire:RedRose","energizedSpire:DeadBattery"],"picked":"Pandora\u0027s Box"}],"items_purged_floors":[],"is_endless":false,"potions_floor_spawned":[2,4,11,12,14,15,19,20,27,28,31,32,38,39,40,44,47,48],"ascension_level":0}}