{"host":"jb40sdn36ct36hhv","time":1613021241,"event":{"mods":["Act Like it!","BaseMod","Better Third Choice","Downfall","Minty Spire (QoL Compilation)","StSLib"],"gold_per_floor":[99,118,268,97,97,97,121,151,51,69,81,111,129,147,158,263,263,163,173,193,211,211,240,266,166,166,166,180,212,212,243,255,355,355,355,372,385,385,485,502,502,502,376,395,411,423,423,452,465,465,465,492,13,13,13,13],"floor_reached":57,"language":"ENG","playtime":6184,"items_purged":["downfall:Icky","hexamod:Defend","hexamod:SixthSeal"],"score":1331,"play_id":"55409f45-872c-4ef3-9509-b11fb606f774","local_time":"20210210212721","is_ascension_mode":false,"campfire_choices":[{"data":"hexamod:ForkedFlame","floor":1.0,"key":"SMITH"},{"floor":9.0,"key":"RECALL"},{"data":"hexamod:Rewind","floor":18.0,"key":"SMITH"},{"data":"hexamod:ForkedFlame","floor":25.0,"key":"SMITH"},{"data":"hexamod:EmpoweredFlame","floor":30.0,"key":"SMITH"},{"data":"hexamod:HexaLevel","floor":35.0,"key":"SMITH"},{"data":"hexamod:HexaLevel","floor":42.0,"key":"SMITH"},{"data":"hexamod:VolcanoVisage","floor":47,"key":"SMITH"},{"floor":54,"key":"REST"}],"circlet_count":0,"master_deck":["hexamod:Strike+1","hexamod:Strike+1","hexamod:Defend+1","hexamod:Defend+1","hexamod:Sear+1","hexamod:Float+1","hexamod:ForkedFlame+1","hexamod:NecessarySacrifice+1","hexamod:Rewind+1","hexamod:VolcanoVisage+1","hexamod:FirstSeal","Die Die Die+1","hexamod:ForkedFlame+1","hexamod:Hexaguard+1","hexamod:GhostOfSpirePast+1","hexamod:ForkedFlame+1","hexamod:SpectralAdrenaline+1","hexamod:SpectralAdrenaline+1","hexamod:EmpoweredFlame+1","hexamod:Hexaguard+1","hexamod:HexaLevel+1","hexamod:SpectralAdrenaline+1","hexamod:HexaLevel+1","hexamod:ForkedFlame+1","hexamod:FastForward+1","hexamod:Hexaguard"],"relics":["hexamod:SpiritBrand","Boot","Bag of Preparation","Shuriken","downfall:HeartBlessingGreen","Art of War","expansioncontent:StudyCardRelic","downfall:HeartBlessingRed","Smiling Mask","Ancient Tea Set","downfall:HeartBlessingBlue","Whetstone","Vajra","SlaversCollar","Potion Belt","Frozen Egg 2","hexamod:InflammatoryLetter","DollysMirror","Lizard Tail","Kunai","InkBottle"],"acts_visited":["Exordium","TheCity","TheBeyond","TheEnding"],"potions_floor_usage":[43,43,46,50,50,50,56,56],"damage_taken":[{"damage":0.0,"enemies":"Jaw Worm","floor":2.0,"turns":2.0},{"damage":5.0,"enemies":"downfall:FleeingMerchant","floor":4.0,"turns":4.0},{"damage":3.0,"enemies":"Lagavulin","floor":8.0,"turns":6.0},{"damage":0.0,"enemies":"Small Slimes","floor":10.0,"turns":3.0},{"damage":0.0,"enemies":"Cultist","floor":11.0,"turns":2.0},{"damage":1.0,"enemies":"Gremlin Nob","floor":12.0,"turns":3.0},{"damage":0.0,"enemies":"Lots of Slimes","floor":13.0,"turns":3.0},{"damage":3.0,"enemies":"Gremlin Gang","floor":14.0,"turns":3.0},{"damage":0.0,"enemies":"3 Louse","floor":15.0,"turns":2.0},{"damage":13.0,"enemies":"IC_STATUS_ARCHETYPE","floor":16.0,"turns":6.0},{"damage":0.0,"enemies":"Shell Parasite","floor":19.0,"turns":2.0},{"damage":2.0,"enemies":"Shelled Parasite and Fungi","floor":20.0,"turns":2.0},{"damage":0.0,"enemies":"Centurion and Healer","floor":21.0,"turns":2.0},{"damage":0.0,"enemies":"Gremlin Leader","floor":23.0,"turns":3.0},{"damage":0.0,"enemies":"Cultist and Chosen","floor":28.0,"turns":2.0},{"damage":13.0,"enemies":"Book of Stabbing","floor":29.0,"turns":4.0},{"damage":0.0,"enemies":"Slavers","floor":31.0,"turns":2.0},{"damage":0.0,"enemies":"Snecko","floor":32.0,"turns":3.0},{"damage":3.0,"enemies":"SI_MIRROR_ARCHETYPE","floor":33.0,"turns":4.0},{"damage":20.0,"enemies":"3 Shapes","floor":36.0,"turns":3.0},{"damage":9.0,"enemies":"3 Darklings","floor":37.0,"turns":3.0},{"damage":3.0,"enemies":"downfall:LadyInBlue","floor":39.0,"turns":4.0},{"damage":2.0,"enemies":"Transient","floor":40.0,"turns":5.0},{"damage":0,"enemies":"downfall:FleeingMerchant","floor":43,"turns":4},{"damage":12,"enemies":"Maw","floor":44,"turns":4},{"damage":10,"enemies":"Writhing Mass","floor":45,"turns":3},{"damage":0,"enemies":"Transient","floor":46,"turns":5},{"damage":2,"enemies":"Nemesis","floor":48,"turns":3},{"damage":6,"enemies":"Jaw Worm Horde","floor":49,"turns":2},{"damage":42,"enemies":"WA_ARCHETYPE_DIVINITY","floor":50,"turns":5},{"damage":17,"enemies":"downfall:CharBossMerchant","floor":52,"turns":4},{"damage":0,"enemies":"downfall:NeowBoss","floor":55,"turns":8},{"damage":67,"enemies":"downfall:NeowBossFinal","floor":56,"turns":6}],"seed_played":"8317462610511495541","potions_obtained":[{"floor":2.0,"key":"FearPotion"},{"floor":11.0,"key":"sneckomod:MuddlingPotion"},{"floor":13.0,"key":"Energy Potion"},{"floor":20.0,"key":"SpeedPotion"},{"floor":28.0,"key":"Fruit Juice"},{"floor":36.0,"key":"SkillPotion"},{"floor":39.0,"key":"sneckomod:MuddlingPotion"},{"floor":39.0,"key":"SteroidPotion"},{"floor":39.0,"key":"Guardian:BlockOnCardUsePotion"},{"floor":44,"key":"hexamod:SoulburnPotion"},{"floor":45,"key":"ColorlessPotion"},{"floor":46,"key":"GamblersBrew"},{"floor":48,"key":"FearPotion"}],"is_trial":false,"path_per_floor":["R","M","?","$","?","?","T","E","R","M","M","E","M","M","M","B",null,"R","M","M","M","?","E","T","R","?","?","M","E","R","E","M","B",null,"R","M","M","?","?","M","T","R","$","M","M","M","R","E","M","B",null,"E","$","R","B","B",null],"character_chosen":"THE_SPIRIT","items_purchased":["hexamod:FirstSeal","hexamod:InflammatoryLetter","DollysMirror","InkBottle","hexamod:Hexaguard","LiquidMemories","SteroidPotion"],"campfire_rested":1,"item_purchase_floors":[4,43,43,53,53,53,53],"current_hp_per_floor":[49,49,49,44,35,35,35,39,39,46,53,59,59,56,63,50,70,70,70,68,70,70,70,70,80,80,80,80,74,74,80,80,77,80,80,72,70,70,74,79,79,79,79,74,71,78,78,83,77,42,85,75,75,85,85,18],"gold":13,"neow_bonus":"TRANSFORM_TWO_CARDS","is_daily":false,"chose_seed":false,"campfire_upgraded":7,"win_rate":0.0,"timestamp":1613021241,"path_taken":["R","M","?","$","?","?","T","E","R","M","M","E","?","?","M","BOSS","R","M","M","?","?","E","T","R","?","?","M","E","R","E","M","BOSS","R","M","M","?","?","?","T","R","$","M","M","?","R","E","M","BOSS","E","$","R","BOSS","BOSS"],"items_purchased_type":["Card","Relic","Relic","Relic","Card","Potion","Potion"],"build_version":"2020-12-22","purchased_purges":3,"victory":true,"max_hp_per_floor":[70,70,70,70,70,70,70,70,70,70,70,70,70,70,70,70,70,70,70,70,70,70,70,70,80,80,80,80,80,80,80,80,80,80,80,85,85,85,85,85,85,85,85,85,85,85,85,85,85,85,85,85,85,85,85,85],"card_choices":[{"not_picked":["hexamod:HeatMetal","hexamod:NightmareStrike"],"picked":"hexamod:Rewind","floor":2.0},{"not_picked":["hexamod:Incineration","hexamod:GhostLash"],"picked":"hexamod:VolcanoVisage","floor":4.0},{"not_picked":["hexamod:NightmareStrike","hexamod:FastForward","hexamod:FirstSeal"],"picked":"SKIP","floor":8.0},{"not_picked":["hexamod:RetreatToShadows","hexamod:SwordOfDarkness","hexamod:SpectersWail"],"picked":"SKIP","floor":10.0},{"not_picked":["hexamod:SwordOfDarkness","hexamod:ExtraCrispy"],"picked":"hexamod:Hexaguard","floor":11.0},{"not_picked":["hexamod:HauntingEcho","hexamod:FlamesFromBeyond","hexamod:FirstSeal"],"picked":"SKIP","floor":12.0},{"not_picked":["hexamod:NecessarySacrifice","hexamod:ThermalTransfer","hexamod:NightmareStrike"],"picked":"SKIP","floor":13.0},{"not_picked":["hexamod:SuperheatedStrike","hexamod:RainOfEmbers","hexamod:NecessarySacrifice"],"picked":"SKIP","floor":14.0},{"not_picked":["hexamod:CatchUp","hexamod:Toasty"],"picked":"hexamod:GhostOfSpirePast","floor":15.0},{"not_picked":["hexamod:UnlimitedPower","hexamod:GhostflameInferno"],"picked":"hexamod:ForkedFlame","floor":16.0},{"not_picked":["hexamod:AdvancingGuard","hexamod:Haunt"],"picked":"hexamod:SpectralAdrenaline+1","floor":19.0},{"not_picked":["hexamod:FastForward","hexamod:HeatShield+1","hexamod:NecessarySacrifice"],"picked":"SKIP","floor":20.0},{"not_picked":["hexamod:ChargedBarrage","hexamod:NightmareStrike+1","hexamod:SkipABeat"],"picked":"SKIP","floor":21.0},{"not_picked":["hexamod:SwordOfDarkness","hexamod:FastForward"],"picked":"hexamod:SpectralAdrenaline+1","floor":23.0},{"not_picked":["hexamod:BurningTouch+1","hexamod:GhostOfSpireFuture","hexamod:NightmareStrike+1"],"picked":"SKIP","floor":28.0},{"not_picked":["hexamod:BurningTouch","hexamod:NecessarySacrifice+1"],"picked":"hexamod:Hexaguard","floor":29.0},{"not_picked":["hexamod:ParanormalForm","hexamod:Firestarter"],"picked":"hexamod:HexaLevel","floor":31.0},{"not_picked":["hexamod:Firestarter","hexamod:ExtraCrispy","hexamod:SuperheatedStrike"],"picked":"SKIP","floor":32.0},{"not_picked":["hexamod:WildfireWeapon","hexamod:ApocalypseNow"],"picked":"hexamod:SixthSeal","floor":33.0},{"not_picked":["hexamod:BacktrackSmack","hexamod:ThermalTransfer+1","hexamod:NightmareGuise+1"],"picked":"SKIP","floor":36.0},{"not_picked":["hexamod:GhostLash+1","hexamod:ThermalTransfer+1","hexamod:PhantomFireball+1"],"picked":"SKIP","floor":37.0},{"not_picked":["hexamod:Hexaguard+1","hexamod:ThermalTransfer+1"],"picked":"hexamod:SpectralAdrenaline+1","floor":39.0},{"not_picked":["hexamod:SpectersWail","hexamod:HeatMetal+1"],"picked":"hexamod:HexaLevel","floor":40.0},{"not_picked":["hexamod:SpectralAdrenaline+1","hexamod:BacktrackSmack","hexamod:BurningTouch"],"picked":"SKIP","floor":43},{"not_picked":["hexamod:HauntingEcho+1","hexamod:ChargedBarrage","hexamod:PhantomFireball+1"],"picked":"SKIP","floor":44},{"not_picked":["hexamod:BurningTouch","hexamod:ThermalTransfer+1","hexamod:ThirdSeal"],"picked":"SKIP","floor":45},{"not_picked":["hexamod:BurningTouch+1","hexamod:ShieldOfDarkness","hexamod:HeatShield"],"picked":"SKIP","floor":46},{"not_picked":["hexamod:ExtraCrispy+1","hexamod:HeatMetal","hexamod:GhostLash+1"],"picked":"SKIP","floor":48},{"not_picked":["hexamod:SpectersWail","hexamod:FastForward","hexamod:HeatMetal"],"picked":"SKIP","floor":49},{"not_picked":["hexamod:SpectersWail","hexamod:HeatMetal"],"picked":"hexamod:FastForward","floor":49},{"not_picked":["hexamod:FastForward","hexamod:Firestarter+1","hexamod:SixthSeal"],"picked":"SKIP","floor":52}],"player_experience":1042982,"relics_obtained":[{"floor":7.0,"key":"Bag of Preparation"},{"floor":8.0,"key":"Shuriken"},{"floor":12.0,"key":"Art of War"},{"floor":23.0,"key":"Ancient Tea Set"},{"floor":29.0,"key":"Whetstone"},{"floor":31.0,"key":"Vajra"},{"floor":39.0,"key":"Potion Belt"},{"floor":41.0,"key":"Frozen Egg 2"},{"floor":48,"key":"Lizard Tail"},{"floor":52,"key":"Kunai"}],"event_choices":[{"damage_healed":0.0,"max_hp_gain":0.0,"max_hp_loss":0.0,"gold_gain":0.0,"event_name":"The Library","player_choice":"Read","floor":26.0,"gold_loss":0.0,"damage_taken":0.0,"cards_obtained":["hexamod:EmpoweredFlame"]}],"is_beta":false,"boss_relics":[{"not_picked":["Cursed Key","bronze:MakeshiftBattery"],"picked":"expansioncontent:StudyCardRelic"},{"not_picked":["Velvet Choker","Black Star"],"picked":"SlaversCollar"}],"items_purged_floors":[4,43,53],"is_endless":false,"potions_floor_spawned":[2,11,13,16,20,21,23,28,36,44,45,46,48],"ascension_level":0}}