{"host":"2kfsro7skzomnm41","time":1613004923,"event":{"mods":["AchievementEnabler","BaseMod","Googly Eyes","Highlight Path","Minty Spire (QoL Compilation)","StSLib"],"gold_per_floor":[111,126,106,120,4,4,14,14,37,53,65,81,109,126,126,197,197,208,208,208,233,5,38,56,76,76,103,103,131,151,186,186,259,259,277,293,293,311,311,311,336,17,17,17,36,61,86,162,162,162,162,162,0,34,34,34],"floor_reached":55,"language":"ENG","playtime":3829,"items_purged":["Strike_R","Battle Trance","Heavy Blade"],"score":1612,"play_id":"f2cc8fb3-5d8f-44b8-861e-7ab6e0233de1","local_time":"20210210195523","is_ascension_mode":true,"campfire_choices":[{"data":"Corruption","floor":6.0,"key":"SMITH"},{"data":"Feel No Pain","floor":8.0,"key":"SMITH"},{"data":"Dark Embrace","floor":15.0,"key":"SMITH"},{"floor":32.0,"key":"REST"},{"floor":40.0,"key":"RECALL"},{"floor":44.0,"key":"REST"},{"floor":49.0,"key":"REST"},{"floor":52.0,"key":"REST"}],"circlet_count":0,"master_deck":["AscendersBane","Bash+1","Corruption+1","Pummel","Havoc","Flame Barrier","Feel No Pain+1","Dual Wield","Pommel Strike","Spot Weakness","Dark Embrace+1","Demon Form","Shrug It Off","Necronomicurse","Shockwave","Flash of Steel","Feel No Pain","Battle Trance","Seeing Red","Bludgeon","Burning Pact","Reaper","Warcry","Metallicize","Dropkick","Armaments","Seeing Red","Body Slam","Disarm+1","Purity","Dark Shackles","Secret Weapon","Shrug It Off+1","Seeing Red","Exhume","Evolve","Second Wind"],"relics":["Burning Blood","Whetstone","Red Skull","Fusion Hammer","Necronomicon","Red Mask","Bag of Marbles","Gambling Chip","Anchor","Question Card","Letter Opener","Pandora\u0027s Box","The Courier","Bag of Preparation","Pen Nib","TungstenRod","Mango","Eternal Feather","Mercury Hourglass"],"acts_visited":["Exordium","TheCity","TheBeyond","TheEnding"],"potions_floor_usage":[55,55],"damage_taken":[{"damage":9.0,"enemies":"Small Slimes","floor":1.0,"turns":4.0},{"damage":1.0,"enemies":"Cultist","floor":2.0,"turns":4.0},{"damage":3.0,"enemies":"2 Louse","floor":4.0,"turns":3.0},{"damage":7.0,"enemies":"Blue Slaver","floor":7.0,"turns":4.0},{"damage":10.0,"enemies":"2 Fungi Beasts","floor":10.0,"turns":4.0},{"damage":6.0,"enemies":"3 Louse","floor":11.0,"turns":5.0},{"damage":11.0,"enemies":"Red Slaver","floor":12.0,"turns":4.0},{"damage":32.0,"enemies":"Gremlin Nob","floor":13.0,"turns":4.0},{"damage":0.0,"enemies":"Large Slime","floor":14.0,"turns":3.0},{"damage":0.0,"enemies":"Slime Boss","floor":16.0,"turns":3.0},{"damage":4.0,"enemies":"Shell Parasite","floor":18.0,"turns":4.0},{"damage":13.0,"enemies":"Masked Bandits","floor":21.0,"turns":4.0},{"damage":30.0,"enemies":"Gremlin Leader","floor":23.0,"turns":5.0},{"damage":0.0,"enemies":"Chosen","floor":24.0,"turns":3.0},{"damage":0.0,"enemies":"Sentry and Sphere","floor":25.0,"turns":1.0},{"damage":10.0,"enemies":"Slavers","floor":27.0,"turns":6.0},{"damage":0.0,"enemies":"Gremlin Leader","floor":29.0,"turns":5.0},{"damage":0.0,"enemies":"Snake Plant","floor":30.0,"turns":1.0},{"damage":0.0,"enemies":"Book of Stabbing","floor":31.0,"turns":2.0},{"damage":29.0,"enemies":"Collector","floor":33.0,"turns":5.0},{"damage":10.0,"enemies":"3 Darklings","floor":35.0,"turns":3.0},{"damage":0.0,"enemies":"Orb Walker","floor":36.0,"turns":2.0},{"damage":3.0,"enemies":"4 Shapes","floor":38.0,"turns":7.0},{"damage":2.0,"enemies":"Nemesis","floor":41.0,"turns":3.0},{"damage":0.0,"enemies":"Transient","floor":45.0,"turns":5.0},{"damage":23.0,"enemies":"Reptomancer","floor":46.0,"turns":3.0},{"damage":21.0,"enemies":"Mind Bloom Boss Battle","floor":47.0,"turns":8.0},{"damage":78.0,"enemies":"Awakened One","floor":50.0,"turns":7.0},{"damage":13.0,"enemies":"Shield and Spear","floor":54.0,"turns":5.0},{"damage":92,"enemies":"The Heart","floor":55,"turns":5}],"seed_played":"-5022604338881706090","potions_obtained":[{"floor":2.0,"key":"DistilledChaos"},{"floor":3.0,"key":"SpeedPotion"},{"floor":4.0,"key":"EssenceOfSteel"},{"floor":10.0,"key":"LiquidMemories"},{"floor":11.0,"key":"BlessingOfTheForge"},{"floor":14.0,"key":"CultistPotion"},{"floor":16.0,"key":"Block Potion"},{"floor":23.0,"key":"SteroidPotion"},{"floor":25.0,"key":"PowerPotion"},{"floor":29.0,"key":"Weak Potion"},{"floor":30.0,"key":"BlessingOfTheForge"},{"floor":33.0,"key":"SpeedPotion"},{"floor":46.0,"key":"ElixirPotion"}],"is_trial":false,"path_per_floor":["M","M","?","M","$","R","M","R","T","M","M","M","E","M","R","B",null,"M","?","?","?","$","E","M","M","T","E","?","E","M","E","R","B",null,"M","M","?","M","?","R","E","$","T","R","M","E","?","T","R","B",null,"R","$","E","B"],"character_chosen":"IRONCLAD","items_purchased":["Flame Barrier","Feel No Pain","Flash of Steel","Feel No Pain","Bag of Preparation","Pen Nib","Evolve"],"campfire_rested":4,"item_purchase_floors":[5,5,22,22,42,42,53],"current_hp_per_floor":[47,52,52,55,55,55,54,54,54,50,50,45,19,25,25,31,64,66,66,45,38,38,14,20,26,26,22,16,22,28,34,56,33,65,75,75,65,75,75,75,75,75,75,75,75,58,79,79,89,45,78,89,89,89,0,0],"gold":34,"neow_bonus":"THREE_RARE_CARDS","is_daily":false,"chose_seed":false,"campfire_upgraded":3,"win_rate":0.0,"timestamp":1613004923,"path_taken":["M","M","?","M","$","R","?","R","T","M","M","M","E","M","R","BOSS","M","?","?","?","$","E","M","M","T","E","?","E","?","E","R","BOSS","M","M","?","M","?","R","E","?","T","R","M","E","?","?","R","BOSS","R","$","E","BOSS"],"items_purchased_type":["Card","Card","Card","Card","Relic","Relic","Card"],"build_version":"2020-12-22","purchased_purges":3,"victory":false,"max_hp_per_floor":[75,75,75,75,75,75,75,75,75,75,75,75,75,75,75,75,75,75,75,75,75,75,75,75,75,75,75,75,75,75,75,75,75,75,75,75,75,75,75,75,75,75,75,75,75,75,89,89,89,89,89,89,89,89,89,89],"card_choices":[{"not_picked":["Fiend Fire","Berserk"],"picked":"Corruption","floor":0.0},{"not_picked":["Headbutt","Pommel Strike"],"picked":"Pummel","floor":1.0},{"not_picked":["Headbutt","Anger","Iron Wave"],"picked":"SKIP","floor":2.0},{"not_picked":["Body Slam","Anger"],"picked":"Havoc","floor":4.0},{"not_picked":["Warcry","Wild Strike","Headbutt"],"picked":"SKIP","floor":7.0},{"not_picked":["Infernal Blade","Iron Wave"],"picked":"Dual Wield","floor":10.0},{"not_picked":["Exhume","Perfected Strike"],"picked":"Pommel Strike","floor":11.0},{"not_picked":["Evolve","Anger"],"picked":"Spot Weakness","floor":12.0},{"not_picked":["Twin Strike","Combust"],"picked":"Sword Boomerang","floor":13.0},{"not_picked":["True Grit","Second Wind"],"picked":"Dark Embrace","floor":14.0},{"not_picked":["Bludgeon","Impervious"],"picked":"Demon Form","floor":16.0},{"not_picked":["Body Slam","Clash"],"picked":"Shrug It Off","floor":18.0},{"not_picked":["Headbutt","Ghostly Armor"],"picked":"Shockwave","floor":21.0},{"not_picked":["Armaments","Berserk","Flex"],"picked":"SKIP","floor":23.0},{"not_picked":["Inflame","Warcry"],"picked":"Battle Trance","floor":24.0},{"not_picked":["Clash","Perfected Strike"],"picked":"Seeing Red","floor":25.0},{"not_picked":["Sword Boomerang","Flex","Clash"],"picked":"SKIP","floor":27.0},{"not_picked":["Twin Strike+1","Power Through"],"picked":"Bludgeon","floor":29.0},{"not_picked":["Twin Strike","Evolve","Shockwave"],"picked":"Burning Pact","floor":30.0},{"not_picked":["True Grit","Twin Strike","Anger","Havoc"],"picked":"SKIP","floor":31.0},{"not_picked":["Double Tap","Limit Break","Bludgeon"],"picked":"Reaper","floor":33.0},{"not_picked":["Clothesline","Second Wind","Entrench","Perfected Strike"],"picked":"SKIP","floor":35.0},{"not_picked":["Seeing Red","Headbutt+1","Armaments"],"picked":"Disarm+1","floor":36.0},{"not_picked":["Secret Weapon","Metamorphosis","Good Instincts"],"picked":"Purity","floor":37.0},{"not_picked":["Secret Technique","Enlightenment","Thinking Ahead"],"picked":"Dark Shackles","floor":37.0},{"not_picked":["Magnetism","Thinking Ahead","PanicButton"],"picked":"Secret Weapon","floor":37.0},{"not_picked":["Wild Strike","Thunderclap+1","Body Slam+1","Hemokinesis"],"picked":"SKIP","floor":38.0},{"not_picked":["Perfected Strike","Combust","Demon Form"],"picked":"Shrug It Off+1","floor":41.0},{"not_picked":["Heavy Blade","Feel No Pain+1","Headbutt"],"picked":"Seeing Red","floor":45.0},{"not_picked":["Clash+1","Dark Embrace","Clothesline"],"picked":"Exhume","floor":46.0},{"not_picked":["Twin Strike+1","Flame Barrier","True Grit"],"picked":"Second Wind","floor":54.0}],"player_experience":305039,"relics_obtained":[{"floor":9.0,"key":"Whetstone"},{"floor":13.0,"key":"Red Skull"},{"floor":20.0,"key":"Necronomicon"},{"floor":21.0,"key":"Red Mask"},{"floor":23.0,"key":"Bag of Marbles"},{"floor":26.0,"key":"Gambling Chip"},{"floor":27.0,"key":"Anchor"},{"floor":29.0,"key":"Question Card"},{"floor":31.0,"key":"Letter Opener"},{"floor":41.0,"key":"The Courier"},{"floor":46.0,"key":"TungstenRod"},{"floor":47.0,"key":"Mango"},{"floor":48.0,"key":"Eternal Feather"},{"floor":54.0,"key":"Mercury Hourglass"}],"event_choices":[{"damage_healed":0.0,"max_hp_gain":0.0,"max_hp_loss":0.0,"gold_gain":0.0,"event_name":"The Woman in Blue","player_choice":"Bought 1 Potion","floor":3.0,"gold_loss":0.0,"damage_taken":0.0},{"damage_healed":0.0,"max_hp_gain":0.0,"max_hp_loss":0.0,"gold_gain":0.0,"event_name":"The Mausoleum","player_choice":"Ignored","floor":19.0,"gold_loss":0.0,"damage_taken":0.0},{"damage_healed":0.0,"max_hp_gain":0.0,"max_hp_loss":0.0,"gold_gain":0.0,"event_name":"Cursed Tome","player_choice":"Obtained Book","floor":20.0,"gold_loss":0.0,"damage_taken":21.0},{"damage_healed":0.0,"max_hp_gain":0.0,"max_hp_loss":0.0,"gold_gain":0.0,"event_name":"Masked Bandits","player_choice":"Fought Bandits","floor":21.0,"gold_loss":0.0,"damage_taken":0.0},{"damage_healed":0.0,"max_hp_gain":0.0,"max_hp_loss":0.0,"gold_gain":0.0,"event_name":"Knowing Skull","player_choice":"","floor":28.0,"potions_obtained":[],"gold_loss":0.0,"damage_taken":6.0,"cards_obtained":[]},{"damage_healed":0.0,"max_hp_gain":0.0,"max_hp_loss":0.0,"gold_gain":0.0,"event_name":"SensoryStone","player_choice":"Memory 3","floor":37.0,"gold_loss":0.0,"damage_taken":10.0},{"cards_removed":["Sword Boomerang"],"damage_healed":0.0,"max_hp_gain":0.0,"max_hp_loss":0.0,"gold_gain":0.0,"event_name":"Falling","player_choice":"Removed Attack","floor":39.0,"gold_loss":0.0,"damage_taken":0.0},{"damage_healed":0.0,"max_hp_gain":0.0,"max_hp_loss":0.0,"gold_gain":0.0,"event_name":"MindBloom","player_choice":"Fight","floor":47.0,"gold_loss":0.0,"damage_taken":0.0}],"is_beta":false,"boss_relics":[{"not_picked":["Mark of Pain","Black Star"],"picked":"Fusion Hammer"},{"not_picked":["Busted Crown","Philosopher\u0027s Stone"],"picked":"Pandora\u0027s Box"}],"items_purged_floors":[22,42,53],"is_endless":false,"potions_floor_spawned":[2,4,10,11,14,16,23,25,29,30,33,46,54],"killed_by":"The Heart","ascension_level":15}}