{"host":"bp6b47iftb3mluh0","time":1613078875,"event":{"mods":["100% Spire Juice","Act Like it!","Alarm Clock","Aspiration","Astrologer","BaseMod","Bestiary","Better Third Choice","Better Vampires","Challenge The Spire","Colored Powertips","Conspire","Curses Come First","Dota2Spire","Downfall","Friendly Minions","Gensokyo","Hallownest","Hermit","Kiyohime£®«Âºß£©","Lobotomy","LobotomyExtend","Marisa£®ÏF”Í°°ƒß¿Ì…≥£©","Marked Mod","Minty Spire (QoL Compilation)","Quick Restart","Rare Cards Sparkle","Red Circlet Mod","Relic Filter Mod","Relic Stats","Remilia£®¿Ÿ√◊¿Ú—«£©","Replay The Spire","Reworked Bosses","Ryuuou¡˙Õı","Shop Mod","Spicy Shops","StSLib","The Bug Knight","The Invoker Mod","Uncapped","Waifu the Spire","Youmu£®ªÍ∆«—˝√Œ£©","°æ“≈ŒÔø®≈∆°øREMEMod","≤–¡Ù÷ÆŒÔ"],"gold_per_floor":[111,143,143,68,85,85,85,85,85,85,85,85,85,96,96,193,193,208,208,15,15,34,34,34,34,34,64,97,0,0,0,0,0,0],"floor_reached":33,"language":"ZHS","playtime":759,"items_purged":["Strike_P"],"score":390,"play_id":"7627def8-122b-46d9-bb69-e85eb6f898d6","local_time":"20210212052755","daily_mods":["Heirloom","Time Dilation","Flight"],"is_ascension_mode":false,"campfire_choices":[{"data":"Replay:Battleflow","floor":6.0,"key":"SMITH"},{"data":"Eruption","floor":7.0,"key":"SMITH"},{"data":"Blasphemy","floor":8.0,"key":"SMITH"},{"data":"Vigilance","floor":10.0,"key":"SMITH"},{"data":"Sneak Up","floor":13.0,"key":"SMITH"},{"data":"Ragnarok","floor":15.0,"key":"SMITH"},{"data":"Phantasmal Killer","floor":23.0,"key":"SMITH"},{"data":"ConjureBlade","floor":24.0,"key":"SMITH"},{"data":"ReplayTheSpireMod:Tripwire","floor":25.0,"key":"SMITH"},{"data":"Poisoned Stab","floor":30,"key":"SMITH"},{"floor":32,"key":"DIG"}],"circlet_count":0,"master_deck":["Defend_P+1","Eruption+1","Vigilance+1","Blasphemy+1","Replay:Battleflow+1","Dagger Throw","Sneak Up+1","Flying Knee","Ragnarok+1","ConjureBlade+1","Phantasmal Killer+1","ReplayTheSpireMod:Tripwire+1","Poisoned Stab+1","Gensokyo:MysteriousEgg","Dash"],"relics":["PureWater","REME_ComplimentaryCards","Dead Branch","LetterFromLob","REME_IWantAll","Happy Flower","HornCleat","Blue Candle","Sozu","conspire:DeflatedDodgeball","Dota2Spire:MonkeyKingBar","Dota2Spire:ArcaneBoots","Ginger","Ancient Tea Set","champ:DeflectingBracers"],"acts_visited":["Gensokyo:Gensokyo","Gensokyo:Gensokyoer"],"potions_floor_usage":[],"damage_taken":[{"damage":0.0,"enemies":"Gensokyo:Python","floor":1.0,"turns":2.0},{"damage":0.0,"enemies":"conspire:MimicChest","floor":2.0,"turns":2.0},{"damage":3.0,"enemies":"Gensokyo:3_Fairies","floor":5.0,"turns":4.0},{"damage":7.0,"enemies":"Gensokyo:2_Kodama","floor":14.0,"turns":2.0},{"damage":3.0,"enemies":"Gensokyo:Kokoro","floor":16.0,"turns":2.0},{"damage":0.0,"enemies":"Gensokyo:2_Gloops","floor":18.0,"turns":2.0},{"damage":1.0,"enemies":"Gensokyo:3_Dogs","floor":22.0,"turns":3.0},{"damage":3,"enemies":"Gensokyo:Tenshi","floor":27,"turns":4},{"damage":0,"enemies":"Gensokyo:Reisen","floor":28,"turns":3},{"damage":172,"enemies":"Gensokyo:Eternal_Rivals","floor":33,"turns":4}],"seed_played":"-2171761777298370009","potions_obtained":[],"is_trial":true,"path_per_floor":["M","?","?","$","M","R","R","R","T","R","?","?","R","M","R","B",null,"M","?","COS","$","M","R","R","R","T","E","E","?","R","?","R","B"],"character_chosen":"WATCHER","items_purchased":[],"campfire_rested":0,"item_purchase_floors":[],"current_hp_per_floor":[72,72,72,72,69,69,69,69,69,69,64,64,64,57,57,54,72,72,72,72,72,71,71,71,71,71,68,68,68,68,68,68,0,0],"gold":0,"neow_bonus":"","is_daily":false,"chose_seed":false,"campfire_upgraded":10,"win_rate":0.0,"timestamp":1613078875,"path_taken":["M","?","?","?","?","R","R","R","T","R","?","?","R","?","R","BOSS","M","?","COS","?","?","R","R","R","T","E","E","?","R","?","R","BOSS"],"items_purchased_type":[],"build_version":"2020-12-22","purchased_purges":1,"victory":false,"max_hp_per_floor":[72,72,72,72,72,72,72,72,72,72,72,72,72,72,72,72,72,72,72,72,72,72,72,72,72,72,72,72,72,72,72,72,72,72],"relic_stats":{"Sozu":3,"Happy Flower":[8],"counters":[10,28],"Dead Branch":[38],"Blue Candle":[0],"Ginger":[0],"obtain_stats":[{"Happy Flower":3,"Dead Branch":0,"Blue Candle":11,"champ:DeflectingBracers":33,"Ginger":28,"REME_IWantAll":2,"Ancient Tea Set":32,"Sozu":17,"HornCleat":9,"LetterFromLob":1,"Dota2Spire:ArcaneBoots":28,"PureWater":0,"conspire:DeflatedDodgeball":26,"Dota2Spire:MonkeyKingBar":27,"REME_ComplimentaryCards":0},{"Happy Flower":2,"Dead Branch":0,"Blue Candle":3,"champ:DeflectingBracers":10,"Ginger":9,"REME_IWantAll":2,"Ancient Tea Set":9,"Sozu":5,"HornCleat":3,"LetterFromLob":1,"Dota2Spire:ArcaneBoots":9,"PureWater":0,"conspire:DeflatedDodgeball":7,"Dota2Spire:MonkeyKingBar":8,"REME_ComplimentaryCards":0},{"Happy Flower":4,"Dead Branch":0,"Blue Candle":8,"champ:DeflectingBracers":25,"Ginger":24,"REME_IWantAll":4,"Ancient Tea Set":24,"Sozu":12,"HornCleat":8,"LetterFromLob":2,"Dota2Spire:ArcaneBoots":23,"PureWater":0,"conspire:DeflatedDodgeball":17,"Dota2Spire:MonkeyKingBar":21,"REME_ComplimentaryCards":0}]},"card_choices":[{"not_picked":["ClearTheMind","Protect"],"picked":"Conclude","floor":1.0},{"not_picked":["REME_Repentance","MarkedMod:GentlePulse"],"picked":"Replay:Battleflow","floor":2.0},{"not_picked":["ClearTheMind","MarkedMod:Acupuncture","ThirdEye"],"picked":"SKIP","floor":5.0},{"not_picked":["EmptyMind","Protect"],"picked":"Ragnarok","floor":14.0},{"not_picked":["MarkedMod:NorthStar","Brilliance"],"picked":"ConjureBlade","floor":16.0},{"not_picked":["BattleHymn","Prostrate","EmptyFist"],"picked":"SKIP","floor":18.0},{"not_picked":["Prostrate","Replay:ManipulateFuture","MarkedMod:GentlePulse+1"],"picked":"SKIP","floor":22.0},{"not_picked":["Meditate","Evaluate","WindmillStrike"],"picked":"SKIP","floor":27},{"not_picked":["PathToVictory","JustLucky","Conclude"],"picked":"SKIP","floor":28}],"player_experience":209613,"relics_obtained":[{"floor":1.0,"key":"LetterFromLob"},{"floor":2.0,"key":"REME_IWantAll"},{"floor":9.0,"key":"HornCleat"},{"floor":26.0,"key":"conspire:DeflatedDodgeball"},{"floor":27,"key":"Dota2Spire:MonkeyKingBar"},{"floor":28,"key":"Ginger"},{"floor":32,"key":"Ancient Tea Set"}],"event_choices":[],"is_beta":false,"boss_relics":[{"not_picked":["Replay:Ancient Bell","REME_DemonsWealth"],"picked":"Sozu"}],"items_purged_floors":[4],"is_endless":true,"potions_floor_spawned":[18,27,28],"killed_by":"Gensokyo:Eternal_Rivals","ascension_level":0}}