{"host":"36t3qd3wjvajtu1z","time":1613021694,"event":{"mods":["2.2 Compatiblity","AchievementEnabler","BaseMod","Bestiary","Block Reminder","Colored Powertips","Curses Come First","Highlight Path","Minty Spire (QoL Compilation)","Permanent Neow","Quick Restart","Random Character Button","Rare Cards Sparkle","Relic Stats","Slay-I","StSLib","Unknown Chances"],"gold_per_floor":[117,128,138,6,16,16,42,42,110,144,14,14,50,69,69,150,150,90,15,15,15,15,15,15,15,15,15,15,15,15,15,15,15,15,15,15,15,15,15,15,15,15,15,15,15,15,15,15,15,15,15],"floor_reached":52,"language":"ENG","playtime":4419,"items_purged":["Clumsy","Strike_G"],"score":2208,"play_id":"006d1c0a-3db5-4520-920b-311f2e31409d","local_time":"20210210213454","is_ascension_mode":true,"campfire_choices":[{"data":"Skewer","floor":6.0,"key":"SMITH"},{"data":"Cloak And Dagger","floor":8.0,"key":"SMITH"},{"data":"Accuracy","floor":12.0,"key":"SMITH"},{"data":"Neutralize","floor":15.0,"key":"SMITH"},{"data":"Leg Sweep","floor":23.0,"key":"SMITH"},{"data":"Survivor","floor":27.0,"key":"SMITH"},{"floor":30.0,"key":"REST"},{"data":"1","floor":32.0,"key":"LIFT"},{"data":"2","floor":40.0,"key":"LIFT"},{"data":"3","floor":42.0,"key":"LIFT"},{"data":"Finisher","floor":46.0,"key":"SMITH"},{"floor":49.0,"key":"REST"}],"circlet_count":0,"master_deck":["AscendersBane","Strike_G","Strike_G","Defend_G","Defend_G","Defend_G","Defend_G","Defend_G","Survivor+1","Neutralize+1","Skewer+1","Leg Sweep+1","Cloak And Dagger+1","Poisoned Stab","Slice","Unload","Accuracy+1","Blade Dance+1","Backflip+1","Phantasmal Killer+1","PiercingWail+1","Blur+1","Calculated Gamble+1","Setup+1","Night Terror+1","Dash+1","Reflex+1","Finisher+1","Prepared+1"],"relics":["Ring of the Serpent","WingedGreaves","Thread and Needle","Meat on the Bone","CeramicFish","Toxic Egg 2","Ectoplasm","Happy Flower","Ninja Scroll","Bottled Tornado","Smiling Mask","Girya","Bottled Flame","Orichalcum","Sundial","Centennial Puzzle"],"acts_visited":["Exordium","TheCity","TheBeyond"],"potions_floor_usage":[50,51],"damage_taken":[{"damage":0.0,"enemies":"Cultist","floor":1.0,"turns":4.0},{"damage":1.0,"enemies":"Small Slimes","floor":2.0,"turns":3.0},{"damage":2.0,"enemies":"Jaw Worm","floor":3.0,"turns":4.0},{"damage":0.0,"enemies":"Looter","floor":5.0,"turns":5.0},{"damage":6.0,"enemies":"Gremlin Nob","floor":7.0,"turns":3.0},{"damage":15.0,"enemies":"3 Sentries","floor":10.0,"turns":8.0},{"damage":18.0,"enemies":"Lagavulin","floor":13.0,"turns":5.0},{"damage":0.0,"enemies":"Gremlin Gang","floor":14.0,"turns":4.0},{"damage":0.0,"enemies":"Slime Boss","floor":16.0,"turns":5.0},{"damage":13.0,"enemies":"2 Thieves","floor":18.0,"turns":4.0},{"damage":0.0,"enemies":"Chosen","floor":22.0,"turns":4.0},{"damage":0.0,"enemies":"Gremlin Leader","floor":24.0,"turns":7.0},{"damage":20.0,"enemies":"Book of Stabbing","floor":25.0,"turns":6.0},{"damage":6.0,"enemies":"Slavers","floor":28.0,"turns":4.0},{"damage":0.0,"enemies":"Colosseum Slavers","floor":29.0,"turns":4.0},{"damage":0.0,"enemies":"Colosseum Nobs","floor":29.0,"turns":4.0},{"damage":1.0,"enemies":"Book of Stabbing","floor":31.0,"turns":4.0},{"damage":49.0,"enemies":"Automaton","floor":33.0,"turns":11.0},{"damage":0.0,"enemies":"Orb Walker","floor":35.0,"turns":2.0},{"damage":0.0,"enemies":"3 Darklings","floor":38.0,"turns":3.0},{"damage":0.0,"enemies":"Reptomancer","floor":41.0,"turns":1.0},{"damage":0.0,"enemies":"4 Shapes","floor":44.0,"turns":2.0},{"damage":6.0,"enemies":"Maw","floor":45.0,"turns":6.0},{"damage":0.0,"enemies":"Giant Head","floor":47.0,"turns":4.0},{"damage":0.0,"enemies":"Sphere and 2 Shapes","floor":48.0,"turns":4.0},{"damage":26,"enemies":"Awakened One","floor":50,"turns":10},{"damage":5,"enemies":"Time Eater","floor":51,"turns":13}],"seed_played":"-4470388589949362299","potions_obtained":[{"floor":1.0,"key":"FearPotion"},{"floor":5.0,"key":"Swift Potion"},{"floor":10.0,"key":"Energy Potion"},{"floor":14.0,"key":"DistilledChaos"},{"floor":18.0,"key":"Fruit Juice"},{"floor":25.0,"key":"PowerPotion"},{"floor":31.0,"key":"BlessingOfTheForge"},{"floor":33.0,"key":"SmokeBomb"},{"floor":44.0,"key":"Swift Potion"}],"is_trial":false,"path_per_floor":["M","M","M","$","M","R","E","R","T","E","$","R","E","M","R","B",null,"M","?","$","?","M","R","E","E","T","R","E","?","R","E","R","B",null,"M","$","?","M","?","R","E","R","T","M","M","R","E","M","R","B","B",null],"character_chosen":"THE_SILENT","items_purchased":["Cloak And Dagger","Accuracy"],"campfire_rested":2,"item_purchase_floors":[4,11],"current_hp_per_floor":[59,58,56,56,56,56,50,50,50,35,35,35,29,41,41,41,60,52,52,52,52,52,52,52,44,44,44,38,38,59,58,58,21,59,59,59,59,59,59,59,59,59,59,59,53,53,53,53,67,41,36],"gold":15,"neow_bonus":"ONE_RARE_RELIC","is_daily":false,"chose_seed":false,"campfire_upgraded":7,"win_rate":0.0,"timestamp":1613021694,"path_taken":["M","M","M","$","M","R","E","R","T","E","$","R","E","M","R","BOSS","M","?","$","?","M","R","E","E","T","R","E","?","R","E","R","BOSS","M","$","?","M","?","R","E","R","T","?","M","R","E","M","R","BOSS","BOSS"],"items_purchased_type":["Card","Card"],"build_version":"2020-12-22","purchased_purges":2,"victory":true,"max_hp_per_floor":[66,66,66,66,66,66,66,66,66,66,66,66,66,66,66,66,66,71,71,71,71,71,71,71,71,71,71,71,71,71,71,71,71,71,71,71,67,67,67,67,67,67,67,67,67,67,67,67,67,67,67],"relic_stats":{"Centennial Puzzle":[6],"Happy Flower":[26],"counters":[27,134],"Sundial":[4],"CeramicFish":45,"Ectoplasm":625,"Orichalcum":[36],"Smiling Mask":0,"obtain_stats":[{"Girya":29,"Happy Flower":24,"CeramicFish":10,"Thread and Needle":7,"Bottled Tornado":26,"Orichalcum":31,"Smiling Mask":28,"Bottled Flame":29,"Centennial Puzzle":47,"Ninja Scroll":25,"Sundial":43,"WingedGreaves":0,"Ectoplasm":17,"Toxic Egg 2":13,"Ring of the Serpent":34,"Ring of the Snake":0,"Meat on the Bone":9},{"Girya":16,"Happy Flower":12,"CeramicFish":6,"Thread and Needle":5,"Bottled Tornado":13,"Orichalcum":17,"Smiling Mask":14,"Bottled Flame":16,"Centennial Puzzle":24,"Ninja Scroll":13,"Sundial":21,"WingedGreaves":0,"Ectoplasm":9,"Toxic Egg 2":7,"Ring of the Serpent":18,"Ring of the Snake":0,"Meat on the Bone":5},{"Girya":74,"Happy Flower":56,"CeramicFish":27,"Thread and Needle":19,"Bottled Tornado":62,"Orichalcum":78,"Smiling Mask":66,"Bottled Flame":74,"Centennial Puzzle":107,"Ninja Scroll":62,"Sundial":95,"WingedGreaves":0,"Ectoplasm":41,"Toxic Egg 2":32,"Ring of the Serpent":89,"Ring of the Snake":0,"Meat on the Bone":19}],"Meat on the Bone":48},"card_choices":[{"not_picked":["Dodge and Roll","Outmaneuver"],"picked":"Skewer","floor":1.0},{"not_picked":["Concentrate","Quick Slash"],"picked":"Leg Sweep","floor":2.0},{"not_picked":["Reflex","Tactician","PiercingWail"],"picked":"SKIP","floor":3.0},{"not_picked":["Reflex","Tactician","PiercingWail"],"picked":"SKIP","floor":3.0},{"not_picked":["PiercingWail","Dodge and Roll"],"picked":"Poisoned Stab","floor":5.0},{"not_picked":["PiercingWail","Finisher"],"picked":"Slice","floor":7.0},{"not_picked":["Dagger Throw","Bane"],"picked":"Unload","floor":10.0},{"not_picked":["Phantasmal Killer+1","Heel Hook"],"picked":"Blade Dance+1","floor":13.0},{"not_picked":["Outmaneuver+1","Dagger Spray"],"picked":"Backflip+1","floor":14.0},{"not_picked":["Tools of the Trade","Die Die Die"],"picked":"Phantasmal Killer+1","floor":16.0},{"not_picked":["Heel Hook","Underhanded Strike","Eviscerate"],"picked":"SKIP","floor":18.0},{"not_picked":["Poisoned Stab","Expertise+1"],"picked":"PiercingWail+1","floor":22.0},{"not_picked":["Bouncing Flask+1","Expertise+1"],"picked":"Blur+1","floor":24.0},{"not_picked":["Dagger Spray","All Out Attack","Slice"],"picked":"SKIP","floor":25.0},{"not_picked":["Underhanded Strike","Heel Hook","Slice"],"picked":"SKIP","floor":28.0},{"not_picked":["Catalyst+1","Poisoned Stab"],"picked":"Calculated Gamble+1","floor":29.0},{"not_picked":["Caltrops","Flying Knee"],"picked":"Setup+1","floor":31.0},{"not_picked":["Bullet Time+1","Glass Knife"],"picked":"Night Terror+1","floor":33.0},{"not_picked":["Eviscerate","Quick Slash+1","Catalyst+1"],"picked":"SKIP","floor":35.0},{"not_picked":["Deadly Poison+1","Quick Slash"],"picked":"Dash+1","floor":38.0},{"not_picked":["Dagger Throw+1","Flying Knee"],"picked":"Reflex+1","floor":44.0},{"not_picked":["Slice+1","Dagger Spray+1"],"picked":"Finisher","floor":45.0},{"not_picked":["Underhanded Strike+1","Dagger Throw+1","Catalyst+1"],"picked":"SKIP","floor":47.0},{"not_picked":["Finisher","Expertise+1"],"picked":"Prepared+1","floor":48.0}],"player_experience":479900,"relics_obtained":[{"floor":7.0,"key":"Thread and Needle"},{"floor":9.0,"key":"Meat on the Bone"},{"floor":10.0,"key":"CeramicFish"},{"floor":13.0,"key":"Toxic Egg 2"},{"floor":24.0,"key":"Happy Flower"},{"floor":25.0,"key":"Ninja Scroll"},{"floor":26.0,"key":"Bottled Tornado"},{"floor":28.0,"key":"Smiling Mask"},{"floor":29.0,"key":"Girya"},{"floor":29.0,"key":"Bottled Flame"},{"floor":31.0,"key":"Orichalcum"},{"floor":43.0,"key":"Sundial"},{"floor":47.0,"key":"Centennial Puzzle"}],"event_choices":[{"cards_removed":["Strike_G"],"damage_healed":0.0,"max_hp_gain":0.0,"max_hp_loss":0.0,"gold_gain":0.0,"event_name":"Beggar","player_choice":"Gave Gold","floor":19.0,"gold_loss":75.0,"damage_taken":0.0},{"damage_healed":0.0,"max_hp_gain":0.0,"max_hp_loss":0.0,"gold_gain":0.0,"event_name":"Colosseum","player_choice":"Fight","floor":29.0,"gold_loss":0.0,"damage_taken":0.0},{"damage_healed":0.0,"max_hp_gain":0.0,"max_hp_loss":0.0,"gold_gain":0.0,"event_name":"Colosseum","player_choice":"Fought Nobs","floor":29.0,"gold_loss":0.0,"damage_taken":0.0},{"damage_healed":0.0,"max_hp_gain":0.0,"max_hp_loss":4.0,"gold_gain":0.0,"event_name":"Winding Halls","player_choice":"Max HP","floor":37.0,"gold_loss":0.0,"damage_taken":0.0},{"cards_removed":["Strike_G"],"damage_healed":0.0,"max_hp_gain":0.0,"max_hp_loss":0.0,"gold_gain":0.0,"event_name":"Wheel of Change","player_choice":"Card Removal","floor":39.0,"gold_loss":0.0,"damage_taken":0.0}],"is_beta":false,"boss_relics":[{"not_picked":["Runic Dome","Snecko Eye"],"picked":"Ectoplasm"},{"not_picked":["Sozu","Velvet Choker"],"picked":"Ring of the Serpent"}],"items_purged_floors":[4,11],"is_endless":false,"potions_floor_spawned":[1,5,10,14,18,25,31,33,41,44,45],"ascension_level":20}}