{"host":"pdq28s6637cpsst2","time":1613024847,"event":{"mods":["BaseMod","Colored Map","Highlight Path","Minty Spire (QoL Compilation)","Permanent Neow","Quick Restart"],"gold_per_floor":[119,138,138,151,166,166,196,208,208,239,239,250,285,275,275,371,371,371,371,371,286,286,286,286,236,236,109,109,109,109,109,109,109,109,109,59,59,59,59,59,59,59,59,59,59,59,9,0,0,0,0,0,0,0,0,0],"floor_reached":55,"language":"ENG","playtime":5507,"items_purged":["Strike_B","Strike_B","Strike_B","Strike_B"],"score":863,"play_id":"7700d39d-b220-4dfc-9413-26453733bc5d","local_time":"20210211012727","is_ascension_mode":true,"campfire_choices":[{"floor":6,"key":"REST"},{"data":"Static Discharge","floor":11,"key":"SMITH"},{"floor":15,"key":"REST"},{"data":"Defragment","floor":23,"key":"SMITH"},{"data":"Hologram","floor":28,"key":"SMITH"},{"data":"Defragment","floor":32,"key":"SMITH"},{"data":"Echo Form","floor":40,"key":"SMITH"},{"data":"Coolheaded","floor":42,"key":"SMITH"},{"floor":49,"key":"RECALL"},{"data":"Creative AI","floor":52,"key":"SMITH"}],"circlet_count":0,"master_deck":["Defend_B","Defend_B","Defend_B","Defend_B","Zap","Dualcast","Capacitor","Cold Snap","Cold Snap","Undo","Static Discharge+1","Cold Snap","Hologram+1","Beam Cell+1","Multi-Cast","Defragment+1","Defragment+1","Coolheaded+1","Self Repair","Ball Lightning+1","Ball Lightning+1","Cold Snap+1","Chill+1","Echo Form+1","Darkness+1","Creative AI+1","Defragment+1","Go for the Eyes+1"],"relics":["Smiling Mask","Incense Burner","Calipers","FossilizedHelix","Molten Egg 2","Ectoplasm","Juzu Bracelet","Bronze Scales","Centennial Puzzle","Bag of Marbles","Nloth\u0027s Gift","Sozu","Prayer Wheel","Red Mask","Bag of Preparation"],"acts_visited":["Exordium","TheCity","TheBeyond","TheEnding"],"potions_floor_usage":[5,7,13,13,38],"damage_taken":[{"damage":7,"enemies":"2 Louse","floor":1,"turns":4},{"damage":1,"enemies":"Cultist","floor":2,"turns":4},{"damage":16,"enemies":"Small Slimes","floor":4,"turns":4},{"damage":20,"enemies":"Gremlin Gang","floor":5,"turns":7},{"damage":32,"enemies":"Gremlin Nob","floor":7,"turns":7},{"damage":8,"enemies":"Blue Slaver","floor":8,"turns":6},{"damage":8,"enemies":"Lagavulin","floor":10,"turns":9},{"damage":2,"enemies":"Looter","floor":12,"turns":4},{"damage":0,"enemies":"3 Sentries","floor":13,"turns":8},{"damage":2,"enemies":"Exordium Thugs","floor":14,"turns":7},{"damage":21,"enemies":"Slime Boss","floor":16,"turns":13},{"damage":0,"enemies":"Spheric Guardian","floor":18,"turns":8},{"damage":6,"enemies":"Book of Stabbing","floor":24,"turns":6},{"damage":0,"enemies":"Chosen","floor":30,"turns":6},{"damage":0,"enemies":"Champ","floor":33,"turns":16},{"damage":0,"enemies":"Orb Walker","floor":35,"turns":4},{"damage":17,"enemies":"3 Darklings","floor":37,"turns":6},{"damage":0,"enemies":"Transient","floor":38,"turns":5},{"damage":0,"enemies":"Sphere and 2 Shapes","floor":39,"turns":6},{"damage":15,"enemies":"3 Darklings","floor":41,"turns":7},{"damage":17,"enemies":"Writhing Mass","floor":44,"turns":7},{"damage":4,"enemies":"Jaw Worm Horde","floor":45,"turns":6},{"damage":27,"enemies":"Reptomancer","floor":46,"turns":7},{"damage":16,"enemies":"Donu and Deca","floor":50,"turns":6},{"damage":33,"enemies":"Shield and Spear","floor":54,"turns":7},{"damage":53,"enemies":"The Heart","floor":55,"turns":8}],"seed_played":"6054937376229900130","potions_obtained":[{"floor":1,"key":"SteroidPotion"},{"floor":2,"key":"DuplicationPotion"},{"floor":5,"key":"ColorlessPotion"},{"floor":10,"key":"DuplicationPotion"},{"floor":12,"key":"SneckoOil"},{"floor":24,"key":"Fire Potion"}],"is_trial":false,"path_per_floor":["M","M","?","M","M","R","E","M","T","E","R","M","E","M","R","B",null,"M","?","?","?","?","R","E","$","T","$","R","?","M","?","R","B",null,"M","$","M","M","M","R","M","R","T","M","M","E","$","?","R","B",null,"R","$","E","B"],"character_chosen":"DEFECT","items_purchased":["Self Repair"],"campfire_rested":2,"item_purchase_floors":[27],"current_hp_per_floor":[68,67,67,51,31,53,21,13,13,5,5,3,3,1,23,2,75,75,75,75,75,75,75,69,69,69,69,69,69,75,75,75,75,75,75,75,65,72,75,75,67,67,67,57,60,40,40,40,40,24,75,75,75,49,0,0],"gold":0,"neow_bonus":"BOSS_RELIC","is_daily":false,"chose_seed":false,"campfire_upgraded":7,"win_rate":0.0,"timestamp":1613024847,"path_taken":["M","M","?","M","M","R","E","?","T","E","R","M","E","M","R","BOSS","M","?","?","?","?","R","E","$","T","$","R","?","M","?","R","BOSS","M","$","M","M","M","R","M","R","T","M","M","E","$","?","R","BOSS","R","$","E","BOSS"],"items_purchased_type":["Card"],"build_version":"2020-12-22","purchased_purges":4,"victory":false,"max_hp_per_floor":[75,75,75,75,75,75,75,75,75,75,75,75,75,75,75,75,75,75,75,75,75,75,75,75,75,75,75,75,75,75,75,75,75,75,75,75,75,75,75,75,75,75,75,75,75,75,75,75,75,75,75,75,75,75,75,75],"card_choices":[{"not_picked":["Leap","Loop"],"picked":"Capacitor","floor":1},{"not_picked":["Leap","Genetic Algorithm"],"picked":"Cold Snap","floor":2},{"not_picked":["Redo","Gash","Melter"],"picked":"SKIP","floor":4},{"not_picked":["Hologram","Stack"],"picked":"Cold Snap","floor":5},{"not_picked":["Auto Shields","All For One"],"picked":"Undo","floor":7},{"not_picked":["Barrage","Beam Cell"],"picked":"Static Discharge","floor":8},{"not_picked":["Gash","Conserve Battery"],"picked":"Cold Snap","floor":10},{"not_picked":["Turbo","Compile Driver"],"picked":"Hologram","floor":12},{"not_picked":["Rebound+1","Hologram"],"picked":"Beam Cell+1","floor":13},{"not_picked":["Chaos","Sunder+1","Steam Power"],"picked":"SKIP","floor":14},{"not_picked":["Fission","Echo Form"],"picked":"Multi-Cast","floor":16},{"not_picked":["Undo","Storm"],"picked":"Defragment","floor":18},{"not_picked":["Leap","Gash+1","Turbo+1"],"picked":"SKIP","floor":24},{"not_picked":["Capacitor","Compile Driver+1"],"picked":"Ball Lightning+1","floor":30},{"not_picked":["Conserve Battery+1","Leap+1"],"picked":"Ball Lightning+1","floor":35},{"not_picked":["Gash+1","Stack+1"],"picked":"Cold Snap+1","floor":37},{"not_picked":["Genetic Algorithm","Gash+1"],"picked":"Chill+1","floor":38},{"not_picked":["Hologram+1","Sweeping Beam+1"],"picked":"Echo Form","floor":39},{"not_picked":["Beam Cell+1","Fusion"],"picked":"Darkness+1","floor":41},{"not_picked":["Conserve Battery","Static Discharge+1"],"picked":"Creative AI","floor":44},{"not_picked":["Consume+1","Gash+1","Darkness+1"],"picked":"SKIP","floor":45},{"not_picked":["Barrage+1","Hologram"],"picked":"Defragment+1","floor":46},{"not_picked":["Darkness","Hyperbeam+1"],"picked":"Go for the Eyes+1","floor":54}],"player_experience":122192,"relics_obtained":[{"floor":7,"key":"Incense Burner"},{"floor":9,"key":"Calipers"},{"floor":10,"key":"FossilizedHelix"},{"floor":13,"key":"Molten Egg 2"},{"floor":24,"key":"Centennial Puzzle"},{"floor":26,"key":"Bag of Marbles"},{"floor":46,"key":"Prayer Wheel"},{"floor":54,"key":"Bag of Preparation"}],"event_choices":[{"damage_healed":0,"gold_gain":0,"player_choice":"Gave Potion","damage_taken":0,"relics_obtained":["Smiling Mask"],"max_hp_gain":0,"max_hp_loss":0,"event_name":"WeMeetAgain","floor":3,"gold_loss":0},{"damage_healed":0,"gold_gain":0,"player_choice":"Opened","damage_taken":0,"relics_obtained":["Juzu Bracelet"],"max_hp_gain":0,"max_hp_loss":0,"event_name":"The Mausoleum","floor":19,"gold_loss":0},{"damage_healed":0,"gold_gain":0,"player_choice":"Copied","damage_taken":0,"max_hp_gain":0,"max_hp_loss":0,"event_name":"Duplicator","floor":20,"gold_loss":0,"cards_obtained":["Defragment"]},{"damage_healed":0,"gold_gain":0,"player_choice":"Obtained Relic","damage_taken":0,"relics_obtained":["Bronze Scales"],"max_hp_gain":0,"max_hp_loss":0,"event_name":"Addict","floor":21,"gold_loss":85},{"damage_healed":0,"gold_gain":0,"player_choice":"1 cards matched","damage_taken":0,"max_hp_gain":0,"max_hp_loss":0,"event_name":"Match and Keep!","floor":22,"gold_loss":0,"cards_obtained":["Coolheaded"]},{"damage_healed":0,"gold_gain":0,"player_choice":"Ignored","damage_taken":0,"max_hp_gain":0,"max_hp_loss":0,"event_name":"Ghosts","floor":29,"gold_loss":0},{"damage_healed":0,"gold_gain":0,"player_choice":"Traded Relic","damage_taken":0,"relics_obtained":["Nloth\u0027s Gift"],"max_hp_gain":0,"max_hp_loss":0,"event_name":"N\u0027loth","floor":31,"relics_lost":["SlaversCollar"],"gold_loss":0},{"damage_healed":0,"gold_gain":0,"player_choice":"Paid","damage_taken":0,"relics_obtained":["Red Mask"],"max_hp_gain":0,"max_hp_loss":0,"event_name":"Tomb of Lord Red Mask","floor":48,"gold_loss":9}],"is_beta":false,"boss_relics":[{"not_picked":["SacredBark","Philosopher\u0027s Stone"],"picked":"Ectoplasm"},{"not_picked":["Velvet Choker","Empty Cage"],"picked":"Sozu"}],"items_purged_floors":[25,27,36,47],"is_endless":false,"potions_floor_spawned":[1,2,5,10,12,24,35,44,45],"killed_by":"The Heart","ascension_level":2}}