{"host":"ox77rn1xcurm2t5a","time":1613084048,"event":{"mods":["2.2 Compatiblity","AchievementEnabler","Act Like it!","Aspiration","BaseMod","Best Route Mod","Better Match","Better Note","Better Sensory Stone","Block Reminder","Colored Map","Colored Powertips","Conjunction","Conspire","Custom Start","Energized Spire","GifTheSpireLib","Gold Saver","Gremlin Skip","Halation","Highlight Path","Hubris","Infinite Spire","Minty Spire (QoL Compilation)","Pale of the Ancients","Quick Restart","Replay The Spire","Reworked Bosses","ShortenTheSpire","Spire Exporter","StSLib","Stuff the Spire","Wandering Minibosses"],"gold_per_floor":[109,34,54,54,54,85,85,111,136,136,162,38,38,58,58,159,159,177,177,177,191,201,201,233,233,258,258,258],"floor_reached":27,"language":"ENG","playtime":585,"items_purged":["Strike_R","Strike_R"],"score":336,"play_id":"a0325381-39da-48ea-a766-680dd2f12647","local_time":"20210212005408","is_ascension_mode":true,"campfire_choices":[{"floor":7,"key":"RECALL"},{"data":"Flex","floor":15,"key":"SMITH"},{"data":"Seeing Red","floor":23,"key":"SMITH"},{"data":"Bash","floor":25,"key":"SMITH"}],"circlet_count":0,"master_deck":["Strike_R","Strike_R","Strike_R","Defend_R","Defend_R","Defend_R","Defend_R","Bash+1","Cleave","Thunderclap+1","conspire:Banana+1","Seeing Red+1","Anger","Flex+1","Sword Boomerang","Clash","Pot Of Greed","Pot Of Greed"],"relics":["Burning Blood","NeowsBlessing","aspiration:SeaSaltIceCream","DataDisk","Mango","hubris:Teleporter","infinitespire:EmpoweringShard","StuffTheSpire:Experiment12","Grinning Jar"],"acts_visited":["Exordium","TheCity"],"potions_floor_usage":[8,8,11,22],"damage_taken":[{"damage":0,"enemies":"Small Slimes","floor":1,"turns":1},{"damage":0,"enemies":"Cultist","floor":3,"turns":1},{"damage":0,"enemies":"Gremlin Nob","floor":6,"turns":1},{"damage":21,"enemies":"3 Sentries","floor":8,"turns":7},{"damage":20,"enemies":"Lagavulin","floor":11,"turns":6},{"damage":6,"enemies":"Jaw Worm","floor":14,"turns":2},{"damage":59,"enemies":"Hexaghost","floor":16,"turns":9},{"damage":9,"enemies":"conspire:FuzzyDice","floor":18,"turns":3},{"damage":0,"enemies":"Chosen","floor":21,"turns":3},{"damage":52,"enemies":"Centurion and Healer","floor":22,"turns":6},{"damage":55,"enemies":"Slavers","floor":24,"turns":5},{"damage":21,"enemies":"Chosen and Byrds","floor":27,"turns":4}],"seed_played":"8715056378913737362","potions_obtained":[{"floor":3,"key":"Explosive Potion"},{"floor":6,"key":"ColorlessPotion"},{"floor":8,"key":"HeartOfIron"},{"floor":18,"key":"AttackPotion"},{"floor":24,"key":"Venom Potion"}],"is_trial":false,"path_per_floor":["M","?","M","?","T","E","R","E","T","?","E","$","?","M","R","B",null,"M","?","AVR","M","M","R","E","R","T","M"],"character_chosen":"IRONCLAD","items_purchased":["Sword Boomerang"],"campfire_rested":0,"item_purchase_floors":[12],"current_hp_per_floor":[80,80,80,80,80,82,82,83,83,83,71,71,68,70,70,19,104,103,103,103,108,64,64,17,17,17,0,0],"gold":258,"neow_bonus":"THREE_ENEMY_KILL","is_daily":false,"chose_seed":false,"campfire_upgraded":3,"win_rate":0.0,"timestamp":1613084048,"path_taken":["M","?","M","?","?","E","R","E","T","?","E","$","?","M","R","BOSS","M","?","AVR","M","M","R","E","R","T","M"],"items_purchased_type":["Card"],"build_version":"2020-12-22","purchased_purges":2,"victory":false,"max_hp_per_floor":[80,80,80,80,80,82,82,98,98,98,100,100,100,102,102,104,104,106,106,106,108,110,110,112,112,112,114,114],"card_choices":[{"not_picked":["Havoc","Twin Strike"],"picked":"Cleave","floor":1},{"not_picked":["Body Slam+1","Twin Strike+1"],"picked":"Thunderclap+1","floor":2},{"not_picked":["Discovery+1","Finesse+1"],"picked":"conspire:Banana+1","floor":2},{"not_picked":["Replay:Undeath\u0027s Touch","StuffTheSpire:Incineration"],"picked":"Seeing Red","floor":3},{"not_picked":["hubris:CleavingFinish","Replay:Undeath\u0027s Touch","Headbutt"],"picked":"SKIP","floor":6},{"not_picked":["Run Through","Fiend Fire"],"picked":"Anger","floor":8},{"not_picked":["ReplayReversal","StuffTheSpire:RockThrow"],"picked":"Flex","floor":11},{"not_picked":["True Grit","Havoc","hubris:ReadiedAction"],"picked":"SKIP","floor":14},{"not_picked":["Infernal Blade","Feel No Pain","Sever Soul+1"],"picked":"SKIP","floor":18},{"not_picked":["Havoc+1","Reckless Charge","ReplayReversal"],"picked":"SKIP","floor":21},{"not_picked":["Sword Boomerang","Run Through+1"],"picked":"Clash","floor":22},{"not_picked":["True Grit+1","hubris:ReadiedAction","Abandon+1"],"picked":"SKIP","floor":24}],"player_experience":3089693,"relics_obtained":[{"floor":5,"key":"aspiration:SeaSaltIceCream"},{"floor":8,"key":"Mango"},{"floor":11,"key":"hubris:Teleporter"},{"floor":26,"key":"Grinning Jar"}],"event_choices":[{"damage_healed":0,"gold_gain":0,"player_choice":"2","damage_taken":0,"max_hp_gain":0,"max_hp_loss":0,"event_name":"betterMatch:BetterMatch","floor":2,"gold_loss":0,"cards_obtained":["betterMatch:ColorlessUncommonCard","betterMatch:CommonCard"]},{"damage_healed":0,"gold_gain":0,"player_choice":"Disagree","damage_taken":0,"max_hp_gain":0,"max_hp_loss":0,"event_name":"conspire:LoneGhost","floor":4,"gold_loss":0},{"damage_healed":0,"gold_gain":0,"player_choice":"Ignored","damage_taken":0,"max_hp_gain":0,"max_hp_loss":0,"event_name":"Golden Idol","floor":10,"gold_loss":0},{"damage_healed":0,"gold_gain":0,"player_choice":"Success","damage_taken":3,"relics_obtained":["infinitespire:EmpoweringShard"],"max_hp_gain":0,"max_hp_loss":0,"event_name":"Scrap Ooze","floor":13,"gold_loss":0},{"damage_healed":0,"gold_gain":0,"player_choice":"Ignored","damage_taken":0,"max_hp_gain":0,"max_hp_loss":0,"event_name":"Transmorgrifier","floor":19,"gold_loss":0}],"is_beta":false,"boss_relics":[{"not_picked":["halation:HeavySnake","Cursed Key","hubris:Stopwatch"]}],"items_purged_floors":[12,20],"is_endless":false,"potions_floor_spawned":[3,6,8,18,24],"killed_by":"Chosen and Byrds","ascension_level":1}}