{"host":"t1puqh5lxz8sp6fn","time":1613020915,"event":{"mods":["AchievementEnabler","BaseMod","Colored Powertips","Minty Spire (QoL Compilation)","Rare Cards Sparkle","Relic Stats","StSLib"],"gold_per_floor":[117,117,117,131,4,35,35,69,94,94,94],"floor_reached":10,"playtime":170,"items_purged":[],"score":173,"play_id":"10913899-4fcd-4da2-a8fb-84f42ed6a99d","local_time":"20210211022155","is_ascension_mode":true,"campfire_choices":[{"data":"Predator","floor":7.0,"key":"SMITH"}],"circlet_count":0,"master_deck":["AscendersBane","Strike_G","Strike_G","Strike_G","Strike_G","Strike_G","Defend_G","Defend_G","Defend_G","Defend_G","Defend_G","Survivor","Neutralize","Dagger Spray","Blade Dance","Noxious Fumes","Predator+1","Calculated Gamble"],"relics":["Ring of the Snake","NeowsBlessing","Snake Skull","Boot","Gremlin Horn","Anchor"],"acts_visited":["Exordium"],"potions_floor_usage":[],"damage_taken":[{"damage":0.0,"enemies":"Jaw Worm","floor":1.0,"turns":1.0},{"damage":0.0,"enemies":"Small Slimes","floor":4.0,"turns":1.0},{"damage":0.0,"enemies":"Lagavulin","floor":6.0,"turns":2.0},{"damage":33,"enemies":"Gremlin Nob","floor":8,"turns":4},{"damage":19,"enemies":"Lagavulin","floor":10,"turns":4}],"seed_played":"8199229375166286742","potions_obtained":[{"floor":8,"key":"Energy Potion"}],"is_trial":false,"path_per_floor":["M","?","?","M","$","E","R","E","T","E"],"character_chosen":"THE_SILENT","items_purchased":["Noxious Fumes","Explosive Potion"],"campfire_rested":0,"item_purchase_floors":[5,5],"current_hp_per_floor":[59,41,46,46,46,46,46,13,13,0,0],"gold":94,"neow_bonus":"THREE_ENEMY_KILL","is_daily":false,"chose_seed":false,"campfire_upgraded":1,"win_rate":0.0,"timestamp":1613020915,"path_taken":["M","?","?","M","$","E","R","E","T","E"],"items_purchased_type":["Card","Potion"],"build_version":"2020-12-13","purchased_purges":0,"victory":false,"max_hp_per_floor":[66,66,71,71,71,71,71,71,71,71,71],"relic_stats":{"Gremlin Horn":[0,0],"counters":[5,12],"Snake Skull":[4],"Boot":[10],"obtain_stats":[{"Anchor":9,"NeowsBlessing":0,"Gremlin Horn":8,"Snake Skull":2,"Boot":6,"Ring of the Snake":0},{"Anchor":4,"NeowsBlessing":0,"Gremlin Horn":4,"Snake Skull":1,"Boot":3,"Ring of the Snake":0},{"Anchor":8,"NeowsBlessing":0,"Gremlin Horn":8,"Snake Skull":1,"Boot":4,"Ring of the Snake":0}],"Ring of the Snake":[10]},"card_choices":[{"not_picked":["Deflect","Escape Plan"],"picked":"Dagger Spray","floor":1.0},{"not_picked":["Slice","Deflect"],"picked":"Blade Dance","floor":4.0},{"not_picked":["Dagger Throw","Die Die Die"],"picked":"Predator","floor":6.0},{"not_picked":["Masterful Stab","Noxious Fumes"],"picked":"Calculated Gamble","floor":8}],"player_experience":507719,"relics_obtained":[{"floor":6.0,"key":"Boot"},{"floor":8,"key":"Gremlin Horn"},{"floor":9,"key":"Anchor"}],"event_choices":[{"damage_healed":0.0,"max_hp_gain":0.0,"max_hp_loss":0.0,"gold_gain":0.0,"event_name":"Scrap Ooze","player_choice":"Success","floor":2.0,"gold_loss":0.0,"damage_taken":18.0,"relics_obtained":["Snake Skull"]},{"damage_healed":0.0,"max_hp_gain":5.0,"max_hp_loss":0.0,"gold_gain":0.0,"event_name":"Big Fish","player_choice":"Donut","floor":3.0,"gold_loss":0.0,"damage_taken":0.0}],"is_beta":false,"boss_relics":[],"items_purged_floors":[],"is_endless":false,"potions_floor_spawned":[8],"killed_by":"Lagavulin","ascension_level":15}}