{"host":"bp6b47iftb3mluh0","time":1613068797,"event":{"mods":["100% Spire Juice","Act Like it!","Alarm Clock","Aspiration","Astrologer","BaseMod","Bestiary","Better Third Choice","Better Vampires","Challenge The Spire","Colored Powertips","Conspire","Curses Come First","Dota2Spire","Downfall","Friendly Minions","Gensokyo","Hallownest","Hermit","Kiyohime£®«Âºß£©","Lobotomy","LobotomyExtend","Marisa£®ÏF”Í°°ƒß¿Ì…≥£©","Marked Mod","Minty Spire (QoL Compilation)","Quick Restart","Rare Cards Sparkle","Red Circlet Mod","Relic Filter Mod","Relic Stats","Remilia£®¿Ÿ√◊¿Ú—«£©","Replay The Spire","Reworked Bosses","Ryuuou¡˙Õı","Shop Mod","Spicy Shops","StSLib","The Bug Knight","The Invoker Mod","Uncapped","Waifu the Spire","Youmu£®ªÍ∆«—˝√Œ£©","°æ“≈ŒÔø®≈∆°øREMEMod","≤–¡Ù÷ÆŒÔ"],"gold_per_floor":[99,126,141,141,153,163,188,188,188,206,206,0,0,0,20,125,125,125,135,135,135,154,154,222,256,256,256,256,256],"floor_reached":28,"language":"ZHS","playtime":971,"items_purged":[],"score":274,"play_id":"03d64c33-145e-4cd8-958a-d7a5eed1953b","local_time":"20210212023957","is_ascension_mode":false,"campfire_choices":[{"data":"PlaceholderMod:Crystallization","floor":1.0,"key":"SMITH"},{"data":"PlaceholderMod:HighConcentration","floor":9.0,"key":"SMITH"},{"data":"PlaceholderMod:Sweep","floor":11.0,"key":"SMITH"},{"data":"PlaceholderMod:SpinBlade","floor":13.0,"key":"SMITH"},{"data":"PlaceholderMod:Eat","floor":18.0,"key":"SMITH"},{"data":"Night Terror","floor":23.0,"key":"SMITH"}],"circlet_count":0,"master_deck":["conspire:GhostlyStrike","conspire:GhostlyStrike","conspire:GhostlyStrike","conspire:GhostlyStrike","conspire:GhostlyDefend","conspire:GhostlyDefend","conspire:GhostlyDefend","conspire:GhostlyDefend","conspire:GhostlyDefend","PlaceholderMod:Crystal","PlaceholderMod:PoisonWhip","PlaceholderMod:Crystallization+1","PlaceholderMod:HighConcentration+1","PlaceholderMod:Sweep+1","PlaceholderMod:SpinBlade+1","ReplayTheSpireMod:Splinters","PlaceholderMod:Eat+1","PlaceholderMod:HardStrike","Night Terror+1"],"relics":["PlaceholderMod:Tancle","REME_ComplimentaryCards","REME_HandOfSuture","Vajra","LetterFromLob","MerchantsRug","ReplayTheSpireMod:CursedCoin","Iron Hammer","Dota2Spire:EchoSabre","PlaceholderMod:LiveLive","Dota2Spire:Dagon","Boot","Gensokyo:RedStar"],"acts_visited":["Exordium","Gensokyo:Gensokyoer"],"potions_floor_usage":[],"damage_taken":[{"damage":0.0,"enemies":"Cultist","floor":3.0,"turns":4.0},{"damage":2.0,"enemies":"2 Louse","floor":5.0,"turns":3.0},{"damage":0.0,"enemies":"Small Slimes","floor":6.0,"turns":6.0},{"damage":5.0,"enemies":"3 Louse","floor":10.0,"turns":4.0},{"damage":0.0,"enemies":"downfall:FleeingMerchant","floor":12.0,"turns":4.0},{"damage":0.0,"enemies":"Blue Slaver","floor":15.0,"turns":1.0},{"damage":23.0,"enemies":"WA_ARCHETYPE_RETAIN","floor":16.0,"turns":10.0},{"damage":8.0,"enemies":"Gensokyo:2_Gloops","floor":19.0,"turns":2.0},{"damage":22.0,"enemies":"Gensokyo:CosmicMonolith","floor":22.0,"turns":4.0},{"damage":20,"enemies":"Gensokyo:Reisen","floor":25,"turns":6},{"damage":9,"enemies":"Gensokyo:Slime_Group","floor":28,"turns":2}],"seed_played":"-4714286423203819707","potions_obtained":[{"floor":3.0,"key":"Fire Potion"},{"floor":5.0,"key":"LifebloodPotion"},{"floor":6.0,"key":"PowerPotion"},{"floor":25,"key":"Dexterity Potion"}],"is_trial":false,"path_per_floor":["R","T","M","?","M","M","T","?","R","M","R","$","R","?","M","B",null,"R","M","?","?","M","R","T","E","?","?","M"],"character_chosen":"THE_PLACEHOLDER","items_purchased":["MerchantsRug","ReplayTheSpireMod:CursedCoin","Iron Hammer","Dota2Spire:EchoSabre"],"campfire_rested":0,"item_purchase_floors":[12,12,12,12],"current_hp_per_floor":[78,78,78,78,76,76,83,83,83,78,78,78,78,85,85,62,85,85,83,83,75,59,59,59,45,45,45,36,36],"gold":256,"neow_bonus":"RANDOM_COMMON_RELIC","is_daily":false,"chose_seed":false,"campfire_upgraded":6,"win_rate":0.0,"timestamp":1613068797,"path_taken":["R","?","M","?","M","M","T","?","R","M","R","$","R","?","M","BOSS","R","M","?","?","M","R","T","E","?","?","?"],"items_purchased_type":["Relic","Relic","Relic","Relic"],"build_version":"2020-12-22","purchased_purges":0,"victory":false,"max_hp_per_floor":[78,78,78,78,78,78,85,85,85,85,85,85,85,85,85,85,85,85,85,85,85,85,85,85,85,85,85,85,85],"relic_stats":{"counters":[11,45],"Boot":[2],"obtain_stats":[{"PlaceholderMod:Tancle":0,"MerchantsRug":12,"Dota2Spire:EchoSabre":12,"ReplayTheSpireMod:CursedCoin":12,"Dota2Spire:Dagon":24,"Vajra":2,"Boot":25,"Gensokyo:RedStar":26,"PlaceholderMod:LiveLive":17,"Strawberry":7,"REME_HandOfSuture":0,"Iron Hammer":12,"LetterFromLob":3,"REME_ComplimentaryCards":0},{"PlaceholderMod:Tancle":0,"MerchantsRug":5,"Dota2Spire:EchoSabre":5,"ReplayTheSpireMod:CursedCoin":5,"Dota2Spire:Dagon":9,"Vajra":0,"Boot":10,"Gensokyo:RedStar":10,"PlaceholderMod:LiveLive":7,"Strawberry":3,"REME_HandOfSuture":0,"Iron Hammer":5,"LetterFromLob":1,"REME_ComplimentaryCards":0},{"PlaceholderMod:Tancle":0,"MerchantsRug":21,"Dota2Spire:EchoSabre":21,"ReplayTheSpireMod:CursedCoin":21,"Dota2Spire:Dagon":37,"Vajra":0,"Boot":43,"Gensokyo:RedStar":43,"PlaceholderMod:LiveLive":31,"Strawberry":13,"REME_HandOfSuture":0,"Iron Hammer":21,"LetterFromLob":4,"REME_ComplimentaryCards":0}]},"card_choices":[{"not_picked":["PlaceholderMod:MultipleOxi","PlaceholderMod:InnerStable","PlaceholderMod:SeverePoisonStrike"],"picked":"SKIP","floor":3.0},{"not_picked":["PlaceholderMod:OHStrongAttack","PlaceholderMod:PoisonAbsorb"],"picked":"PlaceholderMod:HighConcentration","floor":5.0},{"not_picked":["PlaceholderMod:DirectingGroup","PlaceholderMod:Hyperplasia","PlaceholderMod:Turn"],"picked":"SKIP","floor":6.0},{"not_picked":["PlaceholderMod:PoisonAbsorb","PlaceholderMod:HighConcentration"],"picked":"PlaceholderMod:Sweep","floor":10.0},{"not_picked":["PlaceholderMod:ProliferateStrike","PlaceholderMod:StressReaction"],"picked":"PlaceholderMod:SpinBlade","floor":12.0},{"not_picked":["PlaceholderMod:ProliferateStrike","PlaceholderMod:ChainPoly","PlaceholderMod:TriggerStrike"],"picked":"SKIP","floor":15.0},{"not_picked":["PlaceholderMod:DoublePoint","PlaceholderMod:PericyclicReaction"],"picked":"PlaceholderMod:Eat","floor":16.0},{"not_picked":["PlaceholderMod:RadicalHit","PlaceholderMod:ConsolidateHit"],"picked":"PlaceholderMod:HardStrike","floor":19.0},{"not_picked":["PlaceholderMod:SubstitutionNucleophilic1","PlaceholderMod:SpinBlade","PlaceholderMod:RadicalHit"],"picked":"SKIP","floor":22.0},{"not_picked":["PlaceholderMod:Turn","PlaceholderMod:NearChange","PlaceholderMod:PoisonExcitation+1"],"picked":"SKIP","floor":25}],"player_experience":201621,"relics_obtained":[{"floor":2.0,"key":"Vajra"},{"floor":3.0,"key":"LetterFromLob"},{"floor":7.0,"key":"Strawberry"},{"floor":24.0,"key":"Dota2Spire:Dagon"},{"floor":25,"key":"Boot"}],"event_choices":[{"damage_healed":0.0,"max_hp_gain":0.0,"max_hp_loss":0.0,"gold_gain":0.0,"event_name":"conspire:LoneGhost","player_choice":"Agree","floor":8.0,"gold_loss":0.0,"damage_taken":0.0},{"damage_healed":0.0,"max_hp_gain":0.0,"max_hp_loss":0.0,"gold_gain":0.0,"event_name":"conspire:Investor","player_choice":"Leave","floor":20.0,"gold_loss":0.0,"damage_taken":0.0}],"is_beta":false,"boss_relics":[{"not_picked":["Empty Cage","Replay:Grab Bag"],"picked":"PlaceholderMod:LiveLive"}],"items_purged_floors":[],"is_endless":false,"potions_floor_spawned":[3,5,6,25],"killed_by":"Gensokyo:Slime_Group","ascension_level":0}}