{"host":"bplbr8uekuotory4","time":1613035221,"event":{"mods":["Act Like it!","BaseMod","GungeonMod","Hermit","KinomotoSakuraMod(木之本樱)","Marisa（F雨　魔理沙）","Minty Spire (QoL Compilation)","Prisma Mod","Quick Restart","Reimu（博丽灵梦）","SOS（斯巴达之子）","Spicy Shops","StSLib","TestMod","The Blackbeard","The Cursed","The Mystic","The Saiyan","The Senshi","The Servant 0.9.4","Yuri Mod","[IsaacMod]以撒尖塔"],"gold_per_floor":[117,184,184,197,215,254,254,274,274,274,274],"floor_reached":10,"language":"ZHS","playtime":129,"items_purged":[],"score":112,"play_id":"f2ec79e2-248f-47e9-a7a1-a820ff143169","local_time":"20210211172021","is_ascension_mode":true,"campfire_choices":[{"data":"yuri:MPose","floor":7,"key":"SMITH"}],"circlet_count":0,"master_deck":["AscendersBane","yuri:yuriStrike","yuri:yuriStrike","yuri:yuriStrike","yuri:yuriStrike","yuri:yuriStrike","yuri:yuriDefend","yuri:yuriDefend","yuri:yuriDefend","yuri:yuriDefend","yuri:Oolong","yuri:yuriStab","yuri:MPose+1","yuri:ThrowBook"],"relics":["yuri:yuriKnife","testmod-TestBox","HushsDoor","GuppysTail","testmod-Temperance","NeowsBlessing","Golden Idol","Smiling Mask"],"acts_visited":["Exordium"],"potions_floor_usage":[10,10],"damage_taken":[{"damage":0,"enemies":"2 Louse","floor":1,"turns":1},{"damage":0,"enemies":"Cultist","floor":4,"turns":1},{"damage":0,"enemies":"Small Slimes","floor":5,"turns":1},{"damage":21,"enemies":"Lagavulin","floor":6,"turns":4},{"damage":12,"enemies":"Looter","floor":8,"turns":3},{"damage":0,"enemies":"3 Sentries","floor":10,"turns":1}],"seed_played":"-4020428111032228512","potions_obtained":[{"floor":5,"key":"EssenceOfSteel"},{"floor":8,"key":"Dexterity Potion"}],"is_trial":false,"path_per_floor":["M","?","?","M","M","E","R","M","T","E"],"character_chosen":"YURI","items_purchased":[],"campfire_rested":0,"item_purchase_floors":[],"current_hp_per_floor":[72,57,37,37,41,24,24,16,16,20,20],"gold":274,"neow_bonus":"THREE_ENEMY_KILL","is_daily":false,"chose_seed":false,"campfire_upgraded":1,"win_rate":0.0,"timestamp":1613035221,"path_taken":["M","?","?","M","?","E","R","?","T","E"],"items_purchased_type":[],"build_version":"2020-12-22","purchased_purges":0,"victory":false,"max_hp_per_floor":[80,80,80,80,80,80,80,80,80,80,80],"card_choices":[{"not_picked":["yuri:MPose","yuri:Skip"],"picked":"Bomb","floor":1},{"not_picked":["yuri:NerfBat","yuri:InsanityDefense"],"picked":"Bomb","floor":4},{"not_picked":["yuri:yuriQuickStrike","yuri:CalmingAura"],"picked":"yuri:MPose","floor":5},{"not_picked":["yuri:Virus","yuri:yuriQuickStrike"],"picked":"yuri:ThrowBook","floor":6},{"not_picked":["yuri:yuriHeavyStrike","yuri:RecklessStrike","yuri:TPose"],"picked":"SKIP","floor":8}],"player_experience":1139886,"relics_obtained":[{"floor":6,"key":"Smiling Mask"}],"event_choices":[{"damage_healed":0,"gold_gain":0,"player_choice":"Take Damage","damage_taken":20,"relics_obtained":["Golden Idol"],"max_hp_gain":0,"max_hp_loss":0,"event_name":"Golden Idol","floor":3,"gold_loss":0}],"is_beta":false,"boss_relics":[],"items_purged_floors":[],"is_endless":false,"potions_floor_spawned":[5,8],"killed_by":"3 Sentries","ascension_level":13}}