{"host":"j4nfyhit1dl35m08","time":1613080044,"event":{"mods":["BaseMod","Downfall","Highlight Path","Minty Spire (QoL Compilation)","StSLib"],"gold_per_floor":[99,114,127,127,127,27,52,87,87,117,117,148,148,148,160,235,235,235,249,266,266,286,320,320,320,350,350,11,11,11,40,52,123,123,123,133,144,163,7,7,30,30,47,79,79,110,10,60,72,72],"floor_reached":51,"language":"ENG","playtime":5753,"items_purged":["bronze:Defend"],"score":1475,"play_id":"642cc6db-2bdb-45cb-ae4a-33485050cf2d","local_time":"20210211154724","is_ascension_mode":true,"campfire_choices":[{"floor":1,"key":"RECALL"},{"data":"bronze:Separator","floor":6,"key":"SMITH"},{"data":"bronze:Goto","floor":9,"key":"SMITH"},{"data":"bronze:Terminator","floor":11,"key":"SMITH"},{"data":"bronze:Branch","floor":13,"key":"SMITH"},{"data":"bronze:Verify","floor":18,"key":"SMITH"},{"floor":27,"key":"REST"},{"floor":30,"key":"REST"},{"data":"bronze:Boost","floor":35,"key":"SMITH"},{"data":"Pain","floor":45,"key":"PURGE"},{"data":"bronze:Assembly","floor":47,"key":"SMITH"}],"circlet_count":0,"master_deck":["AscendersBane","bronze:Defend","bronze:Defend","bronze:Defend","bronze:Replicate","bronze:Goto+1","bronze:WhirlingStrike","bronze:Separator+1","bronze:ChildClass","bronze:Terminator+1","bronze:Branch+1","bronze:Assembly+1","bronze:Constructor","bronze:Verify+1","bronze:Frontload+1","bronze:Deprecate","bronze:Invalidate","bronze:Separator","bronze:CutThrough+1","bronze:BuggyMess","bronze:Philosophize","bronze:ClassDefault","bronze:Boost+1","bronze:ChosenStrike","bronze:Separator","bronze:SpaghettiCode","bronze:FineTuning","bronze:Repair","bronze:WildBeam","bronze:Overheat","bronze:Optimize","expansioncontent:AwakenDeath","expansioncontent:InvincibleStrength","Decay","bronze:Branch+1","bronze:Repair","bronze:Repulsor"],"relics":["Runic Pyramid","downfall:HeartBlessingRed","PreservedInsect","bronze:SilverBullet","Matryoshka","Peace Pipe","bronze:MakeshiftBattery","Red Mask","Smiling Mask","White Beast Statue","downfall:ExtraCursedKey","The Courier","Kunai","Oddly Smooth Stone","Black Star","Shuriken","ClockworkSouvenir","Lantern","Ornamental Fan","Dream Catcher","bronze:DecasWashers","Singing Bowl","downfall:HeartBlessingBlue"],"acts_visited":["Exordium","TheCity","TheBeyond"],"potions_floor_usage":[16,46],"damage_taken":[{"damage":10,"enemies":"2 Louse","floor":2,"turns":3},{"damage":2,"enemies":"Jaw Worm","floor":3,"turns":4},{"damage":20,"enemies":"Lagavulin","floor":8,"turns":4},{"damage":10,"enemies":"Gremlin Nob","floor":10,"turns":3},{"damage":0,"enemies":"3 Sentries","floor":12,"turns":2},{"damage":0,"enemies":"Small Slimes","floor":15,"turns":1},{"damage":5,"enemies":"WA_ARCHETYPE_RETAIN","floor":16,"turns":7},{"damage":0,"enemies":"Spheric Guardian","floor":19,"turns":4},{"damage":23,"enemies":"Centurion and Healer","floor":20,"turns":3},{"damage":13,"enemies":"Snake Plant","floor":22,"turns":5},{"damage":3,"enemies":"Masked Bandits","floor":23,"turns":2},{"damage":0,"enemies":"Book of Stabbing","floor":26,"turns":3},{"damage":0,"enemies":"downfall:FleeingMerchant","floor":28,"turns":4},{"damage":11,"enemies":"Slavers","floor":31,"turns":3},{"damage":0,"enemies":"Cultist and Chosen","floor":32,"turns":5},{"damage":10,"enemies":"SI_MIRROR_ARCHETYPE","floor":33,"turns":7},{"damage":2,"enemies":"Orb Walker","floor":36,"turns":3},{"damage":4,"enemies":"3 Darklings","floor":37,"turns":3},{"damage":7,"enemies":"Jaw Worm Horde","floor":38,"turns":5},{"damage":0,"enemies":"downfall:FleeingMerchant","floor":39,"turns":2},{"damage":17,"enemies":"Transient","floor":43,"turns":6},{"damage":4,"enemies":"Reptomancer","floor":44,"turns":4},{"damage":1,"enemies":"Nemesis","floor":46,"turns":5},{"damage":0,"enemies":"Sphere and 2 Shapes","floor":49,"turns":5},{"damage":51,"enemies":"DF_ARCHETYPE_ORBS","floor":50,"turns":10}],"seed_played":"716020105173619995","potions_obtained":[{"floor":2,"key":"Dexterity Potion"},{"floor":3,"key":"LiquidBronze"},{"floor":16,"key":"LiquidMemories"},{"floor":26,"key":"FairyPotion"},{"floor":28,"key":"DistilledChaos"},{"floor":31,"key":"LiquidMemories"},{"floor":46,"key":"sneckomod:MuddlingPotion"}],"is_trial":false,"path_per_floor":["R","M","M","?","?","R","T","E","R","E","R","E","R","?","M","B",null,"R","M","M","?","M","?","T","?","E","R","$","?","R","E","M","B",null,"R","M","M","M","$","?","T","$","M","E","R","E","R","?","M","B",null],"character_chosen":"THE_AUTOMATON","items_purchased":["Kunai","bronze:Boost","bronze:ChosenStrike","Shuriken","ClockworkSouvenir","bronze:Optimize"],"campfire_rested":2,"item_purchase_floors":[28,28,28,39,39,39],"current_hp_per_floor":[57,47,45,45,63,63,63,43,43,33,33,33,33,33,33,28,54,54,54,31,31,18,15,15,15,15,33,33,33,51,40,40,30,55,55,53,49,63,63,53,53,53,43,59,59,62,72,72,75,41],"gold":72,"neow_bonus":"BOSS_RELIC","is_daily":false,"chose_seed":false,"campfire_upgraded":7,"win_rate":0.0,"timestamp":1613080044,"path_taken":["R","M","M","?","?","R","T","E","R","E","R","E","R","?","M","BOSS","R","M","M","?","M","?","T","?","E","R","$","?","R","E","M","BOSS","R","M","M","M","$","?","T","$","M","E","R","E","R","?","M","BOSS"],"items_purchased_type":["Relic","Card","Card","Relic","Relic","Card"],"build_version":"2020-12-22","purchased_purges":1,"victory":true,"max_hp_per_floor":[63,63,63,63,63,63,63,63,63,63,63,63,63,63,63,63,63,63,63,63,63,63,63,63,63,63,63,63,63,63,63,63,63,63,63,63,63,63,63,63,63,63,63,63,63,63,73,73,75,75],"card_choices":[{"not_picked":["bronze:NullPointer","bronze:ChildClass"],"picked":"bronze:WhirlingStrike","floor":2},{"not_picked":["bronze:Turbo","bronze:Invalidate"],"picked":"bronze:Separator","floor":3},{"not_picked":["bronze:BuggyMess","bronze:Branch"],"picked":"bronze:ChildClass","floor":8},{"not_picked":["bronze:Branch","bronze:CutThrough"],"picked":"bronze:Terminator","floor":10},{"not_picked":["bronze:BuggyMess","bronze:ChildClass"],"picked":"bronze:Branch","floor":12},{"not_picked":["bronze:CutThrough","bronze:BugBarrage"],"picked":"bronze:Constructor","floor":15},{"not_picked":["bronze:BurnOut","bronze:Virus"],"picked":"bronze:Verify","floor":16},{"not_picked":["bronze:Refactor","bronze:Separator"],"picked":"bronze:Frontload+1","floor":19},{"not_picked":["bronze:WildBeam","bronze:Branch"],"picked":"bronze:Deprecate","floor":20},{"not_picked":["bronze:OilSpill","bronze:Frontload"],"picked":"bronze:CutThrough+1","floor":22},{"not_picked":["bronze:BurnOut","bronze:DelayedGuard"],"picked":"bronze:BuggyMess","floor":23},{"not_picked":["bronze:BugBarrage","bronze:OilSpill"],"picked":"bronze:Philosophize","floor":26},{"not_picked":["bronze:Constructor","bronze:Turbo"],"picked":"bronze:ClassDefault","floor":28},{"not_picked":["bronze:WhirlingStrike","bronze:BuggyMess","bronze:Frontload"],"picked":"SKIP","floor":31},{"not_picked":["bronze:BuggyMess+1","bronze:InfiniteBeams","bronze:WhirlingStrike"],"picked":"SKIP","floor":32},{"not_picked":["bronze:ShipIt","bronze:FindAndReplace"],"picked":"bronze:SpaghettiCode","floor":33},{"not_picked":["bronze:OilSpill","bronze:DelayedGuard"],"picked":"bronze:FineTuning","floor":36},{"not_picked":["bronze:DelayedSlice","bronze:ClassDefault"],"picked":"bronze:Repair","floor":37},{"not_picked":["bronze:RecursiveStrike","bronze:DelayedSlice"],"picked":"bronze:WildBeam","floor":38},{"not_picked":["bronze:OilSpill","bronze:WhirlingStrike"],"picked":"bronze:Overheat","floor":39},{"not_picked":["expansioncontent:Hexaburn","expansioncontent:InvincibleStrength"],"picked":"expansioncontent:AwakenDeath","floor":40},{"not_picked":["expansioncontent:AwakenDeath","expansioncontent:LastStand"],"picked":"expansioncontent:InvincibleStrength","floor":40},{"not_picked":["bronze:WhirlingStrike","bronze:Deprecate+1"],"picked":"bronze:Branch+1","floor":43},{"not_picked":["bronze:FineTuning","bronze:Branch"],"picked":"bronze:Repair","floor":44},{"not_picked":["bronze:Iterate+1","bronze:DelayedSlice"],"picked":"bronze:Repulsor","floor":46},{"not_picked":["bronze:ForLoop","bronze:Philosophize","bronze:Frontload"],"picked":"Singing Bowl","floor":49}],"player_experience":517701,"relics_obtained":[{"floor":7,"key":"PreservedInsect"},{"floor":8,"key":"bronze:SilverBullet"},{"floor":10,"key":"Matryoshka"},{"floor":12,"key":"Peace Pipe"},{"floor":23,"key":"Red Mask"},{"floor":24,"key":"Smiling Mask"},{"floor":24,"key":"White Beast Statue"},{"floor":26,"key":"The Courier"},{"floor":31,"key":"Oddly Smooth Stone"},{"floor":41,"key":"Lantern"},{"floor":44,"key":"Ornamental Fan"},{"floor":44,"key":"Dream Catcher"},{"floor":46,"key":"bronze:DecasWashers"},{"floor":46,"key":"Singing Bowl"}],"event_choices":[{"damage_healed":21,"gold_gain":0,"player_choice":"Banana","damage_taken":0,"max_hp_gain":0,"max_hp_loss":0,"event_name":"Big Fish","floor":5,"gold_loss":0},{"damage_healed":0,"gold_gain":0,"cards_transformed":["bronze:Strike"],"player_choice":"Change","damage_taken":0,"max_hp_gain":0,"max_hp_loss":0,"event_name":"Living Wall","floor":14,"gold_loss":0,"cards_obtained":["bronze:Assembly"]},{"damage_healed":0,"gold_gain":0,"cards_transformed":["bronze:Strike","bronze:Strike"],"player_choice":"Became Test Subject","damage_taken":0,"max_hp_gain":0,"max_hp_loss":0,"event_name":"Drug Dealer","floor":21,"gold_loss":0,"cards_obtained":["bronze:Invalidate","bronze:Separator"]},{"damage_healed":0,"gold_gain":0,"player_choice":"Fought Bandits","damage_taken":0,"max_hp_gain":0,"max_hp_loss":0,"event_name":"Masked Bandits","floor":23,"gold_loss":0}],"is_beta":false,"boss_relics":[{"not_picked":["Philosopher\u0027s Stone","Coffee Dripper"],"picked":"bronze:MakeshiftBattery"},{"not_picked":["Pandora\u0027s Box","Empty Cage"],"picked":"Black Star"}],"items_purged_floors":[39],"is_endless":false,"potions_floor_spawned":[2,3,16,26,28,31,32,33,36,37,38,39,43,44,46,49],"ascension_level":17}}