{"host":"xc18ixkpjvqrt8st","time":1613010274,"event":{"mods":["Act Like it!","BaseMod","Better Match","Better Third Choice","Conspire","Downfall","Hallownest","Hermit","Hubris","Minty Spire (QoL Compilation)","Reliquary","Robot Space Explorer","Shop Mod","Spicy Shops","Spire Arcade","StSLib","The Animator","The Edgeheg","The Jungle","The Sage"],"gold_per_floor":[126,19,48,48,48,83,110,110,110],"floor_reached":8,"language":"ENG","playtime":553,"items_purged":[],"score":62,"play_id":"ba276434-0b03-4d9d-bbda-2c23d539cf4a","local_time":"20210210202434","is_ascension_mode":true,"campfire_choices":[],"circlet_count":0,"master_deck":["animator:Strike_MadokaMagica","animator:Defend_MadokaMagica","animator:Strike","animator:Strike","animator:Strike","animator:Defend","animator:Defend","animator:Defend","animator:IrohaTamaki","animator:YuiTsuruno","animator:PandorasActor","animator:Aisha","animator:DwarfShaman","animator:Kira","animator:Jibril","animator:Evileye","animator:NagisaMomoe"],"relics":["animator:LivingPicture","animator:TheMissingPiece","hubris:Reverence"],"acts_visited":["Exordium"],"potions_floor_usage":[8,8],"damage_taken":[{"damage":2,"enemies":"2 Louse","floor":1,"turns":3},{"damage":10,"enemies":"Small Slimes","floor":3,"turns":6},{"damage":29,"enemies":"3 Sentries","floor":6,"turns":6},{"damage":0,"enemies":"Jaw Worm","floor":7,"turns":4},{"damage":36,"enemies":"Lagavulin","floor":8,"turns":5}],"seed_played":"-2819574228704593773","potions_obtained":[{"floor":3,"key":"SteroidPotion"},{"floor":7,"key":"AttackPotion"}],"is_trial":false,"path_per_floor":["M","$","M","?","?","E","M","E"],"character_chosen":"THE_ANIMATOR","items_purchased":["animator:Aisha","animator:DwarfShaman","animator:Kira"],"campfire_rested":0,"item_purchase_floors":[2,2,2],"current_hp_per_floor":[70,70,60,60,60,32,32,0,0],"gold":110,"neow_bonus":"TEN_PERCENT_HP_BONUS","is_daily":false,"chose_seed":false,"campfire_upgraded":0,"win_rate":0.0,"timestamp":1613010274,"path_taken":["M","$","M","?","?","E","M","E"],"items_purchased_type":["Card","Card","Card"],"build_version":"2020-12-22","purchased_purges":0,"victory":false,"max_hp_per_floor":[72,72,72,72,72,73,73,73,73],"card_choices":[{"not_picked":["animator:Spearman","animator:Evileye"],"picked":"animator:PandorasActor","floor":1},{"not_picked":["animator:MamiTomoe","animator:Cocytus"],"picked":"animator:Jibril","floor":3},{"not_picked":["animator:OrikoMikuni","animator:Raven"],"picked":"animator:Evileye","floor":6},{"not_picked":["animator:SayakaMiki","animator:OrikoMikuni"],"picked":"animator:NagisaMomoe","floor":7}],"player_experience":700358,"relics_obtained":[{"floor":6,"key":"hubris:Reverence"}],"event_choices":[{"damage_healed":0,"gold_gain":0,"player_choice":"Ignored","damage_taken":0,"max_hp_gain":0,"max_hp_loss":0,"event_name":"Golden Wing","floor":4,"gold_loss":0}],"is_beta":false,"boss_relics":[],"items_purged_floors":[],"is_endless":false,"potions_floor_spawned":[3,7],"killed_by":"Lagavulin","ascension_level":2}}