{"host":"rtw1tnr74gozsrw1","time":1613019542,"event":{"mods":["BaseMod","Colored Map","Colored Powertips","Highlight Path","Infinite Spire","Minty Spire (QoL Compilation)","StSLib","The Jungle"],"gold_per_floor":[111,111,61,76,89,89,115,115,170,170,184,218,88,105,105,205,205,172,172,191,191,191,218,218,250,322,337,262,297,297,297,297],"floor_reached":31,"language":"ENG","playtime":1200,"items_purged":["Defend_B","Zap"],"score":361,"play_id":"b13a6d66-cde1-4d9c-aac1-1fd845fb14e3","local_time":"20210211055902","is_ascension_mode":true,"campfire_choices":[{"data":"Streamline","floor":6,"key":"SMITH"},{"data":"Conserve Battery","floor":8,"key":"SMITH"},{"floor":15,"key":"REST"},{"floor":24,"key":"REST"},{"floor":30,"key":"REST"}],"circlet_count":0,"master_deck":["Strike_B+1","Strike_B+1","Defend_B+1","Dualcast","Streamline+1","Conserve Battery+1","Conserve Battery+1","Reprogram","White Noise","Leap","Machine Learning","infinitespire:Fortify","Reprogram+1","Streamline","Auto Shields"],"relics":["Cracked Core","NeowsBlessing","Whetstone","War Paint","Smiling Mask","SlaversCollar","Nunchaku","Bronze Scales","Orichalcum"],"acts_visited":["Exordium","TheCity"],"potions_floor_usage":[7,7,23,31,31],"damage_taken":[{"damage":0,"enemies":"2 Louse","floor":1,"turns":1},{"damage":0,"enemies":"Jaw Worm","floor":4,"turns":1},{"damage":0,"enemies":"Small Slimes","floor":5,"turns":1},{"damage":13,"enemies":"3 Sentries","floor":7,"turns":6},{"damage":0,"enemies":"2 Fungi Beasts","floor":11,"turns":2},{"damage":33,"enemies":"Gremlin Nob","floor":12,"turns":5},{"damage":0,"enemies":"Exordium Wildlife","floor":14,"turns":3},{"damage":19,"enemies":"The Guardian","floor":16,"turns":10},{"damage":36,"enemies":"2 Thieves","floor":18,"turns":5},{"damage":3,"enemies":"Spheric Guardian","floor":20,"turns":5},{"damage":9,"enemies":"Nightmare","floor":23,"turns":12},{"damage":8,"enemies":"Gremlin Leader","floor":25,"turns":8},{"damage":22,"enemies":"Centurion and Healer","floor":27,"turns":10},{"damage":5,"enemies":"Slavers","floor":29,"turns":7},{"damage":43,"enemies":"Cultist and Chosen","floor":31,"turns":5}],"seed_played":"-906806543465570030","potions_obtained":[{"floor":1,"key":"Fire Potion"},{"floor":4,"key":"FocusPotion"},{"floor":5,"key":"Explosive Potion"},{"floor":18,"key":"SkillPotion"},{"floor":25,"key":"Strength Potion"}],"is_trial":false,"path_per_floor":["M","?","?","M","M","R","E","R","T","?","M","E","$","M","R","B",null,"M","AVR","M","?","?","NM","R","E","T","M","?","E","R","M"],"character_chosen":"DEFECT","items_purchased":["White Noise"],"campfire_rested":3,"item_purchase_floors":[13],"current_hp_per_floor":[75,68,68,68,68,68,55,55,55,55,55,22,22,22,44,25,75,39,39,36,36,36,27,49,41,41,19,19,14,36,0,0],"gold":297,"neow_bonus":"THREE_ENEMY_KILL","is_daily":false,"chose_seed":false,"campfire_upgraded":2,"win_rate":0.0,"timestamp":1613019542,"path_taken":["M","?","?","M","M","R","E","R","T","?","M","E","$","M","R","BOSS","M","AVR","M","?","?","NM","R","E","T","M","?","E","R","M"],"items_purchased_type":["Card"],"build_version":"2020-12-22","purchased_purges":2,"victory":false,"max_hp_per_floor":[75,75,75,75,75,75,75,75,75,75,75,75,75,75,75,75,75,75,75,75,75,75,75,75,75,75,75,75,75,75,75,75],"card_choices":[{"not_picked":["Stack","Streamline","Turbo"],"picked":"SKIP","floor":1},{"not_picked":["BootSequence","Cold Snap"],"picked":"Streamline","floor":4},{"not_picked":["Beam Cell","Turbo"],"picked":"Conserve Battery","floor":5},{"not_picked":["Steam","Undo"],"picked":"Conserve Battery","floor":7},{"not_picked":["All For One","Coolheaded"],"picked":"Reprogram","floor":11},{"not_picked":["Double Energy","Storm","Blizzard"],"picked":"SKIP","floor":12},{"not_picked":["Melter","Heatsinks"],"picked":"Leap","floor":14},{"not_picked":["Creative AI","Seek"],"picked":"Machine Learning","floor":16},{"not_picked":["Compile Driver","Genetic Algorithm+1","Turbo+1"],"picked":"SKIP","floor":18},{"not_picked":["Static Discharge+1","Hello World"],"picked":"Reprogram+1","floor":20},{"not_picked":["Tempest","Recycle","Coolheaded+1"],"picked":"SKIP","floor":23},{"not_picked":["Compile Driver","Turbo","Undo"],"picked":"SKIP","floor":25},{"not_picked":["Sweeping Beam+1","Steam"],"picked":"Streamline","floor":27},{"not_picked":["Stack","Coolheaded"],"picked":"Auto Shields","floor":29}],"player_experience":131464,"relics_obtained":[{"floor":7,"key":"Whetstone"},{"floor":9,"key":"War Paint"},{"floor":12,"key":"Smiling Mask"},{"floor":23,"key":"Nunchaku"},{"floor":25,"key":"Bronze Scales"},{"floor":29,"key":"Orichalcum"}],"event_choices":[{"cards_removed":["Strike_B"],"damage_healed":0,"gold_gain":0,"player_choice":"Card Removal","damage_taken":7,"max_hp_gain":0,"max_hp_loss":0,"event_name":"Golden Wing","floor":2,"gold_loss":0},{"cards_removed":["Strike_B"],"damage_healed":0,"gold_gain":0,"player_choice":"Card Removal","damage_taken":0,"max_hp_gain":0,"max_hp_loss":0,"event_name":"The Cleric","floor":3,"gold_loss":50},{"damage_healed":0,"gold_gain":0,"player_choice":"Ignored","damage_taken":0,"max_hp_gain":0,"max_hp_loss":0,"event_name":"Ghosts","floor":22,"gold_loss":0},{"cards_removed":["Defend_B"],"damage_healed":0,"gold_gain":0,"player_choice":"Gave Gold","damage_taken":0,"max_hp_gain":0,"max_hp_loss":0,"event_name":"Beggar","floor":28,"gold_loss":75}],"is_beta":false,"boss_relics":[{"not_picked":["Tiny House","Pandora\u0027s Box"],"picked":"SlaversCollar"}],"items_purged_floors":[13,19],"is_endless":false,"potions_floor_spawned":[1,4,5,18,25],"killed_by":"Cultist and Chosen","ascension_level":4}}