{"host":"27c7lqff1bu0ydoz","time":1613010889,"event":{"mods":["AchievementEnabler","Act Like it!","Aspiration","BaseMod","Block Reminder","CapriCore","Conspire","Energized Spire","Friendly Minions","Gensokyo","GifTheSpireLib","Hubris","Infinite Spire","Koishi","Marisa????????","Minty Spire (QoL Compilation)","Reimu??????","Remilia??????","Replay The Spire","StSLib","The Immortal","yUi"],"gold_per_floor":[119,135,146,158,0,0,30,30,30,30,59,93,111,129,129,233,233,253,268,268,25,41,41,70,70,70,90,90,105,105,133,133,229,229,243,260,310,322,322,322,338,338,338,338,238,255,255,56,56,157,157,158,161,48,48,54,54,48,48,48,344,344,343,443,432,432,486,486,488,683,460,340,326,326,323,323,323,336,327,327,327,529,529,552,552,543,843,843,840,840,840,838,802,828,828,797,797],"floor_reached":96,"language":"ENG","playtime":9580,"items_purged":["Defend_G","Defend_G","Strike_G"],"score":1823,"play_id":"154a2ef8-1eea-410d-8e8f-488fe4d23571","local_time":"20210211033449","is_ascension_mode":true,"campfire_choices":[{"data":"Dagger Spray","floor":6.0,"key":"SMITH"},{"floor":8.0,"key":"REST"},{"data":"Distraction","floor":10.0,"key":"SMITH"},{"floor":15.0,"key":"REST"},{"floor":23.0,"key":"REST"},{"floor":25.0,"key":"REST"},{"data":"Well Laid Plans","floor":28.0,"key":"SMITH"},{"floor":32.0,"key":"REST"},{"data":"Accuracy","floor":40.0,"key":"SMITH"},{"floor":44.0,"key":"REST"},{"data":"Cloak And Dagger","floor":47.0,"key":"SMITH"},{"floor":49.0,"key":"REST"},{"data":"Doppelganger","floor":57.0,"key":"SMITH"},{"data":"Backstab","floor":62.0,"key":"SMITH"},{"data":"Neutralize","floor":66,"key":"SMITH"},{"floor":74,"key":"REST"},{"data":"Footwork","floor":76,"key":"SMITH"},{"data":"Cloak And Dagger","floor":81,"key":"SMITH"},{"floor":83,"key":"REST"},{"data":"Quick Slash","floor":91,"key":"SMITH"},{"floor":95,"key":"REST"}],"circlet_count":0,"master_deck":["Strike_G","Strike_G","Strike_G","Defend_G","Defend_G","Defend_G","Survivor+1","Neutralize+1","Cloak And Dagger+1","Dagger Spray+1","Backflip","Quick Slash","Sucker Punch+1","Slice","Distraction+1","Well Laid Plans+1","Hidden Blade","Eviscerate","Backstab+1","A Thousand Cuts+1","Blade Dance+1","Heel Hook+1","Footwork+1","Leg Sweep+1","Cloak And Dagger+1","Quick Slash+1","Flying Knee","Doppelganger+1","Dagger Throw","Accuracy+1","Cloak And Dagger+1","Footwork+1","Prepared+1","Dash","Storm of Steel+1","Flechettes","hubris:InfiniteBlow+2","ReplayTheSpireMod:The Works+1","Sucker Punch+1","Acrobatics","Endless Agony+1","Gensokyo:SummonPsychicCat","Terror+1","Reflex+1","Dodge and Roll+1","Prepared"],"relics":["Ring of the Serpent","infinitespire:FocusingShard","CrazyTorch:ReiMu","Nunchaku","infinitespire:Satchel","Mirror","aspiration:Lifesprig","StrikeDummy","Bottled Tornado","energizedSpire:NeverEndingSparkler","FossilizedHelix","StoneCalendar","energizedSpire:DeadBattery","Garlic","Bottled Flame","infinitespire:Broken Mirror","hubris:ScarierMask","Gensokyo:SpiderMask","Lantern","War Paint","conspire:Flyswatter","Durian","hubris:TenFootPole","SlaversCollar","Gensokyo:Companionship","Old Coin","Question Card","Anchor"],"acts_visited":["Exordium","TheCity","TheBeyond","TheBeyond","Gensokyo:Gensokyo","Gensokyo:Gensokyoer"],"potions_floor_usage":[84,84,93,93,96],"damage_taken":[{"damage":0.0,"enemies":"Cultist","floor":1.0,"turns":5.0},{"damage":0.0,"enemies":"2 Louse","floor":2.0,"turns":4.0},{"damage":0.0,"enemies":"Jaw Worm","floor":3.0,"turns":5.0},{"damage":3.0,"enemies":"2 Fungi Beasts","floor":4.0,"turns":4.0},{"damage":15.0,"enemies":"Gremlin Nob","floor":7.0,"turns":4.0},{"damage":16.0,"enemies":"3 Sentries","floor":11.0,"turns":6.0},{"damage":6.0,"enemies":"conspire:MimicChest","floor":12.0,"turns":6.0},{"damage":1.0,"enemies":"Red Slaver","floor":13.0,"turns":4.0},{"damage":16.0,"enemies":"Exordium Thugs","floor":14.0,"turns":4.0},{"damage":17.0,"enemies":"Slime Boss","floor":16.0,"turns":14.0},{"damage":12.0,"enemies":"2 Thieves","floor":18.0,"turns":4.0},{"damage":7.0,"enemies":"Shell Parasite","floor":19.0,"turns":4.0},{"damage":18.0,"enemies":"Snake Plant","floor":22.0,"turns":4.0},{"damage":13.0,"enemies":"Nightmare","floor":24.0,"turns":8.0},{"damage":0.0,"enemies":"Cultist and Chosen","floor":27.0,"turns":6.0},{"damage":6.0,"enemies":"Centurion and Healer","floor":29.0,"turns":3.0},{"damage":1.0,"enemies":"Replay:Snechameleon","floor":31.0,"turns":7.0},{"damage":7.0,"enemies":"conspire:MysteriousRune","floor":33.0,"turns":7.0},{"damage":15.0,"enemies":"3 Shapes","floor":35.0,"turns":4.0},{"damage":0.0,"enemies":"Orb Walker","floor":36.0,"turns":3.0},{"damage":0.0,"enemies":"Mind Bloom Boss Battle","floor":37.0,"turns":5.0},{"damage":0.0,"enemies":"3 Darklings","floor":38.0,"turns":4.0},{"damage":1.0,"enemies":"Spire Growth","floor":41.0,"turns":4.0},{"damage":15.0,"enemies":"Writhing Mass","floor":46.0,"turns":7.0},{"damage":45.0,"enemies":"conspire:OrnateMirror","floor":50.0,"turns":9.0},{"damage":0.0,"enemies":"Gensokyo:Gryphon","floor":52.0,"turns":2.0},{"damage":6.0,"enemies":"Gensokyo:2_Kodama","floor":53.0,"turns":2.0},{"damage":0.0,"enemies":"Gensokyo:Python","floor":56.0,"turns":3.0},{"damage":0.0,"enemies":"Gensokyo:Mamizou","floor":58.0,"turns":4.0},{"damage":0.0,"enemies":"Gensokyo:LivingMonolith","floor":61.0,"turns":2.0},{"damage":0.0,"enemies":"Gensokyo:Cirno","floor":63.0,"turns":4.0},{"damage":0.0,"enemies":"Gensokyo:Mamizou","floor":65.0,"turns":5.0},{"damage":35,"enemies":"Gensokyo:Kokoro","floor":67,"turns":7},{"damage":0,"enemies":"Gensokyo:2_Gloops","floor":69,"turns":2},{"damage":26,"enemies":"Gensokyo:AngelMirror","floor":70,"turns":2},{"damage":6,"enemies":"Gensokyo:3_Gloops","floor":73,"turns":5},{"damage":0,"enemies":"Gensokyo:Reisen","floor":75,"turns":4},{"damage":0,"enemies":"Gensokyo:Monolith_and_Dog","floor":78,"turns":1},{"damage":0,"enemies":"Gensokyo:Slime_Group","floor":79,"turns":2},{"damage":0,"enemies":"Gensokyo:Swordslinger","floor":80,"turns":2},{"damage":9,"enemies":"Gensokyo:Koishi","floor":82,"turns":4},{"damage":0,"enemies":"Gensokyo:Eternal_Rivals","floor":84,"turns":7},{"damage":0,"enemies":"Gensokyo:AncientGuardian","floor":86,"turns":3},{"damage":0,"enemies":"Gensokyo:3_Bats","floor":89,"turns":2},{"damage":0,"enemies":"Gensokyo:Dusk_and_Dawn","floor":92,"turns":2},{"damage":33,"enemies":"Gensokyo:Kasen","floor":93,"turns":6},{"damage":66,"enemies":"Gensokyo:Marisa","floor":96,"turns":3}],"seed_played":"-4790482798433189928","potions_obtained":[{"floor":2.0,"key":"Poison Potion"},{"floor":12.0,"key":"GrandPatriotsElixir:ReiMu"},{"floor":13.0,"key":"Toxic Potion"},{"floor":35.0,"key":"Explosive Potion"},{"floor":37.0,"key":"Weak Potion"},{"floor":50.0,"key":"PowerPotion"},{"floor":52.0,"key":"PowerPotion"},{"floor":56.0,"key":"MagicPotion:ReiMu"},{"floor":78,"key":"Weak Potion"},{"floor":79,"key":"Explosive Potion"},{"floor":84,"key":"Swift Potion"},{"floor":93,"key":"Dexterity Potion"}],"is_trial":false,"path_per_floor":["M","M","M","M","$","R","E","R","T","R","E","?","M","M","R","B",null,"M","M","?","$","M","R","NM","R","T","M","R","M","T","E","R","B",null,"M","M","?","M","?","R","M","?","T","R","$","M","R","$","R","B",null,"M","M","COS","?","M","R","E","?","T","M","R","E","?","E","R","B",null,"M","M","COS","?","M","R","E","R","T","M","M","M","R","E","R","B",null,"M","?","?","M","?","R","M","E","T","R","E"],"character_chosen":"THE_SILENT","items_purchased":["Sucker Punch+1","Slice","Mirror","Dash"],"campfire_rested":10,"item_purchase_floors":[5,5,21,48],"current_hp_per_floor":[70,70,70,67,67,67,52,70,70,70,54,48,47,31,52,35,70,58,51,51,51,33,54,41,62,62,62,62,56,56,55,70,63,70,55,55,55,55,55,55,54,54,54,70,70,55,55,55,70,25,70,70,64,64,64,64,64,64,64,64,64,64,64,64,64,64,29,70,70,44,44,44,38,59,59,59,59,59,59,59,59,55,75,75,75,75,60,60,60,60,60,60,27,27,49,0,0],"gold":797,"neow_bonus":"REMOVE_CARD","is_daily":false,"chose_seed":false,"campfire_upgraded":11,"win_rate":0.0,"timestamp":1613010889,"path_taken":["M","?","M","M","$","R","E","R","T","R","E","?","M","M","R","BOSS","M","M","?","$","M","R","NM","R","T","M","R","?","?","E","R","BOSS","M","M","?","M","?","R","M","?","T","R","$","M","R","$","R","BOSS","M","M","COS","?","M","R","E","?","T","M","R","E","?","E","R","BOSS","M","M","COS","?","M","R","E","R","T","M","M","M","R","E","R","BOSS","M","?","?","M","?","R","M","E","T","R","E"],"items_purchased_type":["Card","Card","Relic","Card"],"build_version":"2020-12-22","purchased_purges":3,"victory":false,"max_hp_per_floor":[70,70,70,70,70,70,70,70,70,70,70,70,70,70,70,70,70,70,70,70,70,70,70,70,70,70,70,70,70,70,70,70,70,70,70,70,70,70,70,70,70,70,70,70,70,70,70,70,70,70,70,70,70,70,70,70,70,70,70,70,70,70,70,70,70,70,70,70,70,70,70,70,70,70,70,70,70,70,70,70,70,75,75,75,75,75,75,75,75,75,75,75,75,75,75,75,75],"card_choices":[{"not_picked":["hubris:SlightOfHand","hubris:TrickCloak"],"picked":"Cloak And Dagger","floor":1.0},{"not_picked":["Underhanded Strike","Escape Plan"],"picked":"Dagger Spray","floor":2.0},{"not_picked":["Bane","Flying Knee"],"picked":"Backflip","floor":3.0},{"not_picked":["All Out Attack","Deadly Poison"],"picked":"Quick Slash","floor":4.0},{"not_picked":["Deflect","Cloak And Dagger"],"picked":"Distraction","floor":7.0},{"not_picked":["Outmaneuver","Malaise"],"picked":"Well Laid Plans","floor":11.0},{"not_picked":["Sneak Up","Deflect"],"picked":"Hidden Blade","floor":12.0},{"not_picked":["Dodge and Roll","Catalyst"],"picked":"Eviscerate","floor":13.0},{"not_picked":["Sneak Up","Acrobatics"],"picked":"Backstab","floor":14.0},{"not_picked":["ReplayTheSpireMod:From All Sides","Poison Darts"],"picked":"A Thousand Cuts","floor":16.0},{"not_picked":["Replay:Poison Smokescreen","Choke"],"picked":"Blade Dance","floor":18.0},{"not_picked":["conspire:DoublingDagger","Outmaneuver"],"picked":"Heel Hook+1","floor":19.0},{"not_picked":["Reflex","Dagger Throw"],"picked":"Footwork","floor":22.0},{"not_picked":["Footwork","Dash+1"],"picked":"Leg Sweep+1","floor":24.0},{"not_picked":["Backstab+1","Flying Knee"],"picked":"Cloak And Dagger+1","floor":27.0},{"not_picked":["Bane","Deflect"],"picked":"Quick Slash","floor":29.0},{"not_picked":["Well Laid Plans","hubris:SlightOfHand+1"],"picked":"Flying Knee","floor":31.0},{"not_picked":["Poison Darts","aspiration:Lunge"],"picked":"Doppelganger","floor":33.0},{"not_picked":["conspire:DoublingDagger+1","Toxin Wave"],"picked":"Dagger Throw","floor":35.0},{"not_picked":["ReplayTheSpireMod:Tripwire","Poisoned Stab"],"picked":"Accuracy","floor":36.0},{"not_picked":["Riddle With Holes","conspire:DoublingDagger+1"],"picked":"Cloak And Dagger","floor":37.0},{"not_picked":["Slice","Bane+1","ReplayTheSpireMod:Tripwire"],"picked":"SKIP","floor":38.0},{"not_picked":["Slice+1","Backstab+1"],"picked":"Footwork+1","floor":41.0},{"not_picked":["Acrobatics+1","hubris:TrickCloak+1"],"picked":"Prepared+1","floor":46.0},{"not_picked":["Wraith Form v2","Venomology"],"picked":"Storm of Steel","floor":50.0},{"not_picked":["Well Laid Plans","Prepared","hubris:SlightOfHand"],"picked":"SKIP","floor":52.0},{"not_picked":["Dagger Throw","Cloak And Dagger","Dodge and Roll"],"picked":"SKIP","floor":53.0},{"not_picked":["Poisoned Stab","Deadly Poison","Sucker Punch"],"picked":"SKIP","floor":56.0},{"not_picked":["Venomology","Choke","hubris:SlightOfHand"],"picked":"SKIP","floor":58.0},{"not_picked":["Leg Sweep","ReplayTheSpireMod:The Works","Terror"],"picked":"SKIP","floor":61.0},{"not_picked":["Prepared","Quick Slash"],"picked":"Flechettes","floor":63.0},{"not_picked":["Toxin Wave","Poisoned Stab","Concentrate"],"picked":"SKIP","floor":65.0},{"not_picked":["infinitespire:Execution","infinitespire:Gouge"],"picked":"hubris:InfiniteBlow+2","floor":68},{"not_picked":["Heel Hook+1","Poisoned Stab","Dagger Throw"],"picked":"SKIP","floor":69},{"not_picked":["Blade Dance+1","Dagger Throw+1","ReplayTheSpireMod:Necrosis"],"picked":"SKIP","floor":70},{"not_picked":["Hidden Blade","hubris:SlightOfHand+1","Eviscerate"],"picked":"SKIP","floor":73},{"not_picked":["Noxious Fumes","ReplayTheSpireMod:Tripwire"],"picked":"ReplayTheSpireMod:The Works+1","floor":75},{"not_picked":["Prepared","Flying Knee+1"],"picked":"Sucker Punch+1","floor":78},{"not_picked":["Deflect","Dodge and Roll"],"picked":"Acrobatics","floor":79},{"not_picked":["ReplayTheSpireMod:The Works","Dash+1","Bane"],"picked":"SKIP","floor":80},{"not_picked":["Skewer","Storm of Steel"],"picked":"Endless Agony+1","floor":82},{"not_picked":["Hidden Blade","Prepared"],"picked":"Terror+1","floor":86},{"not_picked":["Deadly Poison+1","Catalyst"],"picked":"Reflex+1","floor":89},{"not_picked":["Flying Knee+1","Endless Agony+1"],"picked":"Dodge and Roll+1","floor":92},{"not_picked":["conspire:PoisonWeapons","Flechettes+1"],"picked":"Prepared","floor":93}],"player_experience":272241,"relics_obtained":[{"floor":7.0,"key":"infinitespire:FocusingShard"},{"floor":9.0,"key":"CrazyTorch:ReiMu"},{"floor":11.0,"key":"Nunchaku"},{"floor":12.0,"key":"infinitespire:Satchel"},{"floor":24.0,"key":"aspiration:Lifesprig"},{"floor":26.0,"key":"StrikeDummy"},{"floor":31.0,"key":"Bottled Tornado"},{"floor":37.0,"key":"FossilizedHelix"},{"floor":43.0,"key":"StoneCalendar"},{"floor":60.0,"key":"Garlic"},{"floor":63.0,"key":"Bottled Flame"},{"floor":65.0,"key":"infinitespire:Broken Mirror"},{"floor":75,"key":"War Paint"},{"floor":77,"key":"conspire:Flyswatter"},{"floor":82,"key":"hubris:TenFootPole"},{"floor":93,"key":"Question Card"},{"floor":94,"key":"Anchor"}],"event_choices":[{"damage_healed":0.0,"max_hp_gain":0.0,"max_hp_loss":0.0,"gold_gain":0.0,"event_name":"Upgrade Shrine","player_choice":"Upgraded","floor":20.0,"gold_loss":0.0,"damage_taken":0.0,"cards_upgraded":["A Thousand Cuts"]},{"damage_healed":0.0,"max_hp_gain":0.0,"max_hp_loss":0.0,"gold_gain":0.0,"event_name":"MindBloom","player_choice":"Fight","floor":37.0,"gold_loss":0.0,"damage_taken":0.0},{"damage_healed":0.0,"max_hp_gain":0.0,"max_hp_loss":0.0,"gold_gain":0.0,"event_name":"Tomb of Lord Red Mask","player_choice":"Ignored","floor":42.0,"gold_loss":0.0,"damage_taken":0.0}],"is_beta":false,"boss_relics":[{"not_picked":["hubris:VirtuousBlindfold","energizedSpire:OgreHead"],"picked":"Ring of the Serpent"},{"not_picked":["Black Star","Snecko Eye"],"picked":"energizedSpire:NeverEndingSparkler"},{"not_picked":["conspire:SeveredTorchhead","Pandora\u0027s Box"],"picked":"energizedSpire:DeadBattery"},{"not_picked":["energizedSpire:SpiderWeb","Calling Bell"],"picked":"hubris:ScarierMask"},{"not_picked":["energizedSpire:StickyHand","hubris:RunicObelisk"],"picked":"SlaversCollar"}],"items_purged_floors":[5,45,48],"is_endless":true,"potions_floor_spawned":[2,12,13,19,22,29,35,37,38,50,52,56,58,63,78,79,82,84,93],"killed_by":"Gensokyo:Marisa","ascension_level":1}}