{"host":"kcvncuxxsb6xpuus","time":1613040440,"event":{"mods":["BaseMod","Minty Spire (QoL Compilation)","Replay The Spire","StSLib"],"gold_per_floor":[117,117,392,8,19,19,51,51,99,125,144,144,159,6,6,106,106,119,19,118,118,135,135,135,148,171,188,9,9,9,25,25,36,36,36,36],"floor_reached":35,"language":"ZHS","playtime":1658,"items_purged":["Strike_R","Strike_R","Defend_R"],"score":278,"play_id":"306e356d-891a-460e-b070-33253ff1c035","local_time":"20210211184720","is_ascension_mode":true,"campfire_choices":[{"data":"Metallicize","floor":6.0,"key":"SMITH"},{"data":"Rupture","floor":8.0,"key":"SMITH"},{"floor":12.0,"key":"REST"},{"floor":15.0,"key":"REST"},{"floor":23,"key":"REST"},{"floor":32,"key":"REST"},{"floor":34,"key":"REST"}],"circlet_count":0,"master_deck":["Strike_R","Strike_R","Defend_R","Defend_R","Bash","Blood for Blood","Rupture+1","Rupture","Metallicize+1","Blood for Blood","Feed+1","Combust+1","Anger","Warcry+1"],"relics":["Burning Blood","PreservedInsect","DollysMirror","Toy Ornithopter","Dream Catcher","Golden Egg","Empty Cage","MealTicket"],"acts_visited":["Exordium","TheCity"],"potions_floor_usage":[18,27,31,33,35],"damage_taken":[{"damage":6.0,"enemies":"Jaw Worm","floor":1.0,"turns":6.0},{"damage":9.0,"enemies":"Small Slimes","floor":5.0,"turns":3.0},{"damage":43.0,"enemies":"Lagavulin","floor":7.0,"turns":7.0},{"damage":30.0,"enemies":"3 Sentries","floor":10.0,"turns":7.0},{"damage":4.0,"enemies":"Cultist","floor":11.0,"turns":4.0},{"damage":11.0,"enemies":"3 Louse","floor":13.0,"turns":4.0},{"damage":22.0,"enemies":"Hexaghost","floor":16.0,"turns":8.0},{"damage":34,"enemies":"3 Byrds","floor":18,"turns":4},{"damage":17,"enemies":"Chosen","floor":22,"turns":5},{"damage":27,"enemies":"Sentry and Sphere","floor":25,"turns":5},{"damage":35,"enemies":"Snake Plant","floor":27,"turns":4},{"damage":40,"enemies":"Shelled Parasite and Fungi","floor":31,"turns":4},{"damage":40,"enemies":"Centurion and Healer","floor":33,"turns":5},{"damage":42,"enemies":"Collector","floor":35,"turns":3}],"seed_played":"3484595772206598890","potions_obtained":[{"floor":7.0,"key":"Swift Potion"},{"floor":10.0,"key":"Elixir"},{"floor":13.0,"key":"Block Potion"},{"floor":16,"key":"Death Potion"},{"floor":25,"key":"Reflective Coating"},{"floor":27,"key":"DistilledChaos"},{"floor":31,"key":"Strength Potion"},{"floor":33,"key":"SpeedPotion"}],"is_trial":false,"path_per_floor":["M","?","?","$","M","R","E","R","T","E","M","R","M","$","R","B",null,"M","$","?","?","M","R","?","M","T","M","$","PTL","PTL","M","R","M","R","B"],"character_chosen":"IRONCLAD","items_purchased":["Rupture","PreservedInsect","DollysMirror","Combust","Warcry"],"campfire_rested":5,"item_purchase_floors":[4,4,4,14,28],"current_hp_per_floor":[80,80,80,80,77,77,40,40,40,21,23,47,42,42,66,55,80,57,57,57,57,46,70,70,53,53,29,44,44,44,15,40,11,36,0,0],"gold":36,"neow_bonus":"REMOVE_CARD","is_daily":false,"chose_seed":false,"campfire_upgraded":2,"win_rate":0.0,"timestamp":1613040440,"path_taken":["M","?","?","$","M","R","E","R","T","E","?","R","M","$","R","BOSS","BOSS","M","$","?","?","?","R","?","M","T","?","$","PTL","PTL","M","R","M","R","BOSS"],"items_purchased_type":["Card","Relic","Relic","Card","Card"],"build_version":"2020-12-22","purchased_purges":3,"victory":false,"max_hp_per_floor":[80,80,80,80,80,80,80,80,80,80,80,80,80,80,80,80,80,80,80,80,80,80,80,80,84,84,84,84,84,84,84,84,84,84,84,84],"card_choices":[{"not_picked":["Sword Boomerang","Feel No Pain"],"picked":"Blood for Blood","floor":1.0},{"not_picked":["Feel No Pain","Shrug It Off"],"picked":"Metallicize","floor":5.0},{"not_picked":["Havoc","Run Through","Wild Strike"],"picked":"SKIP","floor":7.0},{"not_picked":["Pommel Strike","Body Slam","ReplayTheSpireMod:Muscle Training"],"picked":"SKIP","floor":10.0},{"not_picked":["Thunderclap","Intimidate","Pommel Strike"],"picked":"SKIP","floor":11.0},{"not_picked":["Defy Death","Thunderclap"],"picked":"Blood for Blood","floor":12.0},{"not_picked":["Sentinel","Infernal Blade"],"picked":"Feed","floor":13.0},{"not_picked":["Warcry","Iron Wave"],"picked":"Anger","floor":15.0},{"not_picked":["Warcry+1","Armaments+1","Run Through+1"],"picked":"SKIP","floor":18},{"not_picked":["Pommel Strike","Cleave","Whirlwind+1"],"picked":"SKIP","floor":22},{"not_picked":["ReplayTheSpireMod:Muscle Training","Body Slam+1","Feed"],"picked":"SKIP","floor":25},{"not_picked":["Ghostly Armor+1","Iron Wave+1","Replay:Undeath\u0027s Touch+1"],"picked":"SKIP","floor":27},{"not_picked":["Body Slam","Cleave","Replay:Undeath\u0027s Touch+1"],"picked":"SKIP","floor":31},{"not_picked":["Infernal Blade+1","Metallicize","Massacre+1"],"picked":"SKIP","floor":33}],"player_experience":94127,"relics_obtained":[{"floor":7.0,"key":"Toy Ornithopter"},{"floor":9.0,"key":"Dream Catcher"},{"floor":10.0,"key":"Golden Egg"},{"floor":26,"key":"MealTicket"}],"event_choices":[{"damage_healed":0.0,"max_hp_gain":0.0,"max_hp_loss":0.0,"gold_gain":0.0,"event_name":"Liars Game","player_choice":"Ignored","floor":2.0,"gold_loss":0.0,"damage_taken":0.0},{"damage_healed":0.0,"max_hp_gain":0.0,"max_hp_loss":0.0,"gold_gain":275.0,"event_name":"Golden Shrine","player_choice":"Desecrate","floor":3.0,"gold_loss":0.0,"damage_taken":0.0,"cards_obtained":["Regret"]},{"damage_healed":0,"gold_gain":99,"player_choice":"Stole From Cult","damage_taken":0,"max_hp_gain":0,"max_hp_loss":0,"event_name":"Nest","floor":20,"gold_loss":0},{"damage_healed":0,"gold_gain":0,"player_choice":"Smashed Altar","damage_taken":0,"max_hp_gain":0,"max_hp_loss":0,"event_name":"Forgotten Altar","floor":21,"gold_loss":0,"cards_obtained":["Decay"]},{"cards_removed":["Decay"],"damage_healed":0,"gold_gain":0,"player_choice":"Purged","damage_taken":0,"max_hp_gain":0,"max_hp_loss":0,"event_name":"Purifier","floor":24,"gold_loss":0}],"is_beta":false,"boss_relics":[{"not_picked":["Pandora\u0027s Box","Astrolabe"],"picked":"Empty Cage"}],"items_purged_floors":[14,19,28],"is_endless":false,"potions_floor_spawned":[7,10,13,16,25,27,31,33],"killed_by":"Collector","ascension_level":1}}