{"host":"prxrhpgaxnj4om9r","time":1613002402,"event":{"mods":["AchievementEnabler","BaseMod","DeckTracker","Keyboard Shortcuts","Minty Spire (QoL Compilation)"],"gold_per_floor":[116,133,145,145,156,191,44,44,71,106,161,126,151,169,169,273,273,291,291,302,113,125,125,40,77,115,127,170,182,194,234,246,363,425,454,22,22,40,53,53,66,83,83,83,83],"floor_reached":44,"language":"KOR","playtime":2344,"items_purged":[],"score":586,"play_id":"0110637d-5ee2-4b18-93f5-f5db911c713b","local_time":"20210211091322","is_ascension_mode":false,"campfire_choices":[{"floor":8,"key":"REST"},{"data":"Bouncing Flask","floor":15,"key":"SMITH"},{"floor":23,"key":"RECALL"},{"data":"Choke","floor":30,"key":"SMITH"},{"data":"Predator","floor":32,"key":"SMITH"},{"floor":40,"key":"REST"}],"circlet_count":0,"master_deck":["Survivor","Neutralize","Dodge and Roll","Dagger Throw","Choke","Sucker Punch","Poisoned Stab","Blur","Infinite Blades","Bullet Time","Doppelganger","Outmaneuver","Slice","Footwork","Dagger Spray","Backstab","Deadly Poison","Dash","Acrobatics","Corpse Explosion","Prepared","Cloak And Dagger","Bouncing Flask+1","PiercingWail+1","Glass Knife","Predator","Predator+1","Accuracy","Choke+1","Expertise","Bite","Bite","Bite","Bite","Bite","PiercingWail","Backflip","After Image","Eviscerate","Caltrops","Dash","Distraction+1","Caltrops+1","Parasite","Underhanded Strike+1"],"relics":["Pandora\u0027s Box","Bronze Scales","Orrery","Akabeko","Toy Ornithopter","Strawberry","Snecko Eye","Oddly Smooth Stone","MawBank","StrikeDummy","Bag of Marbles","Pen Nib","Bottled Lightning","Tiny House","Incense Burner","TheAbacus","Toxic Egg 2","Blue Candle"],"acts_visited":["Exordium","TheCity","TheBeyond"],"potions_floor_usage":[6,10,10,13,16,18,25,25,28,33,33,39,44],"damage_taken":[{"damage":0,"enemies":"Cultist","floor":1,"turns":3},{"damage":0,"enemies":"Small Slimes","floor":2,"turns":2},{"damage":0,"enemies":"Jaw Worm","floor":3,"turns":3},{"damage":5,"enemies":"2 Fungi Beasts","floor":5,"turns":4},{"damage":28,"enemies":"3 Sentries","floor":6,"turns":8},{"damage":24,"enemies":"Lagavulin","floor":10,"turns":6},{"damage":5,"enemies":"Gremlin Nob","floor":13,"turns":3},{"damage":0,"enemies":"3 Louse","floor":14,"turns":2},{"damage":2,"enemies":"Slime Boss","floor":16,"turns":7},{"damage":10,"enemies":"Chosen","floor":18,"turns":2},{"damage":0,"enemies":"Shell Parasite","floor":20,"turns":2},{"damage":0,"enemies":"Snake Plant","floor":22,"turns":3},{"damage":18,"enemies":"Gremlin Leader","floor":25,"turns":4},{"damage":25,"enemies":"Book of Stabbing","floor":28,"turns":5},{"damage":0,"enemies":"Slavers","floor":31,"turns":1},{"damage":3,"enemies":"Collector","floor":33,"turns":6},{"damage":0,"enemies":"3 Shapes","floor":35,"turns":4},{"damage":9,"enemies":"Orb Walker","floor":38,"turns":2},{"damage":33,"enemies":"Spire Growth","floor":39,"turns":4},{"damage":0,"enemies":"Jaw Worm Horde","floor":41,"turns":1},{"damage":10,"enemies":"Writhing Mass","floor":42,"turns":4},{"damage":95,"enemies":"Giant Head","floor":44,"turns":10}],"seed_played":"6298520941983018493","potions_obtained":[{"floor":2,"key":"DistilledChaos"},{"floor":3,"key":"Regen Potion"},{"floor":10,"key":"EntropicBrew"},{"floor":14,"key":"EntropicBrew"},{"floor":16,"key":"Poison Potion"},{"floor":20,"key":"SkillPotion"},{"floor":31,"key":"Explosive Potion"},{"floor":34,"key":"PowerPotion"},{"floor":42,"key":"Weak Potion"}],"is_trial":false,"path_per_floor":["M","M","M","?","M","E","$","R","T","E","T","?","E","M","R","B",null,"M","?","M","$","M","R","?","E","T","?","E","?","R","E","R","B",null,"M","$","?","M","M","R","M","M","T","E"],"character_chosen":"THE_SILENT","items_purchased":["Orrery","Oddly Smooth Stone","Accuracy","Incense Burner","TheAbacus"],"campfire_rested":2,"item_purchase_floors":[7,21,21,36,36],"current_hp_per_floor":[70,70,70,70,65,37,37,58,58,46,46,63,70,70,70,73,77,67,67,67,67,67,67,67,59,59,53,39,53,53,53,53,53,58,58,58,58,51,25,42,44,38,38,0,0],"gold":83,"neow_bonus":"BOSS_RELIC","is_daily":false,"chose_seed":false,"campfire_upgraded":3,"win_rate":0.0,"timestamp":1613002402,"path_taken":["M","M","?","?","M","E","$","R","T","E","?","?","E","M","R","BOSS","M","?","M","$","M","R","?","E","T","?","E","?","R","E","R","BOSS","M","$","?","M","M","R","M","?","T","E"],"items_purchased_type":["Relic","Relic","Card","Relic","Relic"],"build_version":"2020-12-22","purchased_purges":0,"victory":false,"max_hp_per_floor":[70,70,70,70,70,70,70,70,70,70,70,70,77,77,77,77,77,77,77,77,77,77,77,77,77,77,53,53,53,53,53,53,53,58,58,58,58,58,58,58,58,58,58,58,58],"card_choices":[{"not_picked":["Dagger Throw","Crippling Poison"],"picked":"Outmaneuver","floor":1},{"not_picked":["Dagger Throw","Infinite Blades"],"picked":"Slice","floor":2},{"not_picked":["Slice","Heel Hook"],"picked":"Footwork","floor":3},{"not_picked":["Quick Slash","Slice"],"picked":"Dagger Spray","floor":5},{"not_picked":["Accuracy","Prepared"],"picked":"Backstab","floor":6},{"not_picked":["Infinite Blades","Night Terror"],"picked":"Deadly Poison","floor":7},{"not_picked":["Noxious Fumes","Acrobatics"],"picked":"Dash","floor":7},{"not_picked":["Footwork","Catalyst"],"picked":"Acrobatics","floor":7},{"not_picked":["Deflect","Flying Knee"],"picked":"Corpse Explosion","floor":7},{"not_picked":["Skewer","Acrobatics"],"picked":"Prepared","floor":7},{"not_picked":["Finisher","Prepared"],"picked":"Cloak And Dagger","floor":10},{"not_picked":["Outmaneuver","Sucker Punch"],"picked":"Bouncing Flask","floor":13},{"not_picked":["Cloak And Dagger","Storm of Steel"],"picked":"PiercingWail","floor":14},{"not_picked":["Bullet Time","Tools of the Trade"],"picked":"Glass Knife","floor":16},{"not_picked":["Underhanded Strike","Setup"],"picked":"Predator","floor":18},{"not_picked":["Sucker Punch","Backflip"],"picked":"Predator","floor":20},{"not_picked":["Dash","Outmaneuver+1"],"picked":"Choke","floor":22},{"not_picked":["Dagger Spray","Slice"],"picked":"Expertise","floor":25},{"not_picked":["Setup","Sucker Punch"],"picked":"PiercingWail","floor":28},{"not_picked":["PiercingWail+1","Flechettes"],"picked":"Backflip","floor":31},{"not_picked":["Unload","Venomology"],"picked":"After Image","floor":33},{"not_picked":["Bouncing Flask","Quick Slash"],"picked":"Eviscerate","floor":34},{"not_picked":["Blur+1","Acrobatics"],"picked":"Caltrops","floor":35},{"not_picked":["Slice+1","Masterful Stab"],"picked":"Dash","floor":38},{"not_picked":["Prepared+1","Dagger Spray+1"],"picked":"Distraction+1","floor":39},{"not_picked":["Flying Knee","Acrobatics+1"],"picked":"Caltrops+1","floor":41},{"not_picked":["Sucker Punch+1","Flechettes"],"picked":"Underhanded Strike+1","floor":42}],"player_experience":373710,"relics_obtained":[{"floor":6,"key":"Bronze Scales"},{"floor":10,"key":"Akabeko"},{"floor":11,"key":"Toy Ornithopter"},{"floor":13,"key":"Strawberry"},{"floor":25,"key":"StrikeDummy"},{"floor":26,"key":"Bag of Marbles"},{"floor":28,"key":"Pen Nib"},{"floor":31,"key":"Bottled Lightning"},{"floor":37,"key":"Toxic Egg 2"},{"floor":43,"key":"Blue Candle"}],"event_choices":[{"damage_healed":0,"gold_gain":0,"cards_transformed":["Tactician"],"player_choice":"Change","damage_taken":0,"max_hp_gain":0,"max_hp_loss":0,"event_name":"Living Wall","floor":4,"gold_loss":0,"cards_obtained":["Setup"]},{"damage_healed":17,"gold_gain":0,"player_choice":"Healed","damage_taken":0,"max_hp_gain":0,"max_hp_loss":0,"event_name":"The Cleric","floor":12,"gold_loss":35},{"damage_healed":0,"gold_gain":0,"player_choice":"Ignored","damage_taken":0,"max_hp_gain":0,"max_hp_loss":0,"event_name":"Ghosts","floor":19,"gold_loss":0},{"damage_healed":0,"gold_gain":0,"player_choice":"Obtained Relic","damage_taken":0,"relics_obtained":["MawBank"],"max_hp_gain":0,"max_hp_loss":0,"event_name":"Addict","floor":24,"gold_loss":85},{"damage_healed":0,"gold_gain":0,"player_choice":"Became a vampire","damage_taken":0,"max_hp_gain":0,"max_hp_loss":24,"event_name":"Vampires","floor":27,"gold_loss":0,"cards_obtained":["Bite","Bite","Bite","Bite","Bite"]},{"cards_removed":["Setup"],"damage_healed":14,"gold_gain":0,"player_choice":"Offered Uncommon","damage_taken":0,"max_hp_gain":0,"max_hp_loss":0,"event_name":"Bonfire Elementals","floor":29,"gold_loss":0},{"damage_healed":0,"gold_gain":0,"player_choice":"Relic","damage_taken":0,"max_hp_gain":0,"max_hp_loss":0,"event_name":"Wheel of Change","floor":37,"gold_loss":0}],"is_beta":false,"boss_relics":[{"not_picked":["Ectoplasm","Busted Crown"],"picked":"Snecko Eye"},{"not_picked":["Runic Pyramid","WristBlade"],"picked":"Tiny House"}],"items_purged_floors":[],"is_endless":false,"potions_floor_spawned":[2,3,10,14,16,20,31,42],"killed_by":"Giant Head","ascension_level":0}}