{"host":"8o45mh5p3pp1o2mi","time":1613004516,"event":{"mods":["BaseMod","Bestiary","Better Match","Better Third Choice","BetterRewards","Dark Map","Downfall","Fox Events","Minty Spire (QoL Compilation)","Rare Cards Sparkle","Relic Stats","Replay The Spire","Shop Mod","Spire Exporter","StSLib","everything is the same but u backflip on backflip"],"gold_per_floor":[127,402,420,448,448,484,484,522,546,575,609,609,472,507,507,625,625,650,650,650,372,405,448,448,498,498,498,528,528,560,608,608,727,727,767,799,747,747,790,790,790,835,835,835,889,585,607,647,647,673,673,673,301,347,371],"floor_reached":56,"language":"ENG","playtime":3441,"items_purged":["Defend_R","Strike_R","Regret","Delirium","Defend_R","Parasite","Strike_R"],"score":1914,"play_id":"6ea6feb4-d8a3-4599-a7f5-f4364a37c4c8","local_time":"20210211004836","is_ascension_mode":true,"campfire_choices":[{"data":"Armaments","floor":7,"key":"SMITH"},{"floor":12,"key":"REST"},{"floor":24,"key":"RECALL"},{"floor":27,"key":"REST"},{"floor":32,"key":"REST"},{"data":"1","floor":40,"key":"LIFT"},{"data":"2","floor":44,"key":"LIFT"},{"data":"Limit Break","floor":49,"key":"SMITH"},{"data":"3","floor":52,"key":"LIFT"}],"circlet_count":0,"master_deck":["Strike_R","Strike_R","Defend_R","Defend_R","Bash","Limit Break","Armaments+1","Master of Strategy","Ghostly Armor","Pommel Strike","Rampage","Flex","Spot Weakness","Pummel","Sword Boomerang","Whirlwind","ReplayTheSpireMod:Muscle Training","Dark Embrace","Limit Break+1","Headbutt","Shrug It Off","Intimidate+1","ReplayTheSpireMod:Stacked","Double Tap","Replay:Undeath\u0027s Touch","Shrug It Off+1","Thinking Ahead","Seeing Red+1","Heavy Blade+1","Uppercut+1","Demonic Infusion+1"],"relics":["Black Blood","Sling","Replay:Towering Pillar of Hats","Membership Card","Replay:Bandana","Bag of Preparation","Happy Flower","Potion Belt","ReplayTheSpireMod:Ring of Collecting","Ring of Fury","Singing Bowl","MerchantsRug","Replay:Bottled Snecko","ReplayTheSpireMod:Lightbulb","ReplayTheSpireMod:Ring of Challenge","Girya","Cursed Key","BargainBundle","PreservedInsect","Replay:WaspNest","Torii","Molten Egg 2","Bottled Lightning","Replay:Wax Seal","Gremlin Horn","Medical Kit","Replay:Bottled Steam","Brimstone","Mercury Hourglass","Golden Egg"],"acts_visited":["Exordium","TheCity","TheBeyond","TheEnding"],"potions_floor_usage":[10,22,23,28,35,42,50,50,55,55,55],"damage_taken":[{"damage":7,"enemies":"2 Louse","floor":1,"turns":3},{"damage":11,"enemies":"Cultist","floor":3,"turns":5},{"damage":4,"enemies":"Small Slimes","floor":4,"turns":3},{"damage":36,"enemies":"3 Sentries","floor":6,"turns":9},{"damage":17,"enemies":"Lagavulin","floor":8,"turns":7},{"damage":9,"enemies":"Gremlin Gang","floor":10,"turns":3},{"damage":9,"enemies":"3 Louse","floor":11,"turns":3},{"damage":11,"enemies":"Looter","floor":14,"turns":2},{"damage":16,"enemies":"Fading Forest","floor":16,"turns":11},{"damage":1,"enemies":"Spheric Guardian","floor":18,"turns":3},{"damage":11,"enemies":"2 Thieves","floor":22,"turns":2},{"damage":21,"enemies":"Slavers","floor":23,"turns":4},{"damage":50,"enemies":"Replay:Snechameleon","floor":25,"turns":4},{"damage":59,"enemies":"Cultist and Chosen","floor":28,"turns":7},{"damage":24,"enemies":"Centurion and Healer","floor":30,"turns":4},{"damage":13,"enemies":"Gremlin Leader","floor":31,"turns":4},{"damage":34,"enemies":"Champ","floor":33,"turns":7},{"damage":31,"enemies":"3 Darklings","floor":35,"turns":5},{"damage":10,"enemies":"Orb Walker","floor":36,"turns":3},{"damage":11,"enemies":"4 Shapes","floor":39,"turns":2},{"damage":13,"enemies":"Nemesis","floor":42,"turns":3},{"damage":1,"enemies":"Reptomancer","floor":45,"turns":2},{"damage":2,"enemies":"Spire Growth","floor":47,"turns":3},{"damage":2,"enemies":"R_Hoarder","floor":48,"turns":3},{"damage":21,"enemies":"Donu and Deca","floor":50,"turns":3},{"damage":1,"enemies":"Shield and Spear","floor":54,"turns":2},{"damage":90,"enemies":"The Heart","floor":55,"turns":3}],"seed_played":"6577968014480451095","potions_obtained":[{"floor":1,"key":"Strength Potion"},{"floor":4,"key":"Weak Potion"},{"floor":8,"key":"BloodPotion"},{"floor":11,"key":"Fire Potion"},{"floor":18,"key":"AttackPotion"},{"floor":22,"key":"Strength Potion"},{"floor":23,"key":"Elixir"},{"floor":36,"key":"champ:CounterPotion"},{"floor":42,"key":"Dexterity Potion"},{"floor":48,"key":"Adrenaline Potion"}],"is_trial":false,"path_per_floor":["M","?","M","M","?","E","R","E","T","M","M","R","$","M","R","B",null,"M","?","?","$","M","E","R","E","T","R","M","?","M","E","R","B",null,"M","M","$","?","M","R","?","E","T","R","E","$","M","E","R","B",null,"R","$","E","B",null],"character_chosen":"IRONCLAD","items_purchased":["Limit Break","Sling","Membership Card","Replay:Bandana","Armaments","Whirlwind","ReplayTheSpireMod:Muscle Training","Singing Bowl","MerchantsRug","BargainBundle","PreservedInsect","Replay:WaspNest","CultistPotion","Fire Potion","Thinking Ahead","Replay:Wax Seal","Gremlin Horn","Medical Kit","Brimstone","Heavy Blade+1","Mercury Hourglass","Uppercut+1"],"campfire_rested":3,"item_purchase_floors":[0,0,0,0,0,13,13,21,21,37,37,37,37,37,37,46,46,46,53,53,53,53],"current_hp_per_floor":[79,79,74,76,76,46,46,35,35,32,29,53,53,48,48,46,80,80,80,80,80,82,75,75,37,37,62,31,31,21,20,45,23,86,67,69,69,79,80,80,80,81,81,81,90,87,89,91,91,82,91,91,91,91,13],"gold":371,"neow_bonus":"","is_daily":false,"chose_seed":false,"campfire_upgraded":2,"win_rate":0.0,"timestamp":1613004516,"path_taken":["M","?","?","M","?","E","R","E","T","?","M","R","$","M","R","BOSS","M","?","?","$","M","E","R","E","T","R","M","?","M","E","R","BOSS","M","M","$","?","M","R","?","E","T","R","E","?","M","E","R","BOSS","R","$","E","BOSS"],"items_purchased_type":["Card","Relic","Relic","Relic","Card","Card","Card","Relic","Relic","Relic","Relic","Relic","Potion","Potion","Card","Relic","Relic","Relic","Relic","Card","Relic","Card"],"build_version":"2020-12-22","purchased_purges":7,"victory":true,"max_hp_per_floor":[80,80,80,80,80,80,80,80,80,80,80,80,80,80,80,80,80,80,80,80,80,82,84,84,84,84,84,84,84,86,86,86,86,86,86,86,86,86,86,86,86,88,88,88,90,87,89,91,91,91,91,91,91,91,91],"relic_stats":{"Happy Flower":[27],"Singing Bowl":14,"Torii":42,"Gremlin Horn":[2,2],"counters":[186,787],"Black Blood":223,"PreservedInsect":248,"Bag of Preparation":[46],"Cursed Key":1,"Medical Kit":[0],"obtain_stats":[{"TwistedFunnel":20,"Golden Egg":54,"Whetstone":12,"Boot":43,"Sling":0,"Old Coin":30,"Blood Vial":0,"Replay:Ringing Soul":42,"Sundial":0,"Replay:Bronze Core":17,"MealTicket":40,"Kunai":32,"Replay:Wax Seal":40,"Replay:Bottled Steam":48,"MerchantsRug":0,"Pear":29,"Blue Candle":43,"Tingsha":0,"Akabeko":9,"Snecko Scales":17,"ReplayTheSpireMod:Ring of Collecting":19,"Unceasing Top":0,"Ring of the Serpent":17,"Lantern":48,"Regal Pillow":12,"Torii":3,"Singing Bowl":22,"Painkiller Herb":17,"Bag of Preparation":43,"Replay:Multitool":0,"Cursed Key":34,"Replay:Rubber Ducky":20,"BranchBurnRelic":6,"Shovel":23,"WingedGreaves":0,"Replay:Bottled Eggs":23,"InkBottle":42,"Ring of the Snake":7,"Potion Belt":9,"The Courier":25,"PreservedInsect":37,"Omamori":7,"Ring of Greed":24,"MawBank":24,"sneckomod:BabySnecko":20,"Busted Crown":17,"Ornamental Fan":40,"Art of War":4,"Durian":8,"Bottled Lightning":27,"ReplayTheSpireMod:Ring of Challenge":26,"ReplayTheSpireMod:Lightbulb":25,"Ice Cream":23,"Calipers":0,"Gremlin Horn":46,"CeramicFish":6,"Vajra":25,"Strawberry":26,"Philosopher\u0027s Stone":34,"Iron Hammer":23,"Toxic Egg 2":0,"Girya":0,"Happy Flower":6,"ReplayTheSpireMod:CursedCoin":4,"Dead Branch":0,"Astrolabe":34,"Oddly Smooth Stone":47,"Question Card":0,"Du-Vu Doll":0,"Replay:Baseball":9,"Bottled Flame":27,"ReplayTheSpireMod:Shallot":26,"Shuriken":0,"Brimstone":53,"Onion Ring":26,"Simple Rune":43,"Molten Egg 2":43,"foxEvents:LuckyCharm":3,"Black Star":34,"Grinning Jar":8,"Mirror":53,"Meat on the Bone":14,"ReplayFunnel":49,"Darkstone Periapt":23,"bronze:BronzeCore":0,"Replay:PocketPolymizer":0,"Black Blood":17,"Mango":6,"Snake Skull":9,"Juzu Bracelet":11,"Replay:Mystery Machine":0,"ClockworkSouvenir":0,"SsserpentHead":13,"Nunchaku":41,"Tough Bandages":0,"Replay:Bandana":19,"Chameleon Ring":9,"TheAbacus":53,"Mummified Hand":0,"Gambling Chip":0,"Pantograph":54,"Tiny Chest":11,"Red Mask":30,"Replay:Bottled Snecko":23,"Gremlin Food":22,"BargainBundle":36,"Replay:Towering Pillar of Hats":0,"Guide Book":5,"Replay:WaspNest":37,"Orichalcum":6,"Medical Kit":46,"White Beast Statue":10,"Mercury Hourglass":53,"Calling Bell":0,"Anchor":4,"CaptainsWheel":0,"ChewingGum":17,"Ring of Fury":19,"Snack Pack":0,"Membership Card":0,"TungstenRod":0,"FossilizedHelix":0},{"TwistedFunnel":18,"Golden Egg":185,"Whetstone":38,"Boot":143,"Sling":159,"Old Coin":57,"Blood Vial":9,"Replay:Ringing Soul":115,"Sundial":45,"Replay:Bronze Core":52,"MealTicket":113,"Kunai":80,"Replay:Wax Seal":143,"Replay:Bottled Steam":183,"MerchantsRug":9,"Pear":24,"Blue Candle":115,"Tingsha":159,"Akabeko":154,"Snecko Scales":99,"ReplayTheSpireMod:Ring of Collecting":169,"Unceasing Top":63,"Ring of the Serpent":130,"Lantern":88,"Regal Pillow":96,"Torii":34,"Singing Bowl":55,"Painkiller Herb":16,"Bag of Preparation":30,"Replay:Multitool":158,"Cursed Key":108,"Replay:Rubber Ducky":74,"BranchBurnRelic":34,"Shovel":76,"WingedGreaves":149,"Replay:Bottled Eggs":56,"InkBottle":30,"Ring of the Snake":12,"Potion Belt":164,"The Courier":104,"PreservedInsect":178,"Omamori":154,"Ring of Greed":134,"MawBank":134,"sneckomod:BabySnecko":41,"Busted Crown":40,"Ornamental Fan":85,"Art of War":46,"Durian":94,"Bottled Lightning":105,"ReplayTheSpireMod:Ring of Challenge":172,"ReplayTheSpireMod:Lightbulb":172,"Ice Cream":43,"Calipers":121,"Gremlin Horn":181,"CeramicFish":126,"Vajra":22,"Strawberry":22,"Philosopher\u0027s Stone":26,"Iron Hammer":20,"Toxic Egg 2":89,"Girya":63,"Happy Flower":93,"ReplayTheSpireMod:CursedCoin":46,"Dead Branch":32,"Astrolabe":81,"Oddly Smooth Stone":88,"Question Card":32,"Du-Vu Doll":89,"Replay:Baseball":68,"Bottled Flame":77,"ReplayTheSpireMod:Shallot":104,"Shuriken":121,"Brimstone":184,"Onion Ring":56,"Simple Rune":86,"Molten Egg 2":180,"foxEvents:LuckyCharm":2,"Black Star":59,"Grinning Jar":50,"Mirror":147,"Meat on the Bone":157,"ReplayFunnel":88,"Darkstone Periapt":103,"bronze:BronzeCore":0,"Replay:PocketPolymizer":45,"Black Blood":168,"Mango":12,"Snake Skull":13,"Juzu Bracelet":7,"Replay:Mystery Machine":45,"ClockworkSouvenir":89,"SsserpentHead":38,"Nunchaku":29,"Tough Bandages":61,"Replay:Bandana":131,"Chameleon Ring":35,"TheAbacus":147,"Mummified Hand":149,"Gambling Chip":121,"Pantograph":148,"Tiny Chest":51,"Red Mask":80,"Replay:Bottled Snecko":171,"Gremlin Food":42,"BargainBundle":82,"Replay:Towering Pillar of Hats":9,"Guide Book":11,"Replay:WaspNest":178,"Orichalcum":48,"Medical Kit":181,"White Beast Statue":36,"Mercury Hourglass":184,"Calling Bell":45,"Anchor":11,"CaptainsWheel":149,"ChewingGum":72,"Ring of Fury":169,"Snack Pack":89,"Membership Card":9,"TungstenRod":9,"FossilizedHelix":158},{"TwistedFunnel":60,"Golden Egg":784,"Whetstone":158,"Boot":601,"Sling":677,"Old Coin":249,"Blood Vial":25,"Replay:Ringing Soul":454,"Sundial":191,"Replay:Bronze Core":226,"MealTicket":446,"Kunai":338,"Replay:Wax Seal":601,"Replay:Bottled Steam":779,"MerchantsRug":25,"Pear":87,"Blue Candle":454,"Tingsha":677,"Akabeko":656,"Snecko Scales":401,"ReplayTheSpireMod:Ring of Collecting":726,"Unceasing Top":290,"Ring of the Serpent":529,"Lantern":366,"Regal Pillow":391,"Torii":143,"Singing Bowl":241,"Painkiller Herb":52,"Bag of Preparation":118,"Replay:Multitool":676,"Cursed Key":431,"Replay:Rubber Ducky":321,"BranchBurnRelic":143,"Shovel":327,"WingedGreaves":642,"Replay:Bottled Eggs":246,"InkBottle":118,"Ring of the Snake":34,"Potion Belt":704,"The Courier":414,"PreservedInsect":766,"Omamori":656,"Ring of Greed":551,"MawBank":551,"sneckomod:BabySnecko":173,"Busted Crown":168,"Ornamental Fan":351,"Art of War":196,"Durian":385,"Bottled Lightning":419,"ReplayTheSpireMod:Ring of Challenge":736,"ReplayTheSpireMod:Lightbulb":736,"Ice Cream":182,"Calipers":476,"Gremlin Horn":773,"CeramicFish":500,"Vajra":78,"Strawberry":78,"Philosopher\u0027s Stone":99,"Iron Hammer":69,"Toxic Egg 2":370,"Girya":290,"Happy Flower":383,"ReplayTheSpireMod:CursedCoin":196,"Dead Branch":132,"Astrolabe":342,"Oddly Smooth Stone":366,"Question Card":132,"Du-Vu Doll":370,"Replay:Baseball":309,"Bottled Flame":331,"ReplayTheSpireMod:Shallot":414,"Shuriken":476,"Brimstone":782,"Onion Ring":246,"Simple Rune":357,"Molten Egg 2":771,"foxEvents:LuckyCharm":5,"Black Star":264,"Grinning Jar":213,"Mirror":629,"Meat on the Bone":670,"ReplayFunnel":366,"Darkstone Periapt":411,"bronze:BronzeCore":0,"Replay:PocketPolymizer":191,"Black Blood":723,"Mango":34,"Snake Skull":36,"Juzu Bracelet":19,"Replay:Mystery Machine":191,"ClockworkSouvenir":370,"SsserpentHead":158,"Nunchaku":109,"Tough Bandages":273,"Replay:Bandana":534,"Chameleon Ring":146,"TheAbacus":629,"Mummified Hand":642,"Gambling Chip":476,"Pantograph":636,"Tiny Chest":218,"Red Mask":338,"Replay:Bottled Snecko":732,"Gremlin Food":176,"BargainBundle":344,"Replay:Towering Pillar of Hats":25,"Guide Book":30,"Replay:WaspNest":766,"Orichalcum":204,"Medical Kit":773,"White Beast Statue":151,"Mercury Hourglass":782,"Calling Bell":191,"Anchor":30,"CaptainsWheel":642,"ChewingGum":317,"Ring of Fury":726,"Snack Pack":370,"Membership Card":25,"TungstenRod":25,"FossilizedHelix":676}],"Mercury Hourglass":[15]},"card_choices":[{"not_picked":["Wild Strike","Clash"],"picked":"Ghostly Armor","floor":1},{"not_picked":["Fire Breathing","ReplayReversal"],"picked":"Pommel Strike","floor":3},{"not_picked":["Defy Death","ReplayReversal"],"picked":"Rampage","floor":4},{"not_picked":["Wild Strike","Body Slam"],"picked":"Flex","floor":6},{"not_picked":["Fiend Fire","Body Slam"],"picked":"Spot Weakness","floor":8},{"not_picked":["Iron Wave","Twin Strike"],"picked":"Pummel","floor":10},{"not_picked":["Feel No Pain","Flex"],"picked":"Sword Boomerang","floor":11},{"not_picked":["Sword Boomerang","True Grit","ReplayTheSpireMod:Strike From Hell"],"picked":"SKIP","floor":14},{"not_picked":["Berserk","Bludgeon"],"picked":"Limit Break","floor":16},{"not_picked":["Run Through","Sword Boomerang","Twin Strike"],"picked":"SKIP","floor":18},{"not_picked":["Sever Soul+1","Bloodletting","Uppercut"],"picked":"Singing Bowl","floor":22},{"not_picked":["Clothesline","Perfected Strike","ReplayTheSpireMod:LeadingStrike"],"picked":"Singing Bowl","floor":23},{"not_picked":["Sever Soul","Rage"],"picked":"Shrug It Off","floor":25},{"not_picked":["Battle Trance","Body Slam"],"picked":"Intimidate","floor":28},{"not_picked":["Flex","Perfected Strike","Blood for Blood"],"picked":"Singing Bowl","floor":30},{"not_picked":["Sever Soul","Inflame"],"picked":"ReplayTheSpireMod:Stacked","floor":31},{"not_picked":["Exhume","Corruption"],"picked":"Double Tap","floor":33},{"not_picked":["Cleave","Clash+1"],"picked":"Replay:Undeath\u0027s Touch","floor":35},{"not_picked":["Replay:Undeath\u0027s Touch","ReplayTheSpireMod:Stacked"],"picked":"Shrug It Off+1","floor":36},{"not_picked":["Bloodletting+1","Double Tap"],"picked":"Seeing Red+1","floor":39},{"not_picked":["Pommel Strike+1","Armaments","Rampage+1"],"picked":"Singing Bowl","floor":42},{"not_picked":["Body Slam+1","Headbutt+1","Cleave+1"],"picked":"Singing Bowl","floor":45},{"not_picked":["Twin Strike+1","Havoc","Iron Wave+1"],"picked":"Singing Bowl","floor":47},{"not_picked":["Havoc+1","Warcry","Sentinel+1"],"picked":"Singing Bowl","floor":48},{"not_picked":["Perfected Strike+1","Disarm+1"],"picked":"Demonic Infusion","floor":54}],"player_experience":187896,"relics_obtained":[{"floor":6,"key":"Bag of Preparation"},{"floor":8,"key":"Happy Flower"},{"floor":9,"key":"Potion Belt"},{"floor":19,"key":"ReplayTheSpireMod:Ring of Collecting"},{"floor":19,"key":"Ring of Fury"},{"floor":23,"key":"Replay:Bottled Snecko"},{"floor":25,"key":"ReplayTheSpireMod:Lightbulb"},{"floor":26,"key":"ReplayTheSpireMod:Ring of Challenge"},{"floor":31,"key":"Girya"},{"floor":42,"key":"Torii"},{"floor":43,"key":"Molten Egg 2"},{"floor":45,"key":"Bottled Lightning"},{"floor":48,"key":"Replay:Bottled Steam"},{"floor":54,"key":"Golden Egg"}],"event_choices":[{"damage_healed":0,"gold_gain":275,"player_choice":"Desecrate","damage_taken":0,"max_hp_gain":0,"max_hp_loss":0,"event_name":"Golden Shrine","floor":2,"gold_loss":0,"cards_obtained":["Regret"]},{"damage_healed":0,"gold_gain":0,"player_choice":"Bought 0 Potions","damage_taken":0,"max_hp_gain":0,"max_hp_loss":0,"event_name":"The Woman in Blue","floor":5,"gold_loss":0},{"damage_healed":0,"gold_gain":0,"player_choice":"Read","damage_taken":0,"max_hp_gain":0,"max_hp_loss":0,"event_name":"The Library","floor":20,"gold_loss":0,"cards_obtained":["Headbutt"]},{"damage_healed":0,"gold_gain":0,"player_choice":"Upgraded","damage_taken":0,"max_hp_gain":0,"max_hp_loss":0,"event_name":"Upgrade Shrine","floor":29,"gold_loss":0,"cards_upgraded":["Intimidate"]},{"damage_healed":0,"gold_gain":0,"player_choice":"Ignored","damage_taken":0,"max_hp_gain":0,"max_hp_loss":0,"event_name":"Tomb of Lord Red Mask","floor":41,"gold_loss":0}],"is_beta":false,"boss_relics":[{"not_picked":["Snecko Eye","Sozu"],"picked":"Black Blood"},{"not_picked":["Runic Cube","Coffee Dripper"],"picked":"Cursed Key"}],"items_purged_floors":[0,0,13,21,37,46,53],"is_endless":false,"potions_floor_spawned":[1,4,8,11,18,22,23,36,42,45,48],"ascension_level":4}}