{"host":"126yiuos2nq86se7","time":1613025311,"event":{"mods":["2.2 Compatiblity","AchievementEnabler","Act Like it!","BaseMod","BetterRewards","Colored Map","Colored Powertips","Friendly Minions","Highlight Path","Hubris","Minty Spire (QoL Compilation)","Reimu??????","Remilia??????","StSLib","SuperFastMode","Td1madao Mod","The Animator","The Bug Knight","The Mystic"],"gold_per_floor":[115,115,115,133,147,147,160,170,196,226,226,307,321,33,33,131,131,56,56,4,4,4,4,4,4,4,4,4,4,4,4,4,4,4,4,4,4,4,4,4,4,4,4,4,4,4,4,4,4,4],"floor_reached":51,"language":"ENG","playtime":2417,"items_purged":["Strike_C","Strike_C"],"score":751,"play_id":"22625b4c-c7d7-4fa3-ba13-d3a3306e5b35","local_time":"20210211173511","is_ascension_mode":false,"campfire_choices":[{"floor":6,"key":"REST"},{"floor":11,"key":"REST"},{"floor":15,"key":"REST"},{"data":"Furious","floor":23,"key":"SMITH"},{"data":"Moon Tear","floor":30,"key":"SMITH"},{"floor":32,"key":"REST"},{"floor":41,"key":"REST"},{"floor":45,"key":"REST"},{"data":"Black Shadow","floor":49,"key":"SMITH"}],"circlet_count":0,"master_deck":["Strike_C","Defend_C","Defend_C","Defend_C","Defend_C","Knight Kick","Chip","Gravity Defend","Furious+1","Apotheosis+1","Swift Strike","Afterwards","Afterwards","Lunge","Moon Tear+1","Black Shadow+1","Defend System","Here Defend Chip","Mayhem","Cooling Song","Furious","Black Shadow+1","Here Defend Chip","E MP","Preloading+1","Overclocking","Furious+1","Weapon Shift","Preloading+1","Lunge","Here Defend Chip","Shockwave Tdmadao","Awareness+1","Light Attack+1","Madness","Madness","Data Freezing","Here Defend Chip"],"relics":["Apod","Dream Catcher","hubris:GlazedTorus","hubris:BottledRain","Ectoplasm","MutagenicStrength","Gambling Chip","Nilry\u0027s Codex","hubris:ScarierMask","hubris:Icosahedron","Bottled Tornado"],"acts_visited":["Exordium","TheCity","TheBeyond"],"potions_floor_usage":[10,10,47,50,50,50,50,50,50],"damage_taken":[{"damage":0,"enemies":"2 Louse","floor":1,"turns":3},{"damage":0,"enemies":"Jaw Worm","floor":4,"turns":5},{"damage":4,"enemies":"Cultist","floor":5,"turns":4},{"damage":26,"enemies":"Exordium Thugs","floor":7,"turns":6},{"damage":1,"enemies":"Looter","floor":8,"turns":4},{"damage":31,"enemies":"Gremlin Nob","floor":10,"turns":5},{"damage":9,"enemies":"Lots of Slimes","floor":13,"turns":4},{"damage":19,"enemies":"Hexaghost","floor":16,"turns":9},{"damage":1,"enemies":"2 Thieves","floor":18,"turns":5},{"damage":0,"enemies":"Spheric Guardian","floor":21,"turns":5},{"damage":0,"enemies":"Snake Plant","floor":22,"turns":4},{"damage":0,"enemies":"Shelled Parasite and Fungi","floor":24,"turns":5},{"damage":0,"enemies":"3 Cultists","floor":27,"turns":5},{"damage":10,"enemies":"Snake Plant","floor":28,"turns":5},{"damage":1,"enemies":"Shelled Parasite and Fungi","floor":29,"turns":6},{"damage":0,"enemies":"Automaton","floor":33,"turns":9},{"damage":0,"enemies":"3 Darklings","floor":35,"turns":7},{"damage":6,"enemies":"3 Shapes","floor":39,"turns":3},{"damage":28,"enemies":"Jaw Worm Horde","floor":40,"turns":6},{"damage":0,"enemies":"Transient","floor":47,"turns":1},{"damage":0,"enemies":"4 Shapes","floor":48,"turns":7},{"damage":34,"enemies":"Time Eater","floor":50,"turns":12}],"seed_played":"-2740361043425968581","potions_obtained":[{"floor":1,"key":"AttackPotion"},{"floor":5,"key":"LiquidBronze"},{"floor":16,"key":"AttackPotion"},{"floor":21,"key":"ColorlessPotion"},{"floor":22,"key":"EntropicBrew"},{"floor":27,"key":"SmokeBomb"},{"floor":29,"key":"ZuzhouPotion:ReiMu"},{"floor":35,"key":"PowerPotion"},{"floor":48,"key":"ColorlessPotion"}],"is_trial":false,"path_per_floor":["M","?","?","M","M","R","M","M","T","E","R","T","M","$","R","B",null,"M","?","$","M","M","R","M","?","T","M","M","M","R","?","R","B",null,"M","?","$","?","M","M","R","$","T","?","R","?","M","M","R","B",null],"character_chosen":"TD1MADAO_CLASS","items_purchased":["Gravity Defend","Furious","Apotheosis","Swift Strike","Afterwards","Here Defend Chip","Mayhem","Here Defend Chip"],"campfire_rested":6,"item_purchase_floors":[0,0,0,0,0,14,14,20],"current_hp_per_floor":[51,44,44,44,40,61,35,34,34,3,24,24,15,15,36,17,70,69,69,69,69,69,69,69,69,69,69,59,58,58,42,63,63,70,70,70,70,73,67,39,60,60,60,51,72,72,72,73,73,41],"gold":4,"neow_bonus":"","is_daily":false,"chose_seed":false,"campfire_upgraded":3,"win_rate":0.0,"timestamp":1613025311,"path_taken":["M","?","?","M","M","R","M","?","T","E","R","?","M","$","R","BOSS","M","?","$","M","M","R","M","?","T","M","?","M","R","?","R","BOSS","M","?","$","?","M","M","R","$","T","?","R","?","M","?","R","BOSS"],"items_purchased_type":["Card","Card","Card","Card","Card","Card","Card","Card"],"build_version":"2020-12-22","purchased_purges":2,"victory":true,"max_hp_per_floor":[70,70,70,70,70,70,70,70,70,70,70,70,70,70,70,70,70,70,70,70,70,70,70,70,70,70,70,70,70,70,70,70,70,70,70,70,70,73,73,73,73,73,73,73,73,73,73,73,73,73],"card_choices":[{"not_picked":["Floating Swing Kick","Provocative"],"picked":"Afterwards","floor":1},{"not_picked":["Oblique Hack","Cursed Blade"],"picked":"Lunge","floor":4},{"not_picked":["Fire Up","Floating Even","De Ware Chip"],"picked":"SKIP","floor":5},{"not_picked":["Resistance","Trader"],"picked":"Moon Tear","floor":7},{"not_picked":["Thunder Jump","Resistance","Judgment"],"picked":"SKIP","floor":8},{"not_picked":["Load Balancing","Revenge","Fire Up"],"picked":"SKIP","floor":10},{"not_picked":["Fire Blade","Lunge"],"picked":"Black Shadow","floor":11},{"not_picked":["Rupture","Transfer Energy"],"picked":"Defend System","floor":13},{"not_picked":["White Contract","Pod Fire"],"picked":"Cooling Song","floor":15},{"not_picked":["Im Angry","Pod Laser"],"picked":"Furious","floor":16},{"not_picked":["Floating Even","Lunge"],"picked":"Black Shadow+1","floor":18},{"not_picked":["Ruin Defend","Black Execution+1"],"picked":"E MP","floor":21},{"not_picked":["Cursed Blade","Fire Blade+1"],"picked":"Preloading+1","floor":22},{"not_picked":["Here Defend Chip","Cursed Blade"],"picked":"Overclocking","floor":24},{"not_picked":["Twin Teeth","Oblique Hack+1"],"picked":"Weapon Shift","floor":27},{"not_picked":["Defend System","Judgment"],"picked":"Preloading+1","floor":28},{"not_picked":["Black Hand","White Contract"],"picked":"Lunge","floor":29},{"not_picked":["Recovery Mechanism","Floating Even+1"],"picked":"Here Defend Chip","floor":32},{"not_picked":["Pod Laser","Overclocking"],"picked":"Shockwave Tdmadao","floor":33},{"not_picked":["Cursed Blade+1","Three Hit"],"picked":"Awareness+1","floor":35},{"not_picked":["Winding Magic","Resistance","Lunge"],"picked":"SKIP","floor":39},{"not_picked":["Cursed Blade","Floating Swing Kick+1","Oblique Hack+1"],"picked":"SKIP","floor":40},{"not_picked":["Preloading+1","Pod Fire"],"picked":"Light Attack+1","floor":41},{"not_picked":["Cooling Song","Pod Fire+1"],"picked":"Data Freezing","floor":45},{"not_picked":["Black Execution","Fire Blade"],"picked":"Here Defend Chip","floor":48}],"player_experience":1720953,"relics_obtained":[{"floor":9,"key":"Dream Catcher"},{"floor":10,"key":"hubris:GlazedTorus"},{"floor":12,"key":"hubris:BottledRain"},{"floor":26,"key":"Gambling Chip"},{"floor":31,"key":"Nilry\u0027s Codex"},{"floor":43,"key":"Bottled Tornado"}],"event_choices":[{"cards_removed":["Strike_C"],"damage_healed":0,"gold_gain":0,"player_choice":"Card Removal","damage_taken":7,"max_hp_gain":0,"max_hp_loss":0,"event_name":"Golden Wing","floor":2,"gold_loss":0},{"damage_healed":0,"gold_gain":0,"player_choice":"Forge","damage_taken":0,"max_hp_gain":0,"max_hp_loss":0,"event_name":"Accursed Blacksmith","floor":3,"gold_loss":0,"cards_upgraded":["Apotheosis"]},{"damage_healed":0,"gold_gain":0,"player_choice":"Inject Mutagens","damage_taken":0,"relics_obtained":["MutagenicStrength"],"max_hp_gain":0,"max_hp_loss":0,"event_name":"Drug Dealer","floor":19,"gold_loss":0},{"damage_healed":0,"gold_gain":0,"player_choice":"Copied","damage_taken":0,"max_hp_gain":0,"max_hp_loss":0,"event_name":"Duplicator","floor":25,"gold_loss":0,"cards_obtained":["Furious"]},{"damage_healed":0,"gold_gain":0,"player_choice":"Obtained Book","damage_taken":16,"max_hp_gain":0,"max_hp_loss":0,"event_name":"Cursed Tome","floor":31,"gold_loss":0},{"damage_healed":0,"gold_gain":0,"player_choice":"Embrace Madness","damage_taken":9,"max_hp_gain":0,"max_hp_loss":0,"event_name":"Winding Halls","floor":44,"gold_loss":0,"cards_obtained":["Madness","Madness"]},{"damage_healed":0,"gold_gain":0,"player_choice":"Ignored","damage_taken":0,"max_hp_gain":0,"max_hp_loss":0,"event_name":"Mysterious Sphere","floor":46,"gold_loss":0}],"is_beta":false,"boss_relics":[{"not_picked":["hubris:HollowSoul","hubris:CrackedHourglass"],"picked":"Ectoplasm"},{"not_picked":["Pandora\u0027s Box","Astrolabe"],"picked":"hubris:ScarierMask"}],"items_purged_floors":[0,14],"is_endless":false,"potions_floor_spawned":[1,5,16,21,22,27,29,35,40,48],"ascension_level":0}}