{"host":"u0qetpmu4y58k1tf","time":1613042899,"event":{"mods":["100% Spire Juice","AchievementEnabler","Act Like it!","BaseMod","CapriCore","Colored Map","Colored Powertips","Hermit","Koishi","Marisa£¨Ùöéë¡¡Øª×âÞÞ£©","Minty Spire (QoL Compilation)","Quick Restart","Reliquary","Replay The Spire","StSLib","SuperFastMode","Td1madao Mod","The Bug Knight","The Cursed","The Gatherer","The Hierophant","The Immortal","The Jungle","The Runesmith"],"gold_per_floor":[114,114,12,30,45,80,80,80,105,137,137,36,36,79,79,200,200,225,245,13,13,13,13,13],"floor_reached":23,"language":"KOR","playtime":676,"items_purged":["Strike_B"],"score":246,"play_id":"bb147027-f91c-4067-b371-7d71a9482127","local_time":"20210211202819","is_ascension_mode":true,"campfire_choices":[{"data":"Dualcast","floor":8,"key":"SMITH"},{"data":"Zap","floor":13,"key":"SMITH"},{"floor":15,"key":"DIG"}],"circlet_count":0,"master_deck":["Strike_B","Strike_B","Defend_B","Defend_B","Defend_B","Defend_B","Zap+1","Dualcast+1","Streamline","Reprogram+1","Gash","Streamline","Machine Learning+1","Beam Cell","Buffer","Beam Cell","Scrape","Fission","Conserve Battery"],"relics":["Cracked Core","NeowsBlessing","reliquary:SharkskinSheath","Replay:Baseball","Blue Doll","Golden Idol","Replay:Multitool","Anchor","SlaversCollar","Ninja Scroll","theJungle:BirthdayCakeSlice"],"acts_visited":["Exordium","Exordium"],"potions_floor_usage":[6,10,10,21],"damage_taken":[{"damage":0,"enemies":"Small Slimes","floor":1,"turns":1},{"damage":0,"enemies":"Cultist","floor":4,"turns":1},{"damage":0,"enemies":"2 Louse","floor":5,"turns":1},{"damage":24,"enemies":"Gremlin Nob","floor":6,"turns":4},{"damage":16,"enemies":"Lagavulin","floor":10,"turns":4},{"damage":20,"enemies":"3 Sentries","floor":14,"turns":7},{"damage":2,"enemies":"Hexaghost","floor":16,"turns":9},{"damage":7,"enemies":"theJungle:GiantWrat","floor":18,"turns":4},{"damage":8,"enemies":"theJungle:MUSHROOMGANG","floor":19,"turns":4},{"damage":48,"enemies":"JungleHuntersEvent","floor":21,"turns":6},{"damage":12,"enemies":"theJungle:Cassacara","floor":23,"turns":2}],"seed_played":"-2831861669741948725","potions_obtained":[{"floor":1,"key":"Block Potion"},{"floor":5,"key":"Weak Potion"},{"floor":6,"key":"Block Potion"},{"floor":16,"key":"PowerPotion"}],"is_trial":false,"path_per_floor":["M","?","$","M","M","E","?","R","T","E","?","$","R","E","R_BF","B",null,"M","M","$","?","?","E"],"character_chosen":"DEFECT","items_purchased":["Streamline","Machine Learning+1","Scrape","Fission"],"campfire_rested":0,"item_purchase_floors":[3,12,20,20],"current_hp_per_floor":[75,75,75,75,75,51,51,51,51,35,35,35,35,15,15,13,69,62,54,54,6,11,0,0],"gold":13,"neow_bonus":"THREE_ENEMY_KILL","is_daily":false,"chose_seed":false,"campfire_upgraded":2,"win_rate":0.0,"timestamp":1613042899,"path_taken":["M","?","$","?","M","E","?","R","T","E","?","$","R","E","R_BF","BOSS","M","M","$","?","?","E"],"items_purchased_type":["Card","Card","Card","Card"],"build_version":"2020-12-22","purchased_purges":1,"victory":false,"max_hp_per_floor":[75,75,75,75,75,75,75,75,75,75,69,69,69,69,69,69,69,69,69,69,69,74,74,74],"card_choices":[{"not_picked":["Turbo","Rebound","Auto Shields"],"picked":"SKIP","floor":1},{"not_picked":["ReplayTheSpireMod:GoodbyeWorld","Turbo"],"picked":"Reprogram","floor":4},{"not_picked":["Ball Lightning","Steam"],"picked":"Gash","floor":5},{"not_picked":["Compile Driver","Storm"],"picked":"Streamline","floor":6},{"not_picked":["Coolheaded","Compile Driver","Panic Button"],"picked":"SKIP","floor":10},{"not_picked":["Undo","ReplaySolidLightProjector"],"picked":"Beam Cell","floor":14},{"not_picked":["Rainbow","Thunder Strike"],"picked":"Buffer","floor":16},{"not_picked":["Consume","Stack+1","Cold Snap+1"],"picked":"SKIP","floor":18},{"not_picked":["Panic Button","Time Bomb"],"picked":"Beam Cell","floor":19},{"not_picked":["Hello World","Rip and Tear"],"picked":"Conserve Battery","floor":21}],"player_experience":97348,"relics_obtained":[{"floor":6,"key":"reliquary:SharkskinSheath"},{"floor":9,"key":"Replay:Baseball"},{"floor":10,"key":"Blue Doll"},{"floor":14,"key":"Replay:Multitool"},{"floor":15,"key":"Anchor"},{"floor":21,"key":"Ninja Scroll"}],"event_choices":[{"cards_removed":["Strike_B"],"damage_healed":0,"gold_gain":0,"player_choice":"Purged","damage_taken":0,"max_hp_gain":0,"max_hp_loss":0,"event_name":"Purifier","floor":2,"gold_loss":0},{"damage_healed":0,"gold_gain":0,"player_choice":"Grow","damage_taken":0,"max_hp_gain":0,"max_hp_loss":0,"event_name":"Living Wall","floor":7,"gold_loss":0,"cards_upgraded":["Reprogram"]},{"damage_healed":0,"gold_gain":0,"player_choice":"Lose Max HP","damage_taken":0,"relics_obtained":["Golden Idol"],"max_hp_gain":0,"max_hp_loss":6,"event_name":"Golden Idol","floor":11,"gold_loss":0}],"is_beta":false,"boss_relics":[{"not_picked":["Philosopher\u0027s Stone","Runesmith:UraniumAnvil"],"picked":"SlaversCollar"}],"items_purged_floors":[3],"is_endless":false,"potions_floor_spawned":[1,5,6,16],"killed_by":"theJungle:Cassacara","ascension_level":4}}