{"host":"57rytaa21d5yl0hy","time":1613056390,"event":{"mods":["Act Like it!","BaseMod","Challenge The Spire","Friendly Minions","Gensokyo","Infinite Spire","KinomotoSakuraMod(木之本樱)","Kiyohime（清姬）","Lobotomy","LobotomyExtend","Minty Spire (QoL Compilation)","Poem Panic","Replay The Spire","RumiaBox-露米娅的神秘盒子","StSLib","The Senshi","Waifu the Spire","Yuri Mod"],"gold_per_floor":[117,117,135,135,148,148,68,68,91,129,245,245,182,199,199,298,298,318,318,26,44,44,44,0,0,26,26,26,26,340,340,340,443,443,461,238,248,14,24,24,24,49,49,60,19,39,39,39],"floor_reached":47,"language":"ZHS","playtime":1752,"items_purged":["Languid"],"score":587,"play_id":"dbf36781-c6bb-43d7-a60b-a12312e3bd4a","local_time":"20210211231310","is_ascension_mode":true,"campfire_choices":[{"data":"theSenshi:MoonPrismPowerMakeUp","floor":6,"key":"SMITH"},{"data":"theSenshi:MoonPrincessHalation","floor":15,"key":"SMITH"},{"data":"theSenshi:MoonPrincessHalation","floor":27,"key":"SMITH"},{"data":"theSenshi:SailorKick","floor":29,"key":"SMITH"},{"floor":32,"key":"REST"},{"data":"theSenshi:MoonTiaraMagic","floor":40,"key":"SMITH"},{"data":"theSenshi:MoonPunch","floor":40,"key":"SMITH"}],"circlet_count":0,"master_deck":["theSenshi:SailorKick","theSenshi:SailorKick+1","theSenshi:SailorKick+1","theSenshi:SailorKick","theSenshi:SailorBlock","theSenshi:SailorBlock","theSenshi:SailorBlock","theSenshi:SailorBlock","theSenshi:RoseThrow","theSenshi:MoonPrismPowerMakeUp+1","CommonCold","theSenshi:NeptunesGrace+1","theSenshi:SailorPlanetPower","theSenshi:SailorChibiMoonAssists","theSenshi:MoonCosmicPowerMakeUp","theSenshi:SailorPlanetPower","Voices","theSenshi:MoonPrincessHalation+1","theSenshi:MoonPrincessHalation+1","theSenshi:SailorMarsAssists","theSenshi:MoonPunch+1","theSenshi:MoonEternalMakeUp+1","theSenshi:SailorJupiterAssists","theSenshi:MoonPunch","Horn+1","theSenshi:SailorCosmosAssists+1","theSenshi:MoonHealingEscalation+1","theSenshi:MoonPrincessHalation+1","BigBird","theSenshi:MoonTwilightFlash+1","Freischutz","theSenshi:MoonTiaraMagic+1","Wellcheers","Gensokyo:ScrapIron","theSenshi:SailorMarsAssists+1"],"relics":["ReplayTheSpireMod:CursedCoin","CogitoBucket","Painkiller Herb","OrangePellets","Omamori","Replay:Bottled Eggs","Burning Blood","KSMOD_GemBrooch","Bag of Preparation","Replay:Arrowhead","Ring of Fury","ReplayTheSpireMod:Shallot","ClockworkSouvenir","DollysMirror","yuri:GlassOfWine","infinitespire:Chaos","Regal Pillow","LetterFromLob","Replay:Lucky Slots","Gensokyo:TheCrow","theSenshi:RoseRelic","Kunai"],"acts_visited":["Gensokyo:Gensokyo","Gensokyo:Gensokyoer","Gensokyo:Gensokyoest"],"potions_floor_usage":[14,33,35],"damage_taken":[{"damage":14,"enemies":"Gensokyo:3_Fairies","floor":1,"turns":5},{"damage":0,"enemies":"Gensokyo:Python","floor":3,"turns":5},{"damage":0,"enemies":"Gensokyo:Gryphon","floor":5,"turns":3},{"damage":25,"enemies":"Gensokyo:3_Kodama","floor":13,"turns":5},{"damage":21,"enemies":"Gensokyo:LivingMonolith","floor":14,"turns":2},{"damage":24,"enemies":"Gensokyo:Yukari","floor":16,"turns":6},{"damage":5,"enemies":"Gensokyo:2_Gloops","floor":18,"turns":5},{"damage":45,"enemies":"Gensokyo:AngelMirror","floor":21,"turns":5},{"damage":40,"enemies":"Gensokyo:Swordslinger","floor":30,"turns":4},{"damage":103,"enemies":"Gensokyo:Kaguya","floor":33,"turns":11},{"damage":34,"enemies":"Gensokyo:AncientGuardian","floor":35,"turns":5},{"damage":6,"enemies":"Gensokyo:3_Boulders","floor":37,"turns":4},{"damage":3,"enemies":"Gensokyo:SeedOfUnknown","floor":39,"turns":2},{"damage":35,"enemies":"Gensokyo:Kasen","floor":42,"turns":5},{"damage":12,"enemies":"Gensokyo:AtlasGolem","floor":44,"turns":4},{"damage":20,"enemies":"Gensokyo:Sharpion","floor":46,"turns":3},{"damage":60,"enemies":"Nightmare","floor":47,"turns":4}],"seed_played":"-577173220830057837","potions_obtained":[{"floor":5,"key":"BlessingOfTheForge"},{"floor":14,"key":"Fruit Juice"},{"floor":16,"key":"Adrenaline Potion"},{"floor":33,"key":"Toxic Potion"},{"floor":35,"key":"Adrenaline Potion"},{"floor":39,"key":"Fire Potion"}],"is_trial":false,"path_per_floor":["M","?","M","?","M","R","$","?","T","?","$","E","M","M","R","B",null,"M","?","COS","M","AVR","?","?","?","T","R","$","R","M","?","R","B",null,"M","$","?","T","?","T","?","E","T","?","COS","?","NM"],"character_chosen":"THE_SENSHI","items_purchased":["theSenshi:MoonCosmicPowerMakeUp","ReplayTheSpireMod:CursedCoin","theSenshi:MoonPrincessHalation","infinitespire:Chaos","Regal Pillow","Replay:Lucky Slots","Strength Potion"],"campfire_rested":1,"item_purchase_floors":[7,11,11,36,36,38,38],"current_hp_per_floor":[75,83,83,61,61,61,61,69,69,83,83,83,58,56,56,44,116,111,111,111,66,66,66,66,66,66,66,66,66,26,26,60,79,116,82,82,82,82,85,85,85,56,56,63,63,59,0,0],"gold":39,"neow_bonus":"TWENTY_PERCENT_HP_BONUS","is_daily":false,"chose_seed":false,"campfire_upgraded":6,"win_rate":0.0,"timestamp":1613056390,"path_taken":["M","?","?","?","M","R","$","?","T","?","?","E","M","?","R","BOSS","M","?","COS","M","AVR","?","?","?","T","R","?","R","?","?","R","BOSS","M","$","?","?","?","T","?","E","T","?","COS","?","NM"],"items_purchased_type":["Card","Relic","Card","Relic","Relic","Relic","Potion"],"build_version":"2020-12-22","purchased_purges":1,"victory":false,"max_hp_per_floor":[89,89,89,89,89,89,89,97,97,111,111,111,111,116,116,116,116,116,116,116,116,116,116,116,116,116,116,116,116,116,116,116,116,116,116,116,116,116,116,116,116,116,116,116,116,116,116,116],"card_choices":[{"not_picked":["theSenshi:GatheringStrength","theSenshi:SailorJupiterAssists"],"picked":"theSenshi:NeptunesGrace","floor":1},{"not_picked":["theSenshi:SailorJupiterAssists","theSenshi:UranusStrength"],"picked":"theSenshi:SailorPlanetPower","floor":3},{"not_picked":["theSenshi:HesSoDreamy","theSenshi:EncouragingSpeech"],"picked":"theSenshi:SailorChibiMoonAssists","floor":5},{"not_picked":["theSenshi:EncouragingSpeech","theSenshi:MoonPrincessHalation"],"picked":"theSenshi:SailorPlanetPower","floor":10},{"not_picked":["theSenshi:Sidestep","theSenshi:TallSilhouette"],"picked":"theSenshi:SailorMarsAssists","floor":13},{"not_picked":["theSenshi:MoonTwilightFlash","theSenshi:SteeledNerves"],"picked":"theSenshi:MoonPunch","floor":14},{"not_picked":["theSenshi:WarriorOfTheMoon","theSenshi:GlimpseOfThePast"],"picked":"theSenshi:MoonEternalMakeUp","floor":16},{"not_picked":["theSenshi:TuxedoSmokingBomber+1","theSenshi:SchoolBag"],"picked":"theSenshi:SailorJupiterAssists","floor":18},{"not_picked":["theSenshi:TallSilhouette","theSenshi:SailorJupiterAssists","theSenshi:SailorPlanetPower"],"picked":"SKIP","floor":21},{"not_picked":["theSenshi:SailorChibiMoonAssists","theSenshi:SailorUranusAssists"],"picked":"theSenshi:MoonPunch","floor":30},{"not_picked":["theSenshi:MoonEternalMakeUp","theSenshi:LunaSensingAllies"],"picked":"theSenshi:SailorCosmosAssists","floor":33},{"not_picked":["theSenshi:MercurysCunning","theSenshi:SailorChibiMoonAssists"],"picked":"theSenshi:MoonHealingEscalation+1","floor":35},{"not_picked":["CrumblingArmor","Woodsman"],"picked":"BigBird","floor":37},{"not_picked":["theSenshi:InTheNickOfTime+1","theSenshi:MoonPrincessHalation"],"picked":"theSenshi:MoonTwilightFlash+1","floor":37},{"not_picked":["FieryBird","LittlePrince"],"picked":"Freischutz","floor":39},{"not_picked":["theSenshi:GatheringStrength","theSenshi:TuxedoMaskAssists+1"],"picked":"theSenshi:MoonTiaraMagic","floor":39},{"not_picked":["Woodsman","LaLuna"],"picked":"Wellcheers","floor":42},{"not_picked":["theSenshi:MoonHealingEscalation+1","theSenshi:MoonCrisisMakeUp+1","theSenshi:Overload"],"picked":"SKIP","floor":42},{"not_picked":["theSenshi:SailorJupiterAssists+1","theSenshi:MercurysCunning","theSenshi:HesSoDreamy"],"picked":"SKIP","floor":44},{"not_picked":["theSenshi:SteeledNerves+1","theSenshi:TuxedoSmokingBomber"],"picked":"theSenshi:SailorMarsAssists+1","floor":46}],"player_experience":318474,"relics_obtained":[{"floor":1,"key":"Baka"},{"floor":1,"key":"LetterFromLob"},{"floor":9,"key":"infinitespire:Lucky Rock"},{"floor":10,"key":"Mango"},{"floor":26,"key":"Pen Nib"},{"floor":37,"key":"LetterFromLob"},{"floor":42,"key":"theSenshi:RoseRelic"},{"floor":43,"key":"Kunai"}],"event_choices":[],"is_beta":false,"boss_relics":[{"not_picked":["Coffee Dripper","Runic Dome"],"picked":"SoulBox"},{"not_picked":["Velvet Choker","Runic Pyramid"],"picked":"Cursed Key"}],"items_purged_floors":[36],"is_endless":false,"potions_floor_spawned":[5,14,16,33,35,39,46],"killed_by":"Nightmare","ascension_level":1}}