{"host":"vk3ewtw4s3cnt0gn","time":1613081964,"event":{"mods":["2.2 Compatiblity","Act Like it!","AlwaysNeverKeys","Arknights","BaseMod","Better Third Choice","BetterRewards","CapriCore","Clockwork Mod","Colored Powertips","Displayed Cursed Tome","Downfall","Glutton Mod","Gremlin Mod","GungeonMod","Hubris","Jorbs\u0027s Wanderer Trilogy","Minty Spire (QoL Compilation)","Permanent Neow","Potionbrewer","Rare Cards Sparkle","Remove Card Discount Mod","Replay The Spire","Robot Space Explorer","Shade Mod","Spicy Shops","StSLib","The Blackbeard","The Bug Knight","The Construct","The Cursed","The Death Knight","The Immortal","The Marked","UnlockEverythingMod","[GremlinLeader]The Maniac"],"gold_per_floor":[99,119,138,138,151,51,51,67,81,10,10,23,23,23,51,150,150,50,69,89,89,99,99,99,118,133,152,168,186,186,186,200,303,303,303,314,462,479,479,512,512,528,428,447,463,463,14,33,53,53,53,83,83,83,83,83],"floor_reached":57,"language":"ENG","playtime":8998,"items_purged":["maniac:Defend","maniac:Strike","maniac:Strike","maniac:Defend","maniac:UntravelledPath","maniac:Defend","maniac:Strike","hubris:Envy","Pride"],"score":1236,"play_id":"7e68c9fc-4843-42a3-9c1f-636b3cbe6ef4","local_time":"20210211171924","is_ascension_mode":false,"campfire_choices":[{"data":"maniac:GlassScratch","floor":6,"key":"SMITH"},{"data":"maniac:DashForward","floor":11,"key":"SMITH"},{"data":"maniac:BladesInCloak","floor":13,"key":"SMITH"},{"floor":18,"key":"DIG"},{"data":"maniac:Hasten","floor":23,"key":"SMITH"},{"data":"maniac:EndOfTheRoad","floor":35,"key":"SMITH"},{"data":"maniac:FanTheHammer","floor":43,"key":"SMITH"},{"data":"expansioncontent:DashGenerateEvil","floor":54,"key":"SMITH"}],"circlet_count":0,"master_deck":["maniac:BurnBlood","maniac:AbyssShackle","maniac:GlassScratch+1","maniac:ReachVictory","maniac:ForsakenHand","maniac:Refine","maniac:BladesInCloak+1","maniac:Retrospect","maniac:DashForward+1","maniac:EndOfTheRoad+1","maniac:FanTheHammer+1","maniac:Intimidate","maniac:Trap","maniac:Hasten+1","maniac:GlassScratch+1","maniac:Assassinate","maniac:LootBarrage+1","maniac:Collecting","maniac:ColdHeart+1","expansioncontent:DashGenerateEvil+1"],"relics":["maniac:DamagedAnvil","maniac:BrokenHorn","downfall:HeartBlessingRed","Meat on the Bone","DemoMod:RiddleOfLead","downfall:HeartBlessingGreen","DemoMod:JetPack","Ancient Tea Set","Replay:Baseball","hubris:Icosahedron","Cursed Key","Akabeko","Anchor","DemoMod:OrangeGuonStone","Question Card","downfall:HeartBlessingBlue","Juzu Bracelet","HandDrill","Bag of Marbles","DemoMod:WeirdEgg"],"acts_visited":["Exordium","TheCity","TheBeyond","TheEnding"],"potions_floor_usage":[15,15,16,16,26,26,32,42,42,42,56],"damage_taken":[{"damage":9,"enemies":"2 Louse","floor":2,"turns":2},{"damage":11,"enemies":"Jaw Worm","floor":3,"turns":3},{"damage":7,"enemies":"ats:Genji","floor":5,"turns":2},{"damage":0,"enemies":"Large Slime","floor":8,"turns":4},{"damage":3,"enemies":"Gremlin Gang","floor":9,"turns":5},{"damage":4,"enemies":"downfall:FleeingMerchant","floor":10,"turns":4},{"damage":3,"enemies":"2 Fungi Beasts","floor":12,"turns":2},{"damage":1,"enemies":"Exordium Thugs","floor":15,"turns":2},{"damage":34,"enemies":"IC_STATUS_ARCHETYPE","floor":16,"turns":4},{"damage":16,"enemies":"Chosen","floor":19,"turns":2},{"damage":19,"enemies":"Shell Parasite","floor":20,"turns":3},{"damage":29,"enemies":"Snake Plant","floor":22,"turns":3},{"damage":16,"enemies":"Centurion and Healer","floor":25,"turns":3},{"damage":13,"enemies":"Sentry and Sphere","floor":26,"turns":3},{"damage":22,"enemies":"3 Cultists","floor":27,"turns":3},{"damage":22,"enemies":"Snake Plant","floor":28,"turns":3},{"damage":0,"enemies":"Sentry and Sphere","floor":29,"turns":3},{"damage":5,"enemies":"Chosen and Byrds","floor":32,"turns":2},{"damage":27,"enemies":"DF_ARCHETYPE_CLAW","floor":33,"turns":4},{"damage":3,"enemies":"3 Shapes","floor":36,"turns":2},{"damage":2,"enemies":"downfall:FleeingMerchant","floor":37,"turns":3},{"damage":0,"enemies":"Orb Walker","floor":38,"turns":2},{"damage":18,"enemies":"Giant Head","floor":40,"turns":3},{"damage":3,"enemies":"Jaw Worm Horde","floor":42,"turns":2},{"damage":7,"enemies":"4 Shapes","floor":44,"turns":3},{"damage":4,"enemies":"Transient","floor":45,"turns":5},{"damage":3,"enemies":"Maw","floor":48,"turns":2},{"damage":0,"enemies":"Spire Growth","floor":49,"turns":3},{"damage":14,"enemies":"SI_POISON_ARCHETYPE","floor":50,"turns":3},{"damage":16,"enemies":"downfall:CharBossMerchant","floor":52,"turns":4},{"damage":7,"enemies":"downfall:NeowBoss","floor":55,"turns":6},{"damage":57,"enemies":"downfall:NeowBossFinal","floor":56,"turns":6}],"seed_played":"9092046095996297164","potions_obtained":[{"floor":2,"key":"potionbrewer:MidasPotion"},{"floor":5,"key":"potionbrewer:AcidPotion"},{"floor":9,"key":"Strength Potion"},{"floor":15,"key":"Dexterity Potion"},{"floor":22,"key":"potionbrewer:ToxicPotion"},{"floor":25,"key":"Energy Potion"},{"floor":27,"key":"bronze:BurnAndBuffPotion"},{"floor":28,"key":"SpeedPotion"},{"floor":29,"key":"Adrenaline Potion"},{"floor":38,"key":"BlessingOfTheForge"},{"floor":40,"key":"potionbrewer:NoxiousPotion"},{"floor":44,"key":"ColorlessPotion"},{"floor":45,"key":"potionbrewer:AcidPotion"}],"is_trial":false,"path_per_floor":["R","M","M","?","M","R","T","M","M","$","R","M","R","?","M","B",null,"R","M","M","?","M","R","T","M","M","M","M","M","?","?","M","B",null,"R","M","$","M","?","E","T","M","R","M","M","?","$","M","M","B",null,"E","$","R","B","B",null],"character_chosen":"THE_MANIAC","items_purchased":["maniac:DashForward","Anchor","Juzu Bracelet","HandDrill","expansioncontent:DashGenerateEvil","Bag of Marbles"],"campfire_rested":0,"item_purchase_floors":[10,37,47,47,47,47],"current_hp_per_floor":[80,71,60,60,53,53,53,53,50,46,46,43,43,36,47,25,90,90,74,55,55,38,38,38,34,33,23,13,25,25,25,32,17,90,90,87,85,85,85,67,67,64,74,67,63,63,63,60,60,58,100,84,84,84,77,32],"gold":83,"neow_bonus":"TRANSFORM_CARD","is_daily":false,"chose_seed":false,"campfire_upgraded":7,"win_rate":0.0,"timestamp":1613081964,"path_taken":["R","M","M","?","M","R","T","M","M","?","R","M","R","?","M","BOSS","R","M","M","?","M","R","T","?","M","?","?","?","?","?","M","BOSS","R","M","$","M","?","E","T","M","R","?","M","?","$","M","M","BOSS","E","$","R","BOSS","BOSS"],"items_purchased_type":["Card","Relic","Relic","Relic","Card","Relic"],"build_version":"2020-12-22","purchased_purges":9,"victory":true,"max_hp_per_floor":[80,80,80,80,80,80,80,80,80,80,80,80,80,80,80,80,90,90,90,90,90,90,90,90,90,90,90,90,90,90,90,90,90,90,90,90,90,90,90,90,90,90,100,100,100,100,100,100,100,100,100,100,100,100,100,100],"card_choices":[{"not_picked":["maniac:ManipulatedFaith","maniac:SpectralKnives"],"picked":"maniac:UntravelledPath","floor":2},{"not_picked":["maniac:DashForward","maniac:ShelteringEdge"],"picked":"maniac:ForsakenHand","floor":3},{"not_picked":["maniac:MeleeStrike","maniac:UndyingDesire"],"picked":"maniac:Refine","floor":5},{"not_picked":["maniac:ExpectedMoves","maniac:Recollect"],"picked":"maniac:BladesInCloak","floor":8},{"not_picked":["maniac:Refine","maniac:Confront","maniac:SpectralKnives"],"picked":"SKIP","floor":9},{"not_picked":["maniac:ObscuredAttack","maniac:PanickyParry"],"picked":"maniac:Retrospect","floor":10},{"not_picked":["maniac:Retrospect","maniac:AlleviatingSorcery"],"picked":"maniac:EndOfTheRoad","floor":12},{"not_picked":["maniac:WardAndDefend","maniac:UntravelledPath","maniac:MortalSteel"],"picked":"SKIP","floor":15},{"not_picked":["maniac:HammerDown","maniac:Simulacrum"],"picked":"maniac:FanTheHammer","floor":16},{"not_picked":["maniac:ShelteringEdge","maniac:Refine","maniac:PanickyParry"],"picked":"SKIP","floor":19},{"not_picked":["maniac:Lacerate","maniac:Confront"],"picked":"maniac:Intimidate","floor":20},{"not_picked":["maniac:Simulacrum","maniac:ShatteredShield"],"picked":"maniac:Hasten","floor":22},{"not_picked":["maniac:Intimidate","maniac:ReconstructWounds","maniac:ListenToNone+1"],"picked":"SKIP","floor":25},{"not_picked":["maniac:BladeShoot","maniac:PanickyParry+1"],"picked":"maniac:GlassScratch+1","floor":26},{"not_picked":["maniac:WardAndDefend","maniac:UndyingDesire"],"picked":"maniac:Assassinate","floor":27},{"not_picked":["maniac:SeekerKnife","maniac:Confront","maniac:UndyingDesire"],"picked":"SKIP","floor":28},{"not_picked":["maniac:UndyingDesire+1","maniac:FindAShortcut"],"picked":"maniac:LootBarrage+1","floor":29},{"not_picked":["maniac:Blastwave","maniac:BladeShoot","maniac:MeleeStrike"],"picked":"SKIP","floor":32},{"not_picked":["maniac:ReachVictory","maniac:ShadowContact"],"picked":"maniac:Collecting","floor":33},{"not_picked":["maniac:UntravelledPath","maniac:Whirlscythe+1","maniac:ShiftingShadows"],"picked":"SKIP","floor":36},{"not_picked":["maniac:Simulacrum","maniac:SpectralKnives+1","maniac:PanickyParry"],"picked":"SKIP","floor":37},{"not_picked":["maniac:ListenToNone","maniac:WardAndDefend","maniac:Assassinate"],"picked":"SKIP","floor":38},{"not_picked":["maniac:Traceback","maniac:DashForward+1","maniac:UntravelledPath"],"picked":"SKIP","floor":40},{"not_picked":["maniac:ExpectedMoves+1","maniac:Whirlscythe+1","maniac:Infuriate"],"picked":"maniac:ColdHeart+1","floor":42},{"not_picked":["maniac:DashForward+1","maniac:BladeShoot+1","maniac:UntravelledPath","maniac:TorturousScreams"],"picked":"SKIP","floor":44},{"not_picked":["maniac:ManipulatedFaith","maniac:UndyingDesire+1","maniac:FindAShortcut+1","maniac:Intimidate+1"],"picked":"SKIP","floor":45},{"not_picked":["maniac:Refine","maniac:SorceryHour","maniac:WardAndDefend+1","maniac:SpectralKnives+1"],"picked":"SKIP","floor":48},{"not_picked":["maniac:MeleeStrike","maniac:UntravelledPath","maniac:Traceback+1","maniac:MortalSteel"],"picked":"SKIP","floor":49},{"not_picked":["maniac:Confront","maniac:MeleeStrike","maniac:Deal","maniac:Collecting"],"picked":"SKIP","floor":52}],"player_experience":341603,"relics_obtained":[{"floor":7,"key":"Meat on the Bone"},{"floor":18,"key":"DemoMod:JetPack"},{"floor":24,"key":"Ancient Tea Set"},{"floor":40,"key":"DemoMod:OrangeGuonStone"},{"floor":41,"key":"Question Card"},{"floor":52,"key":"DemoMod:WeirdEgg"}],"event_choices":[{"damage_healed":0,"gold_gain":0,"player_choice":"Relic ","damage_taken":7,"max_hp_gain":0,"max_hp_loss":0,"event_name":"betterThird:BetterScrap","floor":14,"gold_loss":0,"cards_obtained":["Chaos"]},{"damage_healed":0,"gold_gain":0,"player_choice":"Ignored","damage_taken":0,"max_hp_gain":0,"max_hp_loss":0,"event_name":"NoteForYourself","floor":39,"gold_loss":0}],"is_beta":false,"boss_relics":[{"not_picked":["Empty Cage","Tiny House"],"picked":"DemoMod:RiddleOfLead"},{"not_picked":["Velvet Choker","potionbrewer:BhaskarasWheel"],"picked":"Cursed Key"}],"items_purged_floors":[10,10,37,37,37,37,37,47,47],"is_endless":false,"potions_floor_spawned":[2,5,9,15,22,25,27,28,29,38,40,44,45],"ascension_level":0}}