{"host":"h2g8ky7y1n1j4svm","time":1613012799,"event":{"mods":["AchievementEnabler","BaseMod","Bestiary","Block Reminder","Colored Map","Highlight Path","Minty Spire (QoL Compilation)","Quick Restart","Relic Stats","SuperFastMode"],"gold_per_floor":[17,29,39,57,7,7,38,50,50,50,82,82,82,116,116,214,214,214,169,169,94,94,94,19,19,19,19,19,19,19,19,19,19,19,19,19,19,19,19,19,19,19,19,19,19,19,19,19,19,19,19,19,19,19,19,19],"floor_reached":55,"language":"ENG","playtime":13637,"items_purged":["Defend_B"],"score":819,"play_id":"cdf020a4-1be9-4ed9-8fc9-f9e6fb748884","local_time":"20210211040639","is_ascension_mode":false,"campfire_choices":[{"data":"Zap","floor":6.0,"key":"SMITH"},{"data":"Creative AI","floor":12.0,"key":"SMITH"},{"floor":15.0,"key":"REST"},{"floor":23.0,"key":"REST"},{"data":"Ghostly","floor":30.0,"key":"SMITH"},{"floor":32.0,"key":"RECALL"},{"data":"Fission","floor":40.0,"key":"SMITH"},{"data":"Ghostly","floor":44.0,"key":"SMITH"},{"data":"Scrape","floor":47.0,"key":"SMITH"},{"floor":49.0,"key":"REST"},{"data":"Consume","floor":52.0,"key":"SMITH"}],"circlet_count":0,"master_deck":["Defend_B","Defend_B","Zap+1","Dualcast","Gash","Ball Lightning","Streamline","Glacier","Gash","Creative AI+1","Beam Cell","Reboot","Cold Snap","Go for the Eyes+1","Scrape+1","Consume+1","Ghostly+1","Ghostly","Ghostly","Ghostly+1","Ghostly","Gash","Double Energy+1","BootSequence+1","Conserve Battery","Fission+1","Ball Lightning+1","Doom and Gloom+1","Ball Lightning+1","Steam+1"],"relics":["Cracked Core","StoneCalendar","Orichalcum","Ginger","Shuriken","Ectoplasm","Anchor","Symbiotic Virus","Busted Crown","Vajra","Molten Egg 2","Pear","Blood Vial"],"acts_visited":["TheBeyond","TheEnding"],"potions_floor_usage":[55],"damage_taken":[{"damage":7.0,"enemies":"2 Louse","floor":1.0,"turns":3.0},{"damage":1.0,"enemies":"Jaw Worm","floor":2.0,"turns":3.0},{"damage":0.0,"enemies":"Small Slimes","floor":3.0,"turns":2.0},{"damage":2.0,"enemies":"2 Fungi Beasts","floor":4.0,"turns":2.0},{"damage":3.0,"enemies":"Lagavulin","floor":7.0,"turns":5.0},{"damage":1.0,"enemies":"Blue Slaver","floor":8.0,"turns":3.0},{"damage":14.0,"enemies":"Gremlin Nob","floor":11.0,"turns":5.0},{"damage":7.0,"enemies":"Lagavulin","floor":14.0,"turns":6.0},{"damage":7.0,"enemies":"Slime Boss","floor":16.0,"turns":7.0},{"damage":20.0,"enemies":"3 Byrds","floor":18.0,"turns":5.0},{"damage":14.0,"enemies":"2 Thieves","floor":19.0,"turns":3.0},{"damage":2.0,"enemies":"Cultist and Chosen","floor":20.0,"turns":6.0},{"damage":0.0,"enemies":"3 Cultists","floor":22.0,"turns":4.0},{"damage":0.0,"enemies":"Shelled Parasite and Fungi","floor":28.0,"turns":6.0},{"damage":0.0,"enemies":"Book of Stabbing","floor":29.0,"turns":5.0},{"damage":0.0,"enemies":"Chosen and Byrds","floor":31.0,"turns":5.0},{"damage":6.0,"enemies":"Automaton","floor":33.0,"turns":10.0},{"damage":0.0,"enemies":"Orb Walker","floor":35.0,"turns":4.0},{"damage":0.0,"enemies":"3 Darklings","floor":37.0,"turns":4.0},{"damage":1.0,"enemies":"Transient","floor":38.0,"turns":5.0},{"damage":2.0,"enemies":"Sphere and 2 Shapes","floor":39.0,"turns":5.0},{"damage":0.0,"enemies":"Nemesis","floor":41.0,"turns":9.0},{"damage":6.0,"enemies":"3 Darklings","floor":45.0,"turns":5.0},{"damage":0.0,"enemies":"Reptomancer","floor":46.0,"turns":7.0},{"damage":6.0,"enemies":"Maw","floor":48.0,"turns":6.0},{"damage":29.0,"enemies":"Awakened One","floor":50.0,"turns":15.0},{"damage":11.0,"enemies":"Shield and Spear","floor":54.0,"turns":7.0},{"damage":67,"enemies":"The Heart","floor":55,"turns":8}],"seed_played":"-7825617015248124022","potions_obtained":[{"floor":1.0,"key":"Strength Potion"},{"floor":3.0,"key":"SneckoOil"},{"floor":7.0,"key":"DuplicationPotion"},{"floor":11.0,"key":"Swift Potion"},{"floor":20.0,"key":"EssenceOfDarkness"},{"floor":22.0,"key":"SpeedPotion"},{"floor":28.0,"key":"Dexterity Potion"},{"floor":33.0,"key":"SpeedPotion"},{"floor":35.0,"key":"Strength Potion"},{"floor":46.0,"key":"Dexterity Potion"},{"floor":48.0,"key":"Block Potion"}],"is_trial":false,"path_per_floor":["M","M","M","M","?","R","E","M","T","?","E","R","?","E","R","B",null,"M","M","M","?","M","R","$","?","T","?","M","E","R","M","R","B",null,"M","?","M","M","M","R","E","?","T","R","M","E","R","M","R","B",null,"R","$","E","B"],"character_chosen":"DEFECT","items_purchased":[],"campfire_rested":3,"item_purchase_floors":[],"current_hp_per_floor":[68,67,67,65,65,65,62,61,61,61,47,47,40,33,55,48,75,55,41,39,39,39,61,61,37,37,37,37,37,37,37,37,31,37,37,37,37,36,34,34,34,34,34,34,28,38,38,32,46,17,47,47,47,36,0,0],"gold":19,"neow_bonus":"ONE_RARE_RELIC","is_daily":false,"chose_seed":false,"campfire_upgraded":7,"win_rate":0.0,"timestamp":1613012799,"path_taken":["M","M","M","M","?","R","E","M","T","?","E","R","?","E","R","BOSS","M","M","M","?","M","R","$","?","T","?","M","E","R","M","R","BOSS","M","?","M","M","?","R","E","?","T","R","?","E","R","M","R","BOSS","R","$","E","BOSS"],"items_purchased_type":[],"build_version":"2020-12-22","purchased_purges":1,"victory":false,"max_hp_per_floor":[75,75,75,75,75,75,75,75,75,75,75,75,75,75,75,75,75,75,75,75,75,75,75,75,37,37,37,37,37,37,37,37,37,37,37,37,37,37,37,37,37,37,37,37,37,47,47,47,47,47,47,47,47,47,47,47],"relic_stats":{"Blood Vial":2,"Busted Crown":18,"counters":[28,155],"Shuriken":[52],"StoneCalendar":[260],"Ectoplasm":496,"Ginger":[9],"Orichalcum":[264],"obtain_stats":[{"Pear":46,"Vajra":41,"StoneCalendar":0,"Ginger":11,"Orichalcum":7,"Blood Vial":54,"Anchor":26,"Busted Crown":34,"Shuriken":14,"Molten Egg 2":43,"Ectoplasm":17,"Cracked Core":0,"Symbiotic Virus":29},{"Pear":24,"Vajra":22,"StoneCalendar":0,"Ginger":7,"Orichalcum":5,"Blood Vial":27,"Anchor":13,"Busted Crown":17,"Shuriken":8,"Molten Egg 2":22,"Ectoplasm":9,"Cracked Core":0,"Symbiotic Virus":15},{"Pear":119,"Vajra":107,"StoneCalendar":0,"Ginger":23,"Orichalcum":15,"Blood Vial":147,"Anchor":54,"Busted Crown":80,"Shuriken":29,"Molten Egg 2":107,"Ectoplasm":36,"Cracked Core":0,"Symbiotic Virus":65}]},"card_choices":[{"not_picked":["Chaos","Beam Cell"],"picked":"Gash","floor":1.0},{"not_picked":["Steam Power","Recycle"],"picked":"Ball Lightning","floor":2.0},{"not_picked":["Leap","Hologram"],"picked":"Streamline","floor":3.0},{"not_picked":["White Noise","Cold Snap"],"picked":"Glacier","floor":4.0},{"not_picked":["Static Discharge","Genetic Algorithm"],"picked":"Gash","floor":7.0},{"not_picked":["Darkness","Storm","Leap"],"picked":"SKIP","floor":8.0},{"not_picked":["Sweeping Beam","Melter"],"picked":"Creative AI","floor":11.0},{"not_picked":["Sweeping Beam","Coolheaded"],"picked":"Beam Cell","floor":14.0},{"not_picked":["Meteor Strike","Fission"],"picked":"Reboot","floor":16.0},{"not_picked":["Barrage","Redo"],"picked":"Cold Snap","floor":18.0},{"not_picked":["Ball Lightning","Rip and Tear"],"picked":"Go for the Eyes+1","floor":19.0},{"not_picked":["Chill","Undo+1"],"picked":"Scrape","floor":20.0},{"not_picked":["Rebound","Sweeping Beam"],"picked":"Consume","floor":22.0},{"not_picked":["Heatsinks","Rebound"],"picked":"Double Energy+1","floor":28.0},{"not_picked":["Go for the Eyes+1","Core Surge"],"picked":"BootSequence+1","floor":29.0},{"not_picked":["Reprogram","Aggregate"],"picked":"Conserve Battery","floor":31.0},{"not_picked":["Multi-Cast","Meteor Strike"],"picked":"Fission","floor":33.0},{"not_picked":[],"picked":"Ball Lightning+1","floor":35.0},{"not_picked":["Double Energy+1"],"picked":"SKIP","floor":37.0},{"not_picked":["Stack+1"],"picked":"SKIP","floor":38.0},{"not_picked":[],"picked":"Doom and Gloom+1","floor":39.0},{"not_picked":["Barrage+1"],"picked":"SKIP","floor":41.0},{"not_picked":["Go for the Eyes+1"],"picked":"SKIP","floor":45.0},{"not_picked":[],"picked":"Ball Lightning+1","floor":46.0},{"not_picked":[],"picked":"Steam+1","floor":48.0},{"not_picked":["Coolheaded"],"picked":"SKIP","floor":54.0}],"player_experience":909009,"relics_obtained":[{"floor":7.0,"key":"Orichalcum"},{"floor":11.0,"key":"Ginger"},{"floor":14.0,"key":"Shuriken"},{"floor":26.0,"key":"Anchor"},{"floor":29.0,"key":"Symbiotic Virus"},{"floor":41.0,"key":"Vajra"},{"floor":43.0,"key":"Molten Egg 2"},{"floor":46.0,"key":"Pear"},{"floor":54.0,"key":"Blood Vial"}],"event_choices":[{"cards_removed":["Strike_B"],"damage_healed":0.0,"max_hp_gain":0.0,"max_hp_loss":0.0,"gold_gain":0.0,"event_name":"The Cleric","player_choice":"Card Removal","floor":5.0,"gold_loss":50.0,"damage_taken":0.0},{"cards_removed":["Strike_B"],"damage_healed":0.0,"max_hp_gain":0.0,"max_hp_loss":0.0,"gold_gain":0.0,"event_name":"Living Wall","player_choice":"Forget","floor":10.0,"gold_loss":0.0,"damage_taken":0.0},{"cards_removed":["Strike_B"],"damage_healed":0.0,"max_hp_gain":0.0,"max_hp_loss":0.0,"gold_gain":0.0,"event_name":"Golden Wing","player_choice":"Card Removal","floor":13.0,"gold_loss":0.0,"damage_taken":7.0},{"cards_removed":["Strike_B"],"damage_healed":0.0,"max_hp_gain":0.0,"max_hp_loss":0.0,"gold_gain":0.0,"event_name":"Beggar","player_choice":"Gave Gold","floor":21.0,"gold_loss":75.0,"damage_taken":0.0},{"damage_healed":0.0,"max_hp_gain":0.0,"max_hp_loss":38.0,"gold_gain":0.0,"event_name":"Ghosts","player_choice":"Became a Ghost","floor":25.0,"gold_loss":0.0,"damage_taken":0.0,"cards_obtained":["Ghostly","Ghostly","Ghostly","Ghostly","Ghostly"]},{"damage_healed":0.0,"max_hp_gain":0.0,"max_hp_loss":0.0,"gold_gain":0.0,"event_name":"Duplicator","player_choice":"Copied","floor":27.0,"gold_loss":0.0,"damage_taken":0.0,"cards_obtained":["Gash"]},{"damage_healed":0.0,"max_hp_gain":0.0,"max_hp_loss":0.0,"gold_gain":0.0,"event_name":"Lab","player_choice":"Got Potions","floor":36.0,"gold_loss":0.0,"damage_taken":0.0},{"cards_removed":["Defend_B"],"damage_healed":0.0,"max_hp_gain":0.0,"max_hp_loss":0.0,"gold_gain":0.0,"event_name":"Bonfire Elementals","player_choice":"Offered Basic","floor":42.0,"gold_loss":0.0,"damage_taken":0.0}],"is_beta":false,"boss_relics":[{"not_picked":["SlaversCollar","Empty Cage"],"picked":"Ectoplasm"},{"not_picked":["Fusion Hammer","Philosopher\u0027s Stone"],"picked":"Busted Crown"}],"items_purged_floors":[24],"is_endless":false,"potions_floor_spawned":[1,3,7,11,20,22,28,31,33,35,37,46,48],"killed_by":"The Heart","ascension_level":0}}