{"host":"640uue19m79c7wbt","time":1613009434,"event":{"mods":["BaseMod","Colored Map","Googly Eyes","Highlight Path","Minty Spire (QoL Compilation)","Quick Restart","StSLib"],"gold_per_floor":[118,193,193,193,207,207,250,250,250,250,273,288,13,38,38,38,38],"floor_reached":16,"language":"ENG","playtime":340,"items_purged":[],"score":246,"play_id":"dc3b4e94-dd30-4e6b-8ff5-6f88d21003f7","local_time":"20210210211034","is_ascension_mode":true,"campfire_choices":[{"data":"Escape Plan","floor":6.0,"key":"SMITH"},{"floor":10,"key":"REST"},{"floor":15,"key":"REST"}],"circlet_count":0,"master_deck":["AscendersBane","Strike_G","Strike_G","Strike_G","Strike_G","Strike_G","Defend_G","Defend_G","Defend_G+1","Defend_G","Defend_G","Survivor","Neutralize","Dagger Throw","Escape Plan+1","Concentrate+1","Dagger Spray","Blade Dance","Corpse Explosion","Well Laid Plans","Wraith Form v2"],"relics":["Ring of the Snake","NeowsBlessing","Golden Idol","CaptainsWheel","Bottled Flame","Ginger","Lantern"],"acts_visited":["Exordium"],"potions_floor_usage":[16],"damage_taken":[{"damage":0.0,"enemies":"Jaw Worm","floor":1.0,"turns":1.0},{"damage":0.0,"enemies":"Small Slimes","floor":5.0,"turns":1.0},{"damage":0.0,"enemies":"Gremlin Nob","floor":7.0,"turns":1.0},{"damage":0,"enemies":"2 Louse","floor":12,"turns":3},{"damage":9,"enemies":"Looter","floor":14,"turns":3},{"damage":29,"enemies":"Slime Boss","floor":16,"turns":9}],"seed_played":"6416916670590432823","potions_obtained":[{"floor":12,"key":"CunningPotion"},{"floor":14,"key":"Ancient Potion"}],"is_trial":false,"path_per_floor":["M","?","?","T","M","R","E","?","T","R","T","M","$","M","R","B"],"character_chosen":"THE_SILENT","items_purchased":["Blade Dance","Corpse Explosion","Well Laid Plans"],"campfire_rested":2,"item_purchase_floors":[13,13,13],"current_hp_per_floor":[59,48,25,25,25,25,25,5,5,24,24,24,24,15,34,5,5],"gold":38,"neow_bonus":"THREE_ENEMY_KILL","is_daily":false,"chose_seed":false,"campfire_upgraded":1,"win_rate":0.0,"timestamp":1613009434,"path_taken":["M","?","?","?","M","R","E","?","T","R","?","M","?","M","R","BOSS"],"items_purchased_type":["Card","Card","Card"],"build_version":"2020-12-22","purchased_purges":0,"victory":false,"max_hp_per_floor":[66,66,66,66,66,66,66,66,66,66,66,66,66,66,66,66,66],"card_choices":[{"not_picked":["Prepared","Outmaneuver"],"picked":"Dagger Throw","floor":1.0},{"not_picked":["Underhanded Strike","Slice"],"picked":"Escape Plan","floor":5.0},{"not_picked":["Deflect","Sucker Punch"],"picked":"Concentrate","floor":7},{"not_picked":["Underhanded Strike","Choke"],"picked":"Dagger Spray","floor":12},{"not_picked":["Dash","Expertise"],"picked":"Wraith Form v2","floor":14}],"player_experience":679115,"relics_obtained":[{"floor":4.0,"key":"CaptainsWheel"},{"floor":7,"key":"Bottled Flame"},{"floor":9,"key":"Ginger"},{"floor":11,"key":"Lantern"}],"event_choices":[{"damage_healed":0.0,"max_hp_gain":0.0,"max_hp_loss":0.0,"gold_gain":75.0,"event_name":"World of Goop","player_choice":"Gather Gold","floor":2.0,"gold_loss":0.0,"damage_taken":11.0},{"damage_healed":0.0,"max_hp_gain":0.0,"max_hp_loss":0.0,"gold_gain":0.0,"event_name":"Golden Idol","player_choice":"Take Damage","floor":3.0,"gold_loss":0.0,"damage_taken":23.0,"relics_obtained":["Golden Idol"]},{"damage_healed":0,"gold_gain":0,"player_choice":"Entered Light","damage_taken":20,"max_hp_gain":0,"max_hp_loss":0,"event_name":"Shining Light","floor":8,"gold_loss":0,"cards_upgraded":["Concentrate","Defend_G"]}],"is_beta":false,"boss_relics":[],"items_purged_floors":[],"is_endless":false,"potions_floor_spawned":[12,14],"killed_by":"Slime Boss","ascension_level":20}}