{"host":"91blwi3hgehj6ch9","time":1613051590,"event":{"mods":["2.2 Compatiblity","AchievementEnabler","BaseMod","Colored Map","DeckTracker","Keyboard Shortcuts","Minty Spire (QoL Compilation)","Permanent Neow","Quick Restart","StSLib","SuperFastMode","everything is the same but u backflip on backflip"],"gold_per_floor":[112,42,62,81,96,96,129,129,177,195,195,195,209,226,226,330,330,344,344,259,276,123,123,158,158,235,262,80,107,107,139,139,239,239,258,133,148,248,24,24,44,44,119,119,136,146,146,198,198,198],"floor_reached":51,"language":"KOR","playtime":1388,"items_purged":["Strike_R","Strike_R","Strike_R","Strike_R"],"score":1078,"play_id":"96282151-e9f6-46b0-a58c-28708e53d9c0","local_time":"20210211225310","is_ascension_mode":true,"campfire_choices":[{"data":"Searing Blow","floor":6.0,"key":"SMITH"},{"data":"Searing Blow+1","floor":8.0,"key":"SMITH"},{"data":"Searing Blow+3","floor":12.0,"key":"SMITH"},{"data":"Searing Blow+4","floor":15.0,"key":"SMITH"},{"data":"Searing Blow+5","floor":23.0,"key":"SMITH"},{"data":"Searing Blow+6","floor":30.0,"key":"SMITH"},{"data":"Searing Blow+7","floor":32.0,"key":"SMITH"},{"data":"Searing Blow+8","floor":40.0,"key":"SMITH"},{"data":"Searing Blow+9","floor":42,"key":"SMITH"},{"data":"Searing Blow+10","floor":44,"key":"SMITH"},{"data":"Searing Blow+11","floor":49,"key":"SMITH"}],"circlet_count":0,"master_deck":["Defend_R","Defend_R","Defend_R","Defend_R","Bash","Double Tap","Searing Blow+12","Battle Trance","Shrug It Off","Headbutt","Brutality","Second Wind","True Grit+1","Purity","Warcry+1","Ghostly Armor","Offering","Dark Embrace"],"relics":["Burning Blood","Bottled Lightning","Bag of Preparation","Runic Cube","Anchor","Toy Ornithopter","Shuriken","Juzu Bracelet","Omamori","Mercury Hourglass","Busted Crown","Question Card","FossilizedHelix"],"acts_visited":["Exordium","TheCity","TheBeyond"],"potions_floor_usage":[],"damage_taken":[{"damage":7.0,"enemies":"Jaw Worm","floor":1.0,"turns":3.0},{"damage":1.0,"enemies":"Cultist","floor":3.0,"turns":4.0},{"damage":0.0,"enemies":"2 Louse","floor":4.0,"turns":3.0},{"damage":11.0,"enemies":"Looter","floor":5.0,"turns":3.0},{"damage":26.0,"enemies":"Gremlin Nob","floor":7.0,"turns":4.0},{"damage":0.0,"enemies":"Blue Slaver","floor":10.0,"turns":3.0},{"damage":6.0,"enemies":"Exordium Thugs","floor":13.0,"turns":4.0},{"damage":0.0,"enemies":"Looter","floor":14.0,"turns":1.0},{"damage":25.0,"enemies":"The Guardian","floor":16.0,"turns":9.0},{"damage":12.0,"enemies":"Chosen","floor":18.0,"turns":2.0},{"damage":2.0,"enemies":"Shell Parasite","floor":21.0,"turns":2.0},{"damage":1.0,"enemies":"Gremlin Leader","floor":24.0,"turns":2.0},{"damage":12.0,"enemies":"Book of Stabbing","floor":27.0,"turns":3.0},{"damage":25.0,"enemies":"Slavers","floor":29.0,"turns":4.0},{"damage":8.0,"enemies":"Book of Stabbing","floor":31.0,"turns":3.0},{"damage":42.0,"enemies":"Automaton","floor":33.0,"turns":5.0},{"damage":29.0,"enemies":"3 Shapes","floor":35.0,"turns":4.0},{"damage":9.0,"enemies":"3 Darklings","floor":37.0,"turns":4.0},{"damage":18,"enemies":"Jaw Worm Horde","floor":41,"turns":3},{"damage":6,"enemies":"Maw","floor":45,"turns":2},{"damage":6,"enemies":"3 Darklings","floor":46,"turns":2},{"damage":0,"enemies":"2 Orb Walkers","floor":48,"turns":3},{"damage":0,"enemies":"Time Eater","floor":50,"turns":2}],"seed_played":"-1909233071301861207","potions_obtained":[{"floor":1.0,"key":"Swift Potion"},{"floor":10.0,"key":"BlessingOfTheForge"},{"floor":13.0,"key":"PowerPotion"},{"floor":16.0,"key":"Fruit Juice"},{"floor":18.0,"key":"SteroidPotion"},{"floor":27.0,"key":"Swift Potion"}],"is_trial":false,"path_per_floor":["M","$","M","M","M","R","E","R","T","M","?","R","M","M","R","B",null,"M","?","?","M","$","R","E","?","T","E","$","E","R","E","R","B",null,"M","$","M","?","$","R","M","R","T","R","M","M","?","?","R","B",null],"character_chosen":"IRONCLAD","items_purchased":["Searing Blow","Second Wind","Purity","Dark Embrace"],"campfire_rested":0,"item_purchase_floors":[2,22,28,39],"current_hp_per_floor":[79,79,80,80,75,75,55,55,55,61,61,61,61,67,67,48,80,74,59,59,63,63,63,78,78,78,72,72,53,53,51,51,15,90,67,67,64,64,64,64,52,52,52,52,52,52,52,58,58,64],"gold":198,"neow_bonus":"TRANSFORM_CARD","is_daily":false,"chose_seed":false,"campfire_upgraded":11,"win_rate":0.0,"timestamp":1613051590,"path_taken":["M","$","M","M","M","R","E","R","T","M","?","R","?","M","R","BOSS","M","?","?","M","$","R","E","?","T","E","$","E","R","E","R","BOSS","M","$","M","?","?","R","M","R","T","R","M","M","?","?","R","BOSS"],"items_purchased_type":["Card","Card","Card","Card"],"build_version":"2020-12-22","purchased_purges":4,"victory":true,"max_hp_per_floor":[80,80,80,80,80,80,80,80,80,80,80,80,80,80,80,80,80,80,85,85,85,85,85,90,90,90,90,90,90,90,90,90,90,90,90,90,90,90,90,90,90,90,90,90,90,90,85,85,85,85],"card_choices":[{"not_picked":["Bloodletting","Seeing Red","Anger"],"picked":"SKIP","floor":1.0},{"not_picked":["Cleave","Heavy Blade","Flex"],"picked":"SKIP","floor":3.0},{"not_picked":["Power Through","Armaments"],"picked":"Battle Trance","floor":4.0},{"not_picked":["Sever Soul","Perfected Strike","Iron Wave"],"picked":"SKIP","floor":5.0},{"not_picked":["Sentinel","Heavy Blade"],"picked":"Shrug It Off","floor":7.0},{"not_picked":["Body Slam","Havoc"],"picked":"Headbutt","floor":10.0},{"not_picked":["Clothesline","Thunderclap","Wild Strike"],"picked":"SKIP","floor":13.0},{"not_picked":["Shrug It Off","Battle Trance","Sentinel"],"picked":"SKIP","floor":14.0},{"not_picked":["Demon Form","Berserk"],"picked":"Brutality","floor":16.0},{"not_picked":["Anger","Body Slam","Sword Boomerang"],"picked":"SKIP","floor":18.0},{"not_picked":["Entrench","Heavy Blade","Havoc"],"picked":"SKIP","floor":21.0},{"not_picked":["Warcry+1","Juggernaut"],"picked":"True Grit+1","floor":24.0},{"not_picked":["Clothesline","Inflame","Heavy Blade"],"picked":"SKIP","floor":27.0},{"not_picked":["Havoc","Clash"],"picked":"Warcry+1","floor":29.0},{"not_picked":["Burning Pact+1","Iron Wave"],"picked":"Ghostly Armor","floor":31.0},{"not_picked":["Exhume","Limit Break"],"picked":"Offering","floor":33.0},{"not_picked":["Rage"],"picked":"SKIP","floor":35.0},{"not_picked":["Bloodletting"],"picked":"SKIP","floor":37.0},{"not_picked":["Bloodletting"],"picked":"SKIP","floor":37.0},{"not_picked":["Perfected Strike+1"],"picked":"SKIP","floor":41},{"not_picked":["Headbutt+1","Warcry+1"],"picked":"SKIP","floor":45},{"not_picked":["Warcry","Infernal Blade"],"picked":"SKIP","floor":46}],"player_experience":202888,"relics_obtained":[{"floor":7.0,"key":"Bottled Lightning"},{"floor":9.0,"key":"Bag of Preparation"},{"floor":24.0,"key":"Toy Ornithopter"},{"floor":26.0,"key":"Shuriken"},{"floor":27.0,"key":"Juzu Bracelet"},{"floor":29.0,"key":"Omamori"},{"floor":31.0,"key":"Mercury Hourglass"},{"floor":43,"key":"Question Card"},{"floor":48,"key":"FossilizedHelix"}],"event_choices":[{"damage_healed":0.0,"max_hp_gain":0.0,"max_hp_loss":0.0,"gold_gain":0.0,"event_name":"Accursed Blacksmith","player_choice":"Forge","floor":11.0,"gold_loss":0.0,"damage_taken":0.0,"cards_upgraded":["Searing Blow"]},{"damage_healed":0.0,"max_hp_gain":5.0,"max_hp_loss":0.0,"gold_gain":0.0,"event_name":"Forgotten Altar","player_choice":"Shed Blood","floor":19.0,"gold_loss":0.0,"damage_taken":20.0},{"damage_healed":0.0,"max_hp_gain":0.0,"max_hp_loss":0.0,"gold_gain":0.0,"event_name":"Addict","player_choice":"Obtained Relic","floor":20.0,"gold_loss":85.0,"damage_taken":0.0,"relics_obtained":["Anchor"]},{"damage_healed":0.0,"max_hp_gain":0.0,"max_hp_loss":0.0,"gold_gain":0.0,"event_name":"Vampires","player_choice":"Ignored","floor":25.0,"gold_loss":0.0,"damage_taken":0.0},{"damage_healed":0.0,"max_hp_gain":0.0,"max_hp_loss":0.0,"gold_gain":100.0,"event_name":"Golden Shrine","player_choice":"Pray","floor":38.0,"gold_loss":0.0,"damage_taken":0.0},{"damage_healed":0,"gold_gain":0,"player_choice":"Max HP","damage_taken":0,"max_hp_gain":0,"max_hp_loss":5,"event_name":"Winding Halls","floor":47,"gold_loss":0},{"damage_healed":0,"gold_gain":0,"player_choice":"Fight","damage_taken":0,"max_hp_gain":0,"max_hp_loss":0,"event_name":"Mysterious Sphere","floor":48,"gold_loss":0}],"is_beta":false,"boss_relics":[{"not_picked":["Cursed Key","Calling Bell"],"picked":"Runic Cube"},{"not_picked":["Sozu","Snecko Eye"],"picked":"Busted Crown"}],"items_purged_floors":[22,28,36,39],"is_endless":false,"potions_floor_spawned":[1,10,13,16,18,27,35,37],"ascension_level":4}}