{"host":"4zpqi6gd0xcmibwu","time":1613050880,"event":{"mods":["AchievementEnabler","BaseMod","Better Altar","Better Match","Better Note","Better Skull","Better Third Choice","Block Reminder","Bossed Relics","Colored Map","Colored Powertips","DeckTracker","Displayed Cursed Tome","Googly Eyes","Highlight Path","Infinite Spire","Key Reminder","Minty Spire (QoL Compilation)","Permanent Neow","Quick Restart","Random Character Button","Rare Cards Sparkle","Relic Sorter","Relic Stats","Replay The Spire","ShortenTheSpire","Smile Girya","Spire Arcade","Spire Birthday Party","StSLib","Steal the Spire","SuperFastMode","Uncapped","Unceasing Turn Reminder","Waifu the Spire","everything is the same but u backflip on backflip","slay the spire mod where everything is the same but ironclad has a cowboy hat"],"gold_per_floor":[113,125,125,200,200,225,245,245,300,300,300],"floor_reached":10,"language":"ENG","playtime":243,"items_purged":[],"score":76,"play_id":"252a4f9d-ea66-4bf7-91cd-b9a6afcd2b32","local_time":"20210211144120","is_ascension_mode":true,"campfire_choices":[{"data":"Reprogram","floor":8,"key":"SMITH"}],"circlet_count":0,"master_deck":["Strike_B","Strike_B","Strike_B","Defend_B","Defend_B","Defend_B","Defend_B","Zap","Dualcast","Conserve Battery","Hyperbeam","Reprogram+1"],"relics":["Cracked Core","infinitespire:Beetle Shell","Vajra"],"acts_visited":["Exordium"],"potions_floor_usage":[],"damage_taken":[{"damage":1,"enemies":"Cultist","floor":1,"turns":3},{"damage":0,"enemies":"2 Louse","floor":2,"turns":2},{"damage":38,"enemies":"Lagavulin","floor":6,"turns":8},{"damage":5,"enemies":"Small Slimes","floor":7,"turns":2},{"damage":26,"enemies":"3 Sentries","floor":10,"turns":4}],"seed_played":"-106899360655370325","potions_obtained":[{"floor":2,"key":"Adrenaline Potion"},{"floor":7,"key":"AttackPotion"}],"is_trial":false,"path_per_floor":["M","M","?","?","?","E","M","R","T","E"],"character_chosen":"DEFECT","items_purchased":[],"campfire_rested":0,"item_purchase_floors":[],"current_hp_per_floor":[79,79,79,68,68,30,25,25,25,0,0],"gold":300,"neow_bonus":"RANDOM_EVENT","is_daily":false,"chose_seed":false,"campfire_upgraded":1,"win_rate":0.0,"timestamp":1613050880,"path_taken":["M","M","?","?","?","E","?","R","T","E"],"items_purchased_type":[],"build_version":"2020-12-22","purchased_purges":0,"victory":false,"max_hp_per_floor":[80,80,80,80,80,80,80,80,80,80,80],"relic_stats":{"counters":[5,19],"obtain_stats":[{"Vajra":9,"infinitespire:Beetle Shell":6,"Cracked Core":0},{"Vajra":4,"infinitespire:Beetle Shell":3,"Cracked Core":0},{"Vajra":15,"infinitespire:Beetle Shell":13,"Cracked Core":0}]},"card_choices":[{"not_picked":["Hologram","Double Energy"],"picked":"Conserve Battery","floor":1},{"not_picked":["Conserve Battery","Panic Button","BootSequence"],"picked":"SKIP","floor":2},{"not_picked":["Gash","Steam"],"picked":"Hyperbeam","floor":6},{"not_picked":["Compile Driver","Consume"],"picked":"Reprogram","floor":7}],"player_experience":59816,"relics_obtained":[{"floor":6,"key":"infinitespire:Beetle Shell"},{"floor":9,"key":"Vajra"}],"event_choices":[{"damage_healed":0,"gold_gain":0,"player_choice":"Donut","damage_taken":0,"max_hp_gain":5,"max_hp_loss":0,"event_name":"Big Fish","floor":0,"gold_loss":0},{"damage_healed":0,"gold_gain":75,"player_choice":"Gold","damage_taken":11,"max_hp_gain":0,"max_hp_loss":0,"event_name":"betterThird:BetterGoop","floor":4,"gold_loss":0},{"cards_removed":["Strike_B"],"damage_healed":0,"gold_gain":0,"player_choice":"Purged","damage_taken":0,"max_hp_gain":0,"max_hp_loss":0,"event_name":"Purifier","floor":5,"gold_loss":0}],"is_beta":false,"boss_relics":[],"items_purged_floors":[],"is_endless":false,"potions_floor_spawned":[2,7],"killed_by":"3 Sentries","ascension_level":3}}