{"host":"adt9pv9dmmkchns7","time":1613071537,"event":{"mods":["AchievementEnabler","Aspiration","BaseMod","Beaked The Cultist","Better Third Choice","Curses Come First","Energized Spire","Minty Spire (QoL Compilation)","Permanent Neow","Potionbrewer","Quick Restart","Replay The Spire","Robot Space Explorer","Shade Mod","Spicy Shops","StSLib","The Blackbeard","The Cursed","The Forsaken","The Gatherer","The Necromancer","Wandering Minibosses"],"gold_per_floor":[214,63,93,29,51,51,100,100,100,134,137,155,155,180,180,279,279,249,46,60,96,96,137,53,104,104,104,146,146,61,61,61,185,185,210,963,995,995,1059,1127,1127,1197,1197,1244,1301,1301,1301,547,547,574,574,574,292,380,413],"floor_reached":56,"language":"ENG","playtime":6862,"items_purged":["Normality","Writhe","Normality"],"score":1657,"play_id":"2af3c0e6-69e7-4658-a1d6-d3ed17a8a33f","local_time":"20210211202537","is_ascension_mode":true,"campfire_choices":[{"floor":6,"key":"RECALL"},{"data":"blackbeard:IntimidatingStrike","floor":8,"key":"SMITH"},{"floor":15,"key":"REST"},{"data":"blackbeard:Rum","floor":29,"key":"SMITH"},{"data":"blackbeard:BrownPants","floor":32,"key":"SMITH"},{"data":"blackbeard:PirateStrength","floor":41,"key":"SMITH"},{"data":"blackbeard:GoldenRain","floor":46,"key":"SMITH"},{"data":"blackbeard:Sword","floor":49,"key":"SMITH"},{"data":"Sadistic Nature","floor":52,"key":"SMITH"}],"circlet_count":0,"master_deck":["blackbeard:BlackbeardStrike","blackbeard:BlackbeardStrike","blackbeard:BlackbeardStrike","blackbeard:BlackbeardStrike","blackbeard:IntimidatingStrike+1","blackbeard:BlackbeardDefend","blackbeard:BlackbeardDefend","blackbeard:BlackbeardDefend","blackbeard:BlackbeardDefend","blackbeard:Cutlass","blackbeard:RearmingStrike","blackbeard:PiratesWill","blackbeard:FieryDefense","blackbeard:GoldenStrike","blackbeard:Sword","blackbeard:BrownPants+1","blackbeard:GoldenRain+1","blackbeard:JollyRoger+1","blackbeard:GoldenStrike","Writhe","blackbeard:GoldenStrike","blackbeard:DangerousBlow+1","blackbeard:RemoveScurvy","Injury","blackbeard:Bandana","Replay:Bootleg Shield Generator","blackbeard:Dagger","blackbeard:RearmingStrike","blackbeard:Revenge","blackbeard:Revenge","blackbeard:PowderKeg","blackbeard:GoldenStrike","blackbeard:Rum+1","theForsaken:PlagueCurse","blackbeard:Salvager+1","blackbeard:PiratesWill","blackbeard:GoldenDefense","blackbeard:BoostMorale+1","blackbeard:PirateEarring+1","blackbeard:SmithingHammer+1","blackbeard:Sword+1","blackbeard:PirateStrength+1","blackbeard:DeadlyArsenal","blackbeard:BlindAttacks+1","blackbeard:CatONineTails+1","blackbeard:BrownPants+1","blackbeard:PirateEarring","blackbeard:Fencing","blackbeard:PirateHook","Poisoned Strike+1","Master of Strategy","Sadistic Nature+1","Doubt","blackbeard:InfiniteBarrage","blackbeard:GoldenStrike","Replay:Parry","blackbeard:CaptainsCabin","blackbeard:Rum+1"],"relics":["blackbeard:LoadTheCannons","Replay:Bandana","Bag of Preparation","Replay:Rubber Ducky","ReplayTheSpireMod:TigerMarble","Ring of Fangs","Ring of Misfortune","Sozu","Ice Cream","Juzu Bracelet","Kunai","Prayer Wheel","BargainBundle","aspiration:FetidBarrel","Eternal Feather","CaptainsWheel","Mercury Hourglass","Potion Belt","theForsaken:PlagueMask","aspiration:RitualDagger","FossilizedHelix","wanderingMiniBosses:MasterThiefsPresence","blackbeard:MagicalCauldron","Replay:Wax Seal","Lantern","Ancient Tea Set","Membership Card","ReplayTheSpireMod:ShopPack","Bottled Lightning","CaptainsWheel","Dream Catcher","blackbeard:TreasureChest","ReplayTheSpireMod:CursedCoin","Ginger","Guide Book","Blood Vial"],"acts_visited":["Exordium","TheCity","TheBeyond","TheEnding"],"potions_floor_usage":[11,16,33],"damage_taken":[{"damage":2,"enemies":"Small Slimes","floor":1,"turns":3},{"damage":0,"enemies":"Cultist","floor":3,"turns":2},{"damage":0,"enemies":"2 Louse","floor":5,"turns":2},{"damage":17,"enemies":"Gremlin Nob","floor":7,"turns":4},{"damage":23,"enemies":"Lagavulin","floor":10,"turns":7},{"damage":24,"enemies":"Exordium Thugs","floor":11,"turns":6},{"damage":1,"enemies":"3 Louse","floor":12,"turns":3},{"damage":0,"enemies":"Exordium Wildlife","floor":14,"turns":3},{"damage":4,"enemies":"The Guardian","floor":16,"turns":12},{"damage":19,"enemies":"3 Byrds","floor":18,"turns":7},{"damage":0,"enemies":"Spheric Guardian","floor":20,"turns":1},{"damage":0,"enemies":"3 Cultists","floor":21,"turns":4},{"damage":10,"enemies":"Replay:Snechameleon","floor":23,"turns":5},{"damage":0,"enemies":"Gremlin Leader","floor":25,"turns":4},{"damage":1,"enemies":"Slavers","floor":28,"turns":2},{"damage":0,"enemies":"Pondfish","floor":33,"turns":9},{"damage":11,"enemies":"Orb Walker","floor":35,"turns":3},{"damage":20,"enemies":"Mind Bloom Boss Battle","floor":36,"turns":6},{"damage":0,"enemies":"3 Darklings","floor":37,"turns":2},{"damage":0,"enemies":"2 Orb Walkers","floor":39,"turns":1},{"damage":42,"enemies":"Reptomancer","floor":40,"turns":5},{"damage":3,"enemies":"Nemesis","floor":42,"turns":3},{"damage":10,"enemies":"Transient","floor":44,"turns":5},{"damage":10,"enemies":"Jaw Worm Horde","floor":45,"turns":3},{"damage":37,"enemies":"Time Eater","floor":50,"turns":8},{"damage":27,"enemies":"Shield and Spear","floor":54,"turns":5},{"damage":39,"enemies":"The Heart","floor":55,"turns":6}],"seed_played":"-259415271327714389","potions_obtained":[{"floor":7,"key":"Explosive Potion"},{"floor":14,"key":"Block Potion"},{"floor":16,"key":"Ancient Potion"}],"is_trial":false,"path_per_floor":["M","$","M","?","M","R","E","R","T","E","M","M","?","M","R","B",null,"M","$","M","M","?","E","$","E","T","?","E","R","?","?","R","B",null,"M","?","M","?","?","E","R","E","T","M","M","R","?","$","R","B",null,"R","$","E","B",null],"character_chosen":"BLACKBEARD_CLASS","items_purchased":["Replay:Bandana","blackbeard:GoldenStrike","Ice Cream","Juzu Bracelet","BargainBundle","blackbeard:Bandana","Replay:Bootleg Shield Generator","blackbeard:Dagger","blackbeard:RearmingStrike","blackbeard:Revenge","blackbeard:PowderKeg","Membership Card","ReplayTheSpireMod:ShopPack","Bottled Lightning","blackbeard:PirateEarring","blackbeard:Fencing","blackbeard:PirateHook","CaptainsWheel","Dream Catcher","blackbeard:TreasureChest","ReplayTheSpireMod:CursedCoin","Ginger","Guide Book","blackbeard:InfiniteBarrage","blackbeard:GoldenStrike","Replay:Parry","blackbeard:CaptainsCabin"],"campfire_rested":1,"item_purchase_floors":[2,19,19,19,24,24,24,24,24,24,24,48,48,48,48,48,48,48,48,48,53,53,53,53,53,53,53],"current_hp_per_floor":[73,73,73,73,73,73,56,56,56,33,14,13,13,13,35,31,75,56,56,56,60,60,50,50,55,55,48,52,70,70,70,75,75,75,64,49,49,49,54,12,36,33,33,23,13,40,40,40,70,38,75,75,75,48,11],"gold":413,"neow_bonus":"HUNDRED_GOLD","is_daily":false,"chose_seed":false,"campfire_upgraded":7,"win_rate":0.0,"timestamp":1613071537,"path_taken":["M","$","M","?","M","R","E","R","T","E","M","?","?","M","R","BOSS","M","$","M","M","?","E","$","E","T","?","E","R","?","?","R","BOSS","M","?","M","?","?","E","R","E","T","M","M","R","?","$","R","BOSS","R","$","E","BOSS"],"items_purchased_type":["Relic","Card","Relic","Relic","Relic","Card","Card","Card","Card","Card","Card","Relic","Relic","Relic","Card","Card","Card","Relic","Relic","Relic","Relic","Relic","Relic","Card","Card","Card","Card"],"build_version":"2020-12-22","purchased_purges":3,"victory":true,"max_hp_per_floor":[75,75,75,75,75,75,75,75,75,75,75,75,75,75,75,75,75,75,75,75,75,75,75,75,75,75,75,75,75,75,75,75,75,75,75,75,75,75,75,75,75,75,75,75,75,75,75,75,75,75,75,75,75,75,75],"card_choices":[{"not_picked":["blackbeard:Dagger","blackbeard:DeadlyArsenal"],"picked":"blackbeard:RearmingStrike","floor":1},{"not_picked":["blackbeard:Upgrade","blackbeard:CloakAndCannonball"],"picked":"blackbeard:PiratesWill","floor":3},{"not_picked":["blackbeard:WiseDefense","blackbeard:Toast","blackbeard:AgileStrike"],"picked":"SKIP","floor":5},{"not_picked":["blackbeard:Sharpening","blackbeard:PiratesWill"],"picked":"blackbeard:FieryDefense","floor":7},{"not_picked":["blackbeard:Toast","blackbeard:Shrapnel"],"picked":"blackbeard:Murder","floor":10},{"not_picked":["blackbeard:PiratesWill","blackbeard:SwordDance"],"picked":"blackbeard:GoldenStrike","floor":11},{"not_picked":["blackbeard:SwordDance","blackbeard:BeatUp"],"picked":"blackbeard:Sword","floor":12},{"not_picked":["blackbeard:Dagger","blackbeard:PirateHook"],"picked":"blackbeard:BrownPants","floor":14},{"not_picked":["blackbeard:TheDrunkenSailor","blackbeard:HumongousCannonball"],"picked":"blackbeard:GoldenRain","floor":16},{"not_picked":["blackbeard:BlindAttacks","blackbeard:TacticalRetreat"],"picked":"blackbeard:JollyRoger+1","floor":18},{"not_picked":["blackbeard:Shrapnel","blackbeard:SwordDance"],"picked":"blackbeard:GoldenStrike","floor":20},{"not_picked":["blackbeard:BlindAttacks","blackbeard:AgileStrike"],"picked":"blackbeard:DangerousBlow+1","floor":21},{"not_picked":["blackbeard:FieryDefense","blackbeard:Revenge+1"],"picked":"blackbeard:RemoveScurvy","floor":23},{"not_picked":["blackbeard:PiratesWill","blackbeard:TheDrunkenSailor"],"picked":"blackbeard:GoldenStrike","floor":25},{"not_picked":["blackbeard:BrownPants","blackbeard:Dagger"],"picked":"blackbeard:Rum","floor":28},{"not_picked":["blackbeard:WeaponMastery","blackbeard:UndeadForm"],"picked":"blackbeard:Salvager","floor":33},{"not_picked":["blackbeard:BlindAttacks","blackbeard:PirateHook"],"picked":"blackbeard:PiratesWill","floor":35},{"not_picked":["blackbeard:PirateEarring","blackbeard:Dagger+1"],"picked":"blackbeard:GoldenDefense","floor":35},{"not_picked":["blackbeard:Toast+1","blackbeard:Shrapnel"],"picked":"blackbeard:BoostMorale","floor":36},{"not_picked":["blackbeard:CaptainsCabin","blackbeard:RearmingStrike+1"],"picked":"blackbeard:PirateEarring+1","floor":37},{"not_picked":["blackbeard:SwordDance","blackbeard:Fencing+1"],"picked":"blackbeard:SmithingHammer+1","floor":37},{"not_picked":["blackbeard:CloakAndCannonball","blackbeard:Upgrade"],"picked":"blackbeard:Sword","floor":39},{"not_picked":["blackbeard:CloakAndCannonball","blackbeard:Rum"],"picked":"blackbeard:PirateStrength","floor":40},{"not_picked":["blackbeard:Dagger","blackbeard:Scrap+1"],"picked":"blackbeard:DeadlyArsenal","floor":42},{"not_picked":["blackbeard:Recklessness+1","blackbeard:RearmingStrike+1"],"picked":"blackbeard:BlindAttacks+1","floor":44},{"not_picked":["blackbeard:Fencing","blackbeard:Toast","blackbeard:Upgrade"],"picked":"SKIP","floor":44},{"not_picked":["blackbeard:AgileStrike+1","blackbeard:GhostInTheRum+1"],"picked":"blackbeard:CatONineTails+1","floor":45},{"not_picked":["blackbeard:DelayedPain+1","blackbeard:Fencing"],"picked":"blackbeard:BrownPants+1","floor":45},{"not_picked":["Secret Technique","ReplayTheSpireMod:Brewmster"],"picked":"Poisoned Strike","floor":48},{"not_picked":["Jack Of All Trades","Crow Ritual"],"picked":"Master of Strategy","floor":48},{"not_picked":["Finesse","Bandage Up"],"picked":"Sadistic Nature","floor":48},{"not_picked":["blackbeard:BlindAttacks","blackbeard:ChaoticDefense+1"],"picked":"blackbeard:Rum+1","floor":54}],"player_experience":906921,"relics_obtained":[{"floor":7,"key":"Replay:Rubber Ducky"},{"floor":10,"key":"ReplayTheSpireMod:TigerMarble"},{"floor":13,"key":"Ring of Fangs"},{"floor":13,"key":"Ring of Misfortune"},{"floor":23,"key":"Prayer Wheel"},{"floor":25,"key":"aspiration:FetidBarrel"},{"floor":26,"key":"Eternal Feather"},{"floor":28,"key":"Mercury Hourglass"},{"floor":36,"key":"FossilizedHelix"},{"floor":36,"key":"wanderingMiniBosses:MasterThiefsPresence"},{"floor":39,"key":"blackbeard:MagicalCauldron"},{"floor":40,"key":"Replay:Wax Seal"},{"floor":42,"key":"Lantern"},{"floor":43,"key":"Ancient Tea Set"},{"floor":54,"key":"Blood Vial"}],"event_choices":[{"damage_healed":0,"gold_gain":0,"player_choice":"Paid Gold","damage_taken":0,"relics_obtained":["Bag of Preparation"],"max_hp_gain":0,"max_hp_loss":0,"event_name":"WeMeetAgain","floor":4,"gold_loss":64},{"damage_healed":0,"gold_gain":0,"player_choice":"Opened","damage_taken":0,"relics_obtained":["Kunai"],"max_hp_gain":0,"max_hp_loss":0,"event_name":"The Mausoleum","floor":22,"gold_loss":0,"cards_obtained":["Writhe"]},{"damage_healed":0,"gold_gain":0,"player_choice":"CaptainsWheel","damage_taken":0,"relics_obtained":["CaptainsWheel"],"max_hp_gain":0,"max_hp_loss":0,"event_name":"blackbeard:ShipwreckEvent","floor":27,"gold_loss":0},{"damage_healed":0,"gold_gain":0,"player_choice":"Obtained Relic","damage_taken":0,"relics_obtained":["Potion Belt"],"max_hp_gain":0,"max_hp_loss":0,"event_name":"Addict","floor":30,"gold_loss":85},{"damage_healed":0,"gold_gain":0,"player_choice":"Obtain Plague Curse","damage_taken":0,"max_hp_gain":0,"max_hp_loss":0,"event_name":"Plague Doctor","floor":31,"gold_loss":0,"cards_obtained":["theForsaken:PlagueCurse"]},{"damage_healed":0,"gold_gain":0,"player_choice":"Fight","damage_taken":0,"max_hp_gain":0,"max_hp_loss":0,"event_name":"MindBloom","floor":36,"gold_loss":0},{"damage_healed":0,"gold_gain":0,"player_choice":"Forge","damage_taken":0,"max_hp_gain":0,"max_hp_loss":0,"event_name":"Accursed Blacksmith","floor":38,"gold_loss":0,"cards_upgraded":["blackbeard:Salvager"]},{"damage_healed":0,"gold_gain":0,"player_choice":"Fight","damage_taken":0,"max_hp_gain":0,"max_hp_loss":0,"event_name":"Mysterious Sphere","floor":39,"gold_loss":0},{"damage_healed":0,"gold_gain":0,"player_choice":"Ignored","damage_taken":0,"max_hp_gain":0,"max_hp_loss":0,"event_name":"Tomb of Lord Red Mask","floor":47,"gold_loss":0}],"is_beta":false,"boss_relics":[{"not_picked":["SacredBark","energizedSpire:StickyHand"],"picked":"Sozu"},{"not_picked":["Honey Jar","blackbeard:LoadTheGoldenCannons"],"picked":"aspiration:RitualDagger"}],"items_purged_floors":[24,48,53],"is_endless":false,"potions_floor_spawned":[7,14,16,23,28,37,39,42,45,54],"ascension_level":3}}