{"host":"g1qzxxy7a24sg3a3","time":1613032305,"event":{"mods":["ATMod(阿瑾Mod)","Act Like it!","Arknights","BaseMod","Conspire","Custom Start","Gensokyo","GungeonMod","Hallownest","Lobotomy","LobotomyExtend","Minty Spire (QoL Compilation)","MostiFishMod","Pale of the Ancients","Reliquary","Replay The Spire","SOS（斯巴达之子）","Shop Mod","Spicy Shops","StSLib","TestMod","The Bug Knight","Waifu the Spire","WarShipGirlsR/战舰少女R mod","[IsaacMod]以撒尖塔","【遗物卡牌】REMEMod","残留之物"],"gold_per_floor":[119,119,119,134,154,154,180,180,203,203,231,231,247,260,260,388,388,388,409,409,428,428,428,448,448,448,483,542,560,560,485,485,608,608,608,608],"floor_reached":35,"language":"ZHS","playtime":5296,"items_purged":["DreamingCurrent"],"score":435,"play_id":"ba0ae52b-a83d-4831-b3b5-94722597e360","local_time":"20210211163145","is_ascension_mode":false,"campfire_choices":[{"data":"HollowMod:MantisMark","floor":6,"key":"SMITH"},{"data":"HollowMod:PureVessel","floor":8,"key":"SMITH"},{"data":"HollowMod:NailStrikeStart","floor":15,"key":"PURGE"},{"floor":23,"key":"RECALL"},{"data":"AT_FamilyPortrait","floor":25,"key":"SMITH"},{"floor":30,"key":"REST"},{"floor":32,"key":"REST"}],"circlet_count":0,"master_deck":["HollowMod:NailStrikeStart","HollowMod:NailStrikeStart","HollowMod:QuickDashStart","HollowMod:QuickDashStart","HollowMod:QuickDashStart","HollowMod:PogoStrike","AT_FamilyPortrait+1","HollowMod:PureVessel+1","BigBadWolf","MeltingLove","HollowMod:LifebloodCore","Porccubus"],"relics":["HollowMod:VesselMask","AT_ATBox","DaveBox","testmod-TestBox","REME_ComplimentaryCards","HushsDoor","BirthdayGift-Icosahedron","testmod-EqualTreatment","Leech","CogitoBucket","SynthV:TestCard","LetterFromLob","testmod-TurbochargingSystem","AT_EbonyIvory","Golden Idol","BackwardClock","MagicMushroom","Red Mask","HellTrain","Molten Egg 2","testmod-InjuryResistance","testmod-NegativeEmotionEnhancer"],"acts_visited":["Exordium","Hallownest:CityofTears","Hallownest:KingdomsEdge"],"potions_floor_usage":[],"damage_taken":[{"damage":9,"enemies":"ats:Genji","floor":1,"turns":2},{"damage":0,"enemies":"Cultist","floor":4,"turns":1},{"damage":0,"enemies":"2 Louse","floor":5,"turns":1},{"damage":0,"enemies":"Replay:BlueRogue","floor":7,"turns":3},{"damage":0,"enemies":"Gremlin Nob","floor":11,"turns":3},{"damage":6,"enemies":"Large Slime","floor":13,"turns":2},{"damage":0,"enemies":"Looter","floor":14,"turns":1},{"damage":15,"enemies":"Fading Forest","floor":16,"turns":11},{"damage":8,"enemies":"Hallownest:2_Mistakes","floor":19,"turns":2},{"damage":4,"enemies":"Hallownest:Guard_and_Sentry","floor":21,"turns":2},{"damage":4,"enemies":"Hallownest:Warrior_and_Youth","floor":24,"turns":1},{"damage":66,"enemies":"Hallownest:eliteWatcherKnight","floor":27,"turns":9},{"damage":6,"enemies":"Hallownest:Glutton_and_Coward","floor":28,"turns":2},{"damage":7,"enemies":"Hallownest:3_Mistakes","floor":29,"turns":3},{"damage":10,"enemies":"Hallownest:BossGrimm","floor":33,"turns":3},{"damage":108,"enemies":"Hallownest:Shield_Heavy","floor":35,"turns":5}],"seed_played":"4479965700010547851","potions_obtained":[{"floor":1,"key":"Doom Potion"},{"floor":33,"key":"CultistPotion"}],"is_trial":false,"path_per_floor":["M","?","?","M","M","R","E","R","T","?","E","?","M","M","R","B",null,"M","M","?","M","?","R","M","R","T","E","M","M","R","$","R","B",null,"M"],"character_chosen":"THE_BUGKNIGHT","items_purchased":[],"campfire_rested":2,"item_purchase_floors":[],"current_hp_per_floor":[67,67,67,68,70,70,75,75,75,68,71,53,49,51,51,53,82,82,75,75,74,74,74,73,73,73,21,18,35,59,59,82,74,82,0,0],"gold":608,"neow_bonus":"","is_daily":false,"chose_seed":false,"campfire_upgraded":3,"win_rate":0.0,"timestamp":1613032305,"path_taken":["M","?","?","M","M","R","E","R","T","?","E","?","M","?","R","BOSS","M","?","?","?","?","R","M","R","T","E","?","M","R","?","R","BOSS","M"],"items_purchased_type":[],"build_version":"2020-12-22","purchased_purges":1,"victory":false,"max_hp_per_floor":[75,75,75,75,75,75,75,75,75,75,75,75,75,75,75,75,82,82,82,82,82,82,82,82,82,82,82,82,82,82,82,82,82,82,82,82],"card_choices":[{"not_picked":["HollowMod:SoulStrike","HollowMod:NewJinnsSoul","HollowMod:SoulSplash"],"picked":"SKIP","floor":1},{"not_picked":["WallGazer","Scorched","PunishingBird"],"picked":"Singing Bowl","floor":4},{"not_picked":["HollowMod:VengefulSpirit","HollowMod:SharpenedNail","HollowMod:ChannelNail","HollowMod:SiblingsShadow"],"picked":"HollowMod:PureVessel","floor":4},{"not_picked":["HollowMod:SoulSplash","HollowMod:DesolateDive","HollowMod:NewJinnsSoul","HollowMod:WraithStrike"],"picked":"HollowMod:MantisMark","floor":5},{"not_picked":["OldLady","Scorched","Mercenary"],"picked":"Singing Bowl","floor":5},{"not_picked":["WallGazer","QueenOfHatred","GalaxyChild"],"picked":"Singing Bowl","floor":7},{"not_picked":["HollowMod:TaintedHusks","HollowMod:CornifersMapStart","HollowMod:RecoilStrike","HollowMod:HeavyBlow","HollowMod:SoulVessel"],"picked":"SKIP","floor":7},{"not_picked":["Rudolta","QueenOfHatred","WallGazer"],"picked":"Singing Bowl","floor":11},{"not_picked":["Woodsman","Scorched"],"picked":"BigBadWolf","floor":11},{"not_picked":["HollowMod:ShadowDash","HollowMod:HeavyBlow","HollowMod:AwokenDreamNail","HollowMod:SoulShaman","HollowMod:WraithStrike"],"picked":"SKIP","floor":11},{"not_picked":["HollowMod:ShadowDash","HollowMod:HeavyBlow","HollowMod:AwokenDreamNail","HollowMod:SoulShaman","HollowMod:WraithStrike"],"picked":"SKIP","floor":11},{"not_picked":["CherryBlossoms","NakedNest","ShyLook"],"picked":"Singing Bowl","floor":13},{"not_picked":["HollowMod:VengefulVoid","HollowMod:ShapeofUnn","HollowMod:BlackTendrils","HollowMod:InfectedCysts","HollowMod:SharpenedNail"],"picked":"SKIP","floor":13},{"not_picked":["Bloodbath","SpiderBud","LongBird"],"picked":"Singing Bowl","floor":14},{"not_picked":["HollowMod:InfectedCysts","HollowMod:DesolateDive","HollowMod:BlackTendrils","HollowMod:VengefulVoid","HollowMod:PureNailStrike"],"picked":"SKIP","floor":14},{"not_picked":["HollowMod:HornetsHelp","HollowMod:AwokenDreamNail","HollowMod:LordofShades","HollowMod:ZotesMagnificence"],"picked":"HollowMod:Hiveblood","floor":16},{"not_picked":["Wellcheers","Murderer","SnowQueen"],"picked":"Singing Bowl","floor":16},{"not_picked":["Alriune","Wellcheers","MeatLantern"],"picked":"Singing Bowl","floor":19},{"not_picked":["Woodsman","LaLuna"],"picked":"DreamingCurrent","floor":19},{"not_picked":["HollowMod:NewLittleFool","HollowMod:DashSlash+1","HollowMod:MonarchWings","HollowMod:HeavyBlow","HollowMod:MothsMistake"],"picked":"SKIP","floor":19},{"not_picked":["HollowMod:RecoilStrike","HollowMod:LifebloodCocoon","HollowMod:DungDefenderAura","HollowMod:MawleksShell"],"picked":"HollowMod:VengefulSpirit+1","floor":21},{"not_picked":["WhitesApple","MHz","NakedNest"],"picked":"Singing Bowl","floor":21},{"not_picked":["MeatLantern","OldLady","CherryBlossoms"],"picked":"Singing Bowl","floor":24},{"not_picked":["HollowMod:DashSlash","HollowMod:CoiledNail","HollowMod:MothsMistake","HollowMod:SiblingsShadow","HollowMod:HornetsHelp"],"picked":"SKIP","floor":24},{"not_picked":["OSAHOGD","ShyLook","Woodsman"],"picked":"Singing Bowl","floor":27},{"not_picked":["HollowMod:BaldurShell+1","HollowMod:MawleksShell","HollowMod:DreamGate","HollowMod:ShadowDash+1","HollowMod:Grubsong"],"picked":"SKIP","floor":27},{"not_picked":["Murderer","LaLuna","Laetitia"],"picked":"Singing Bowl","floor":28},{"not_picked":["HollowMod:VengefulSpirit+1","HollowMod:ShapeofUnn","HollowMod:LifebloodCocoon","HollowMod:SiblingsSouls","HollowMod:DungDefenderAura"],"picked":"SKIP","floor":28},{"not_picked":["FairyFestival","GreedKing"],"picked":"MeltingLove","floor":29},{"not_picked":["HollowMod:MawleksShell+1","HollowMod:AbyssShriek+1","HollowMod:Weaversong","HollowMod:GoodIntentions+1","HollowMod:LifebloodCocoon"],"picked":"SKIP","floor":29},{"not_picked":["HollowMod:SoulMaster","HollowMod:NewInfectedGuardian","HollowMod:ElderbugsWisdom","HollowMod:VoidDash"],"picked":"HollowMod:LifebloodCore","floor":33},{"not_picked":["QueenBee","Yin","HappyTeddy"],"picked":"Singing Bowl","floor":33},{"not_picked":["QueenOfHatred","Scorched"],"picked":"Porccubus","floor":33}],"player_experience":79638,"relics_obtained":[{"floor":1,"key":"SynthV:TestCard"},{"floor":1,"key":"LetterFromLob"},{"floor":7,"key":"testmod-TurbochargingSystem"},{"floor":11,"key":"AT_EbonyIvory"},{"floor":26,"key":"Molten Egg 2"},{"floor":27,"key":"testmod-InjuryResistance"}],"event_choices":[{"damage_healed":0,"gold_gain":0,"player_choice":"Take Damage","damage_taken":18,"relics_obtained":["Golden Idol"],"max_hp_gain":0,"max_hp_loss":0,"event_name":"Golden Idol","floor":12,"gold_loss":0}],"is_beta":false,"boss_relics":[{"not_picked":["reliquary:Craggleroot","EE1DDrone"],"picked":"MagicMushroom"},{"not_picked":[]},{"not_picked":["Velvet Choker","conspire:SlowCooker"],"picked":"testmod-NegativeEmotionEnhancer"},{"not_picked":[]}],"items_purged_floors":[31],"is_endless":false,"potions_floor_spawned":[1,5,11,27,33],"killed_by":"Hallownest:Shield_Heavy","ascension_level":0}}