{"host":"0flpm62pz1oti8w0","time":1613047939,"event":{"mods":["ATMod(ªü½@Mod)","AchievementEnabler","Act Like it!","Arknights","BaseMod","Conspire","Downfall","FanaticalFans","Hermit","Minty Spire (QoL Compilation)","Reimu¡]³Õ???¡^","Remilia¡]Á¢¦Ì²ú?¡^","Spicy Shops","StSLib","The Animator","Waifu the Spire","Youmu¡]»î¾z§¯?¡^","êº¤õ«ü«n"],"gold_per_floor":[1000109,998310,998310,998349,998388,998493,998554,998597,998718,998718,998718,999,1049,1049],"floor_reached":13,"language":"ZHS","playtime":691,"items_purged":[],"score":412,"play_id":"0a4f9fef-6a2a-4dc2-8488-2aecd8971e8f","local_time":"20210211205219","is_ascension_mode":false,"campfire_choices":[],"circlet_count":0,"master_deck":["Demon Form","Wraith Form v2+1","Echo Form+1","DevaForm","bronze:Verify","sneckomod:SerpentMind","Guardian:ConstructionForm","Slimebound:DuplicatedForm","BatForm","hexamod:HexaLevel","champ:GladiatorForm","Guardian:ExploitGems","Guardian:ExploitGems","AT_FamilyPortrait+1","hermit:TakeAim","animator:OrikoMikuni","Shrug It Off","animator:Lelouch","hermit:ItchyTrigger","HunterOfTheNight","animator:MisaKurobane","Guardian:EvasiveProtocol","Guardian:ExploitGems","Guardian:ExploitGems","Fiend Fire","Guardian:Gem_Blue","Guardian:Gem_Lightblue","Slimebound:Equalize+1"],"relics":["animator:TheEruzaStone","animator:AncientMedallion"],"acts_visited":["Exordium","Exordium","TheCity","TheEnding","EYB:TheUnnamedReign"],"potions_floor_usage":[],"damage_taken":[{"damage":18,"enemies":"ats:Genji","floor":1,"turns":2},{"damage":0,"enemies":"Cultist","floor":4,"turns":1},{"damage":0,"enemies":"Jaw Worm","floor":5,"turns":1},{"damage":0,"enemies":"3 Sentries","floor":6,"turns":1},{"damage":0,"enemies":"conspire:2 RoseBushes","floor":7,"turns":1},{"damage":0,"enemies":"Large Slime","floor":8,"turns":1},{"damage":5,"enemies":"Slime Boss","floor":9,"turns":1},{"damage":79,"enemies":"animator:TRIPLE_SHAPES_WEAK","floor":13,"turns":8}],"seed_played":"-2652444904065609211","potions_obtained":[{"floor":1,"key":"Fire Potion"},{"floor":5,"key":"Fire Potion"},{"floor":6,"key":"EssenceOfSteel"},{"floor":13,"key":"animator:FalseLifePotion"}],"is_trial":true,"path_per_floor":["M","$","?","M","M","E","M","M","M",null,"R","??","M"],"character_chosen":"THE_ANIMATOR","items_purchased":["Toolbox","Cauldron","AT_BellowingDragoncrestRing","Letter Opener","AT_MibuBalloonWealth","AT_SunfireAegis","hermit:TakeAim","animator:OrikoMikuni","Shrug It Off","animator:Lelouch","hermit:ItchyTrigger","HunterOfTheNight","animator:MisaKurobane"],"campfire_rested":0,"item_purchase_floors":[2,2,2,2,2,2,2,2,2,2,2,2,2],"current_hp_per_floor":[66,66,66,66,66,66,66,66,66,66,66,98,19,19],"gold":1049,"neow_bonus":"","is_daily":false,"chose_seed":false,"campfire_upgraded":0,"win_rate":0.0,"timestamp":1613047939,"path_taken":["M","$","?","M","M","E","M","M","M","BOSS","R","??","M"],"items_purchased_type":["Relic","Relic","Relic","Relic","Relic","Relic","Card","Card","Card","Card","Card","Card","Card"],"build_version":"2020-12-22","purchased_purges":0,"victory":false,"max_hp_per_floor":[66,66,66,66,66,66,66,66,66,66,66,98,98,98],"card_choices":[{"not_picked":["hexamod:FourthSeal","Twin Strike"],"picked":"Guardian:EvasiveProtocol","floor":6},{"not_picked":["Alpha","AT_WaterDrop"],"picked":"Fiend Fire","floor":9},{"not_picked":["Guardian:Gem_Green","Stigmanizer+1"],"picked":"Slimebound:Equalize+1","floor":13}],"player_experience":141804,"relics_obtained":[{"floor":1,"key":"AT_TimeSand"},{"floor":4,"key":"Lantern"},{"floor":5,"key":"animator:Buoy"},{"floor":6,"key":"Mummified Hand"},{"floor":7,"key":"Red Skull"},{"floor":8,"key":"Slimebound:PreparedRelic"},{"floor":12,"key":"animator:TheEruzaStone"},{"floor":12,"key":"animator:AncientMedallion"}],"event_choices":[{"damage_healed":0,"gold_gain":0,"player_choice":"Upgraded","damage_taken":0,"max_hp_gain":0,"max_hp_loss":0,"event_name":"Upgrade Shrine","floor":3,"gold_loss":0,"cards_upgraded":["DevaForm"]}],"is_beta":false,"boss_relics":[{"not_picked":["Ectoplasm","SacredBark"],"picked":"AT_TrinityForce"}],"items_purged_floors":[],"is_endless":true,"potions_floor_spawned":[1,5,6,8,13],"killed_by":"animator:TRIPLE_SHAPES_WEAK","ascension_level":0}}