{"host":"0m9qzqwuh9r40nrk","time":1613012675,"event":{"mods":["BaseMod","Conspire","Downfall","Hermit","Hubris","Infinite Spire","Jorbs\u0027s Wanderer Trilogy","Minty Spire (QoL Compilation)","Quick Restart","Replay The Spire","Shop Mod","StSLib","The Animator","The Construct","The Cursed","The Disciple","The Hierophant","The Necromancer","The Runesmith","everything is the same but u backflip on backflip"],"gold_per_floor":[99,118,118,134,151,151,151,183,283,183,194,34,69,80,95,198,198,198,198,226,253,281,281,308,343,374,12,55,89,89,115,149,274,374,374,400,432,465,506,506,506,367,411,478,501,532,532,570,588,606,606,606],"floor_reached":50,"language":"ENG","playtime":26629,"items_purged":["Guardian:Strike_Guardian"],"score":611,"play_id":"68ce24ef-22b0-4c43-b9d9-3ee16586ce7f","local_time":"20210210190435","is_ascension_mode":false,"campfire_choices":[{"data":"Guardian:Strike_Guardian","floor":1,"key":"PURGE"},{"data":"Guardian:BodySlam","floor":6,"key":"SMITH"},{"floor":10,"key":"REST"},{"data":"infinitespire:Collect","floor":18,"key":"SMITH"},{"data":"Guardian:ConstructionForm","floor":23,"key":"SMITH"},{"data":"expansioncontent:QuickStudy","floor":30,"key":"SMITH"},{"data":"Guardian:StasisField","floor":35,"key":"SMITH"},{"data":"Guardian:SpikerProtocol","floor":40,"key":"SMITH"}],"circlet_count":0,"master_deck":["Guardian:Defend_Guardian","Guardian:Defend_Guardian","Guardian:Defend_Guardian","Guardian:CurlUp","Guardian:TwinSlam","Guardian:Reroute","Guardian:BodySlam+1","Guardian:ShieldCharger+1","Guardian:HyperBeam_Guardian","Guardian:EvasiveProtocol","Guardian:ConstructionForm+1","Guardian:Suspension","Guardian:RollAttack","Guardian:BronzeOrb","Guardian:StasisField+1","SwitchThreat","hermit:Covet","Guardian:FastForward","hubris:Insight","infinitespire:Collect+1","Replay:Fractal Strike","Guardian:PrimingBeam","Guardian:Clone+1","Guardian:TimeBomb","expansioncontent:QuickStudy+1","Guardian:Suspension+1","Guardian:ExploitGems","Guardian:Recover+1","Guardian:FastForward","Guardian:DecasProtection+1","Guardian:SpikerProtocol+1","Guardian:Gem_Crimson","expansioncontent:StudyTheSpire","Guardian:Gem_Purple","Guardian:RevengeProtocol"],"relics":["Guardian:ModeShifter","Replay:Bottled Flurry","infinitespire:WardingShard","downfall:HeartBlessingGreen","infinitespire:Beetle Shell","hubris:Spice","ReplayTheSpireMod:SealedPack","Replay:Bandana","Replay:Wanted Poster","Pocketwatch","hubris:Icosahedron"],"acts_visited":["Exordium","TheCity","TheBeyond"],"potions_floor_usage":[8,9,15,22,33,42,50,50,50],"damage_taken":[{"damage":10,"enemies":"2 Louse","floor":2,"turns":4},{"damage":3,"enemies":"Small Slimes","floor":4,"turns":3},{"damage":0,"enemies":"conspire:RoseBush","floor":5,"turns":3},{"damage":0,"enemies":"Lagavulin","floor":8,"turns":6},{"damage":47,"enemies":"downfall:Heads","floor":9,"turns":14},{"damage":0,"enemies":"2 Fungi Beasts","floor":11,"turns":1},{"damage":0,"enemies":"downfall:FleeingMerchant","floor":12,"turns":4},{"damage":0,"enemies":"conspire:MimicChest","floor":13,"turns":5},{"damage":0,"enemies":"3 Louse","floor":14,"turns":2},{"damage":10,"enemies":"Exordium Wildlife","floor":15,"turns":2},{"damage":9,"enemies":"WA_ARCHETYPE_RETAIN","floor":16,"turns":6},{"damage":0,"enemies":"Spheric Guardian","floor":20,"turns":4},{"damage":4,"enemies":"Chosen","floor":21,"turns":3},{"damage":0,"enemies":"Centurion and Healer","floor":22,"turns":4},{"damage":0,"enemies":"Snake Plant","floor":25,"turns":4},{"damage":15,"enemies":"Snecko","floor":26,"turns":3},{"damage":0,"enemies":"downfall:FleeingMerchant","floor":27,"turns":4},{"damage":2,"enemies":"Centurion and Healer","floor":28,"turns":7},{"damage":0,"enemies":"3 Cultists","floor":29,"turns":3},{"damage":0,"enemies":"conspire:HollyBat","floor":31,"turns":6},{"damage":0,"enemies":"Cultist and Chosen","floor":32,"turns":3},{"damage":6,"enemies":"IC_MUSHROOM_ARCHETYPE","floor":33,"turns":7},{"damage":0,"enemies":"3 Darklings","floor":36,"turns":5},{"damage":0,"enemies":"Orb Walker","floor":37,"turns":3},{"damage":0,"enemies":"Transient","floor":38,"turns":5},{"damage":0,"enemies":"Maw","floor":39,"turns":5},{"damage":0,"enemies":"downfall:FleeingMerchant","floor":42,"turns":3},{"damage":4,"enemies":"Nightmare","floor":43,"turns":6},{"damage":0,"enemies":"Jaw Worm Horde","floor":45,"turns":5},{"damage":0,"enemies":"Writhing Mass","floor":46,"turns":5},{"damage":0,"enemies":"Spire Growth","floor":48,"turns":3},{"damage":1,"enemies":"3 Darklings","floor":49,"turns":2},{"damage":70,"enemies":"SI_POISON_ARCHETYPE","floor":50,"turns":6}],"seed_played":"-566896179974436840","potions_obtained":[{"floor":2,"key":"ColorlessPotion"},{"floor":5,"key":"BlessingOfTheForge"},{"floor":8,"key":"Doom Potion"},{"floor":13,"key":"Swift Potion"},{"floor":14,"key":"Explosive Potion"},{"floor":15,"key":"Fire Potion"},{"floor":21,"key":"hexamod:SoulburnPotion"},{"floor":22,"key":"construct:ShiftPotion"},{"floor":28,"key":"Energy Potion"},{"floor":31,"key":"Adrenaline Potion"},{"floor":33,"key":"construct:ShiftPotion"},{"floor":36,"key":"Swift Potion"},{"floor":43,"key":"Flashbang"},{"floor":44,"key":"DistilledChaos"}],"is_trial":false,"path_per_floor":["R","M","?","M","M","R","T","E","?","R","M","$","?","M","M","B",null,"R","AVR","M","M","M","R","T","M","M","$","M","M","R","M","M","B",null,"R","M","M","M","M","R","T","$","NM","?","M","M","?","M","M","B"],"character_chosen":"GUARDIAN","items_purchased":["infinitespire:Beetle Shell","expansioncontent:QuickStudy","Guardian:Gem_Yellow","Guardian:Gem_Red","expansioncontent:StudyTheSpire","Pocketwatch"],"campfire_rested":1,"item_purchase_floors":[12,27,27,27,42,42],"current_hp_per_floor":[88,78,78,75,75,75,75,75,28,54,54,54,62,62,52,43,96,96,96,96,92,92,92,100,100,85,85,83,83,83,83,83,77,104,104,104,104,104,104,104,96,96,92,54,54,54,54,54,53,0,0,0],"gold":606,"neow_bonus":"TEN_PERCENT_HP_BONUS","is_daily":false,"chose_seed":false,"campfire_upgraded":6,"win_rate":0.0,"timestamp":1613012675,"path_taken":["R","M","?","M","M","R","T","E","?","R","M","$","?","M","M","BOSS","R","AVR","M","M","M","R","T","M","M","$","M","M","R","M","M","BOSS","R","M","M","M","M","R","T","$","NM","?","M","M","?","M","M","BOSS"],"items_purchased_type":["Relic","Card","Card","Card","Card","Relic"],"build_version":"2020-12-22","purchased_purges":1,"victory":false,"max_hp_per_floor":[88,88,88,88,88,88,88,88,88,88,88,88,96,96,96,96,96,96,96,96,96,96,96,104,104,104,104,104,104,104,104,104,104,104,104,104,104,104,104,104,96,96,96,96,96,96,96,96,96,96,96,96],"card_choices":[{"not_picked":["Guardian:Suspension","Guardian:SentryBeam"],"picked":"Guardian:Reroute","floor":2},{"not_picked":["Guardian:Gem_Green","Guardian:TemporalShield"],"picked":"Guardian:BodySlam","floor":4},{"not_picked":["Guardian:WalkerClaw","Guardian:BodySlam"],"picked":"Guardian:ShieldCharger","floor":5},{"not_picked":["Guardian:Gem_Lightblue","Guardian:Gem_Red"],"picked":"Guardian:Gem_Purple","floor":8},{"not_picked":["Guardian:PrismaticBeam","Guardian:ShieldCharger"],"picked":"Guardian:Gem_Red","floor":9},{"not_picked":["Guardian:Gem_Green","Guardian:ChargeCore"],"picked":"Guardian:EvasiveProtocol","floor":11},{"not_picked":["Guardian:Preprogram","Guardian:TimeSifter"],"picked":"Guardian:ConstructionForm","floor":12},{"not_picked":["Guardian:Gem_Fragmented","Guardian:Recover"],"picked":"Guardian:Suspension","floor":13},{"not_picked":["Guardian:Reroute","Guardian:CrystalBeam"],"picked":"Guardian:RollAttack","floor":14},{"not_picked":["Guardian:ChargeCore","Guardian:Suspension"],"picked":"Guardian:BronzeOrb","floor":15},{"not_picked":["Guardian:HyperBeam_Guardian","Guardian:FastForward"],"picked":"Guardian:StasisField","floor":16},{"not_picked":["stsjorbsmod:Exhale","m_Bronzebash"],"picked":"hermit:Covet","floor":17},{"not_picked":["Guardian:SphericShield","Guardian:RevengeProtocol"],"picked":"Guardian:FastForward","floor":17},{"not_picked":["Dramatic Entrance","Deep Breath"],"picked":"hubris:Insight","floor":17},{"not_picked":["ReplayTheSpireMod:??????????????????????","infinitespire:UltimateForm"],"picked":"infinitespire:Collect","floor":17},{"not_picked":["Guardian:PrismaticBeam","Guardian:Planning"],"picked":"Guardian:Gem_Red","floor":20},{"not_picked":["Guardian:ShieldCharger","Guardian:PrismaticBarrier","Guardian:VentSteam"],"picked":"SKIP","floor":21},{"not_picked":["Guardian:CrystalBeam+1","Guardian:PrismaticBeam"],"picked":"Guardian:Gem_Cyan","floor":22},{"not_picked":["Guardian:VentSteam","Guardian:SentryBeam"],"picked":"Guardian:PrimingBeam","floor":25},{"not_picked":["Guardian:HyperBeam_Guardian","Guardian:TemporalShield"],"picked":"Guardian:Clone+1","floor":26},{"not_picked":["Guardian:ChargeCore+1","Guardian:CrystalBeam"],"picked":"Guardian:TimeBomb","floor":27},{"not_picked":["Guardian:VentSteam","Guardian:Gem_Red"],"picked":"Guardian:Suspension+1","floor":28},{"not_picked":["Guardian:PrimingBeam","Guardian:Harden+1"],"picked":"Guardian:ExploitGems","floor":29},{"not_picked":["Guardian:Gem_Lightblue","hubris:SpiceAddiction"],"picked":"Guardian:Recover+1","floor":31},{"not_picked":["Guardian:BronzeArmor","Guardian:Planning+1","Guardian:SentryBeam+1"],"picked":"SKIP","floor":32},{"not_picked":["hubris:SpiceAddiction","Guardian:Gem_Synthetic"],"picked":"Guardian:FastForward","floor":33},{"not_picked":["Guardian:PrismaticBeam","Guardian:CrystalBeam+1","Guardian:DonusPower+1"],"picked":"SKIP","floor":36},{"not_picked":["Guardian:Suspension","Guardian:RollAttack+1"],"picked":"Guardian:DecasProtection+1","floor":37},{"not_picked":["Guardian:VentSteam+1","Guardian:Reroute"],"picked":"Guardian:Gem_Green","floor":38},{"not_picked":["Guardian:TemporalStrike","Guardian:RollAttack"],"picked":"Guardian:SpikerProtocol","floor":39},{"not_picked":["Guardian:Planning+1","Guardian:GuardianWhirl+1"],"picked":"Guardian:Gem_Crimson","floor":42},{"not_picked":["hubris:SpiceAddiction","Guardian:VentSteam+1","Guardian:SentryBeam"],"picked":"SKIP","floor":43},{"not_picked":["Guardian:Reroute+1","Guardian:Preprogram+1"],"picked":"Guardian:Gem_Purple","floor":44},{"not_picked":["hubris:SpiceAddiction","Guardian:WalkerClaw","Guardian:RollAttack+1"],"picked":"SKIP","floor":45},{"not_picked":["Guardian:Planning+1","Guardian:TemporalShield"],"picked":"Guardian:RevengeProtocol","floor":46},{"not_picked":["Guardian:RollAttack","hubris:SpiceAddiction","Guardian:ShieldCharger+1"],"picked":"SKIP","floor":48},{"not_picked":["Guardian:BronzeArmor+1","Guardian:Gem_Fragmented","Guardian:Gem_Crimson"],"picked":"SKIP","floor":49}],"player_experience":551953,"relics_obtained":[{"floor":7,"key":"Replay:Bottled Flurry"},{"floor":8,"key":"infinitespire:WardingShard"},{"floor":13,"key":"hubris:Spice"},{"floor":24,"key":"hubris:Spice"},{"floor":41,"key":"hubris:Spice"}],"event_choices":[],"is_beta":false,"boss_relics":[{"not_picked":["Busted Crown","Cursed Key"],"picked":"ReplayTheSpireMod:SealedPack"},{"not_picked":["Runic Pyramid","hubris:GrandSneckoEye"],"picked":"Replay:Wanted Poster"}],"items_purged_floors":[27],"is_endless":false,"potions_floor_spawned":[2,5,8,13,14,15,21,22,28,31,33,36,43,45,49],"killed_by":"SI_POISON_ARCHETYPE","ascension_level":0}}