{"host":"6qo42zgaknezulyg","time":1613052826,"event":{"mods":["2.2 Compatiblity","BaseMod","Colored Map","Faster Ascension Climbing","Highlight Path","Keyboard Shortcuts","Minty Spire (QoL Compilation)","Permanent Neow","Quick Restart","StSLib","SuperFastMode","The Wild Card"],"gold_per_floor":[112,127,127,141,141,176,176,11,11,60,70,84,84,94,94,168,168,184,199,35,52,52,102,119,119,119],"floor_reached":25,"language":"ENG","playtime":1747,"items_purged":[],"score":410,"play_id":"02539adc-3500-43f5-814a-b44aee652df7","local_time":"20210211231346","is_ascension_mode":true,"campfire_choices":[{"data":"theWildCard:Attunement","floor":7.0,"key":"SMITH"},{"floor":13.0,"key":"REST"},{"data":"theWildCard:TheArcanaUnleashed","floor":15.0,"key":"SMITH"}],"circlet_count":0,"master_deck":["AscendersBane","theWildCard:BasicStrike","theWildCard:BasicDefend","theWildCard:BasicDefend","theWildCard:BasicDefend","theWildCard:BasicDefend","theWildCard:CallToAdventure","theWildCard:Arsene","theWildCard:ArcaneArts","theWildCard:PaleRider","theWildCard:SeveringSlash","theWildCard:Attunement+1","theWildCard:TheArcanaUnleashed+1","theWildCard:EnergyTheft","theWildCard:FinalHour","theWildCard:MaskChange","theWildCard:MagicMettle","theWildCard:MagicMettle+1"],"relics":["theWildCard:VelvetContract","Darkstone Periapt","Happy Flower","Singing Bowl","Orichalcum","Runic Dome","Membership Card","MutagenicStrength"],"acts_visited":["Exordium","TheCity"],"potions_floor_usage":[],"damage_taken":[{"damage":0.0,"enemies":"Jaw Worm","floor":1.0,"turns":5.0},{"damage":3.0,"enemies":"2 Louse","floor":2.0,"turns":4.0},{"damage":0.0,"enemies":"Cultist","floor":4.0,"turns":4.0},{"damage":3.0,"enemies":"Lagavulin","floor":6.0,"turns":4.0},{"damage":15.0,"enemies":"Lots of Slimes","floor":11.0,"turns":4.0},{"damage":2.0,"enemies":"Exordium Wildlife","floor":12.0,"turns":4.0},{"damage":1.0,"enemies":"Looter","floor":14.0,"turns":4.0},{"damage":22.0,"enemies":"Slime Boss","floor":16.0,"turns":9.0},{"damage":6.0,"enemies":"Spheric Guardian","floor":18.0,"turns":5.0},{"damage":17.0,"enemies":"Chosen","floor":19.0,"turns":8.0},{"damage":12.0,"enemies":"Snake Plant","floor":21.0,"turns":5.0},{"damage":0.0,"enemies":"Snecko","floor":24.0,"turns":6.0},{"damage":41,"enemies":"Cultist and Chosen","floor":25,"turns":3}],"seed_played":"-7037423820555408470","potions_obtained":[{"floor":4.0,"key":"DistilledChaos"},{"floor":6.0,"key":"Weak Potion"},{"floor":11.0,"key":"LiquidMemories"},{"floor":12.0,"key":"DuplicationPotion"}],"is_trial":false,"path_per_floor":["M","M","?","M","?","E","R","$","T","T","M","M","R","M","R","B",null,"M","M","$","M","?","?","M","M"],"character_chosen":"THE_WILD_CARD","items_purchased":["Happy Flower","Membership Card"],"campfire_rested":1,"item_purchase_floors":[8,20],"current_hp_per_floor":[36,33,33,33,26,23,23,23,23,23,8,8,25,24,24,2,45,39,22,22,12,12,12,12,0,0],"gold":119,"neow_bonus":"REMOVE_TWO","is_daily":false,"chose_seed":false,"campfire_upgraded":2,"win_rate":0.0,"timestamp":1613052826,"path_taken":["M","M","?","M","?","E","R","$","T","?","M","?","R","M","R","BOSS","M","M","$","M","?","?","?","?"],"items_purchased_type":["Relic","Relic"],"build_version":"2020-12-22","purchased_purges":0,"victory":false,"max_hp_per_floor":[57,57,57,57,57,57,57,57,57,57,57,59,59,59,59,59,59,59,59,59,61,61,61,61,61,61],"card_choices":[{"not_picked":["theWildCard:Polydeuces","theWildCard:Michael"],"picked":"theWildCard:ArcaneArts","floor":1.0},{"not_picked":["theWildCard:BladeOfGenerations","theWildCard:ArchaicAssault"],"picked":"theWildCard:PaleRider","floor":2.0},{"not_picked":["theWildCard:ManOfManyFaces","theWildCard:Proficiency"],"picked":"theWildCard:SeveringSlash","floor":4.0},{"not_picked":["theWildCard:PaleRider","theWildCard:PowerOfTheArcana"],"picked":"theWildCard:Attunement","floor":6.0},{"not_picked":["theWildCard:SeveringSlash","theWildCard:SacrificialStroke"],"picked":"theWildCard:TheArcanaUnleashed","floor":11.0},{"not_picked":["theWildCard:ArcaneArts","theWildCard:StingingStrike","theWildCard:IdentityTheft"],"picked":"Singing Bowl","floor":12.0},{"not_picked":["theWildCard:Odin","theWildCard:Unburden"],"picked":"theWildCard:EnergyTheft","floor":14.0},{"not_picked":["theWildCard:Overwhelm","theWildCard:Caesar"],"picked":"theWildCard:FinalHour","floor":16.0},{"not_picked":["theWildCard:Metatron+1","theWildCard:ArcaneArts"],"picked":"theWildCard:MaskChange","floor":18.0},{"not_picked":["theWildCard:ArchaicAssault","theWildCard:Safeguard"],"picked":"theWildCard:MagicMettle","floor":19.0},{"not_picked":["theWildCard:ArchaicAssault","theWildCard:IdentityTheft","theWildCard:PaleRider"],"picked":"Singing Bowl","floor":21.0},{"not_picked":["theWildCard:Proficiency+1","theWildCard:ArcaneArts"],"picked":"theWildCard:MagicMettle+1","floor":24.0}],"player_experience":729297,"relics_obtained":[{"floor":6.0,"key":"Darkstone Periapt"},{"floor":9.0,"key":"Singing Bowl"},{"floor":10.0,"key":"Orichalcum"}],"event_choices":[{"damage_healed":0.0,"max_hp_gain":0.0,"max_hp_loss":0.0,"gold_gain":0.0,"event_name":"Scrap Ooze","player_choice":"Fled","floor":3.0,"gold_loss":0.0,"damage_taken":0.0},{"cards_removed":["theWildCard:BasicStrike"],"damage_healed":0.0,"max_hp_gain":0.0,"max_hp_loss":0.0,"gold_gain":0.0,"event_name":"Golden Wing","player_choice":"Card Removal","floor":5.0,"gold_loss":0.0,"damage_taken":7.0},{"damage_healed":0.0,"max_hp_gain":0.0,"max_hp_loss":0.0,"gold_gain":0.0,"event_name":"Drug Dealer","player_choice":"Inject Mutagens","floor":22.0,"gold_loss":0.0,"damage_taken":0.0,"relics_obtained":["MutagenicStrength"]},{"damage_healed":0.0,"max_hp_gain":0.0,"max_hp_loss":0.0,"gold_gain":50.0,"event_name":"Golden Shrine","player_choice":"Pray","floor":23.0,"gold_loss":0.0,"damage_taken":0.0}],"is_beta":false,"boss_relics":[{"not_picked":["Cursed Key","Astrolabe"],"picked":"Runic Dome"}],"items_purged_floors":[],"is_endless":false,"potions_floor_spawned":[4,6,11,12,14,19],"killed_by":"Cultist and Chosen","ascension_level":20}}