{"host":"126yiuos2nq86se7","time":1613013396,"event":{"mods":["AchievementEnabler","Act Like it!","BaseMod","BetterRewards","Colored Map","Colored Powertips","Friendly Minions","Highlight Path","Hubris","Minty Spire (QoL Compilation)","Reimu??????","Remilia??????","StSLib","SuperFastMode","Td1madao Mod","The Animator","The Mystic"],"gold_per_floor":[112,112,123,31,46,78,78,93,144,19,19,19,19,19,19,139,139,157,0,14,314,6,6,6,6,6,6,19,19,37,37,37,166,166,181,181,206,221,284,284,298,298,298,298,298,298,323,338,338,338],"floor_reached":51,"language":"ENG","playtime":1941,"items_purged":["Strike_RM","Strike_RM","UltimateOffering"],"score":868,"play_id":"bc7c32ec-438e-490d-8a8a-049cf4917415","local_time":"20210211141636","is_ascension_mode":false,"campfire_choices":[{"floor":7,"key":"REST"},{"floor":15,"key":"REST"},{"data":"TransientEternity","floor":23,"key":"SMITH"},{"data":"RedMoon","floor":25,"key":"SMITH"},{"data":"HunterOfTheNight","floor":32,"key":"SMITH"},{"data":"MastersStateliness","floor":40,"key":"SMITH"},{"data":"CeilingFear","floor":42,"key":"SMITH"},{"data":"MastersStateliness","floor":44,"key":"SMITH"},{"data":"1","floor":46,"key":"LIFT"},{"floor":49,"key":"REST"}],"circlet_count":0,"master_deck":["Strike_RM+1","Strike_RM+1","Defend_RM+1","Defend_RM+1","Defend_RM+1","Defend_RM+1","RedMoon+1","ScarletShoot","HunterOfTheNight+1","MastersStateliness+1","NightDance","BombardNight","TwelveNightmare","MastersStateliness+1","UnderTheZenith","TransientEternity+1","FitfulNightmare+1","MastersStateliness+1","Greed_TH","VampirishNight","VampireFantasy","QueenOfMidnight+1","BombardNight","Ultimatum","NightDance+1","CeilingFear+1","VampireFantasy+1","Septette+1","BadLadyScramble+1"],"relics":["ScarletHat","Sundial","Sling","hubris:SphereOfDissonance","Juzu Bracelet","hubris:Icosahedron","Golden Idol","hubris:TenFootPole","Velvet Choker","Membership Card","Frozen Egg 2","hubris:Metronome","Gremlin Horn","hubris:RunicObelisk","hubris:Towel","Calipers","StoneCalendar","Girya"],"acts_visited":["Exordium","TheCity","TheBeyond"],"potions_floor_usage":[6,6,6,33,33,33,50,50,50],"damage_taken":[{"damage":12,"enemies":"Jaw Worm","floor":1,"turns":3},{"damage":1,"enemies":"Cultist","floor":3,"turns":2},{"damage":0,"enemies":"Small Slimes","floor":5,"turns":6},{"damage":0,"enemies":"Lagavulin","floor":6,"turns":2},{"damage":23,"enemies":"Looter","floor":8,"turns":1},{"damage":29,"enemies":"Hexaghost","floor":16,"turns":10},{"damage":11,"enemies":"Spheric Guardian","floor":18,"turns":5},{"damage":0,"enemies":"Chosen","floor":20,"turns":3},{"damage":12,"enemies":"Centurion and Healer","floor":28,"turns":7},{"damage":8,"enemies":"Colosseum Slavers","floor":29,"turns":3},{"damage":8,"enemies":"Shelled Parasite and Fungi","floor":30,"turns":3},{"damage":5,"enemies":"Champ","floor":33,"turns":9},{"damage":2,"enemies":"3 Darklings","floor":35,"turns":7},{"damage":16,"enemies":"3 Shapes","floor":37,"turns":4},{"damage":4,"enemies":"Spire Growth","floor":38,"turns":3},{"damage":0,"enemies":"Mind Bloom Boss Battle","floor":39,"turns":4},{"damage":13,"enemies":"Writhing Mass","floor":41,"turns":4},{"damage":12,"enemies":"4 Shapes","floor":47,"turns":2},{"damage":30,"enemies":"Jaw Worm Horde","floor":48,"turns":3},{"damage":22,"enemies":"Awakened One","floor":50,"turns":12}],"seed_played":"7434910533117627028","potions_obtained":[{"floor":1,"key":"DuplicationPotion"},{"floor":16,"key":"DistilledChaos"},{"floor":18,"key":"SteroidPotion"},{"floor":20,"key":"Explosive Potion"},{"floor":37,"key":"ColorlessPotion"},{"floor":39,"key":"LiquidMemories"},{"floor":47,"key":"GrandPatriotsElixir:ReiMu"}],"is_trial":false,"path_per_floor":["M","?","M","$","M","E","R","M","T","$","?","?","?","?","R","B",null,"M","$","M","?","$","R","?","R","T","$","M","?","M","?","R","B",null,"M","?","M","M","?","R","M","R","T","R","T","R","M","M","R","B",null],"character_chosen":"REMILIA","items_purchased":["HunterOfTheNight","UltimateOffering","MastersStateliness","Sundial","Sling","Strength Potion","BlessingOfTheForge","BombardNight","TwelveNightmare","UnderTheZenith","Membership Card","Frozen Egg 2","hubris:Metronome"],"campfire_rested":3,"item_purchase_floors":[0,0,0,0,0,0,0,4,4,10,19,22,22],"current_hp_per_floor":[37,37,37,37,38,38,60,37,37,37,40,25,25,28,50,31,75,64,64,66,69,63,63,66,66,66,66,61,63,65,68,68,75,75,73,75,63,67,75,75,72,72,72,72,75,75,64,39,61,75],"gold":338,"neow_bonus":"","is_daily":false,"chose_seed":false,"campfire_upgraded":6,"win_rate":0.0,"timestamp":1613013396,"path_taken":["M","?","?","?","M","E","R","M","T","$","?","?","?","?","R","BOSS","M","$","M","?","$","R","?","R","T","$","M","?","M","?","R","BOSS","M","?","M","M","?","R","M","R","T","R","?","R","M","M","R","BOSS"],"items_purchased_type":["Card","Card","Card","Relic","Relic","Potion","Potion","Card","Card","Card","Relic","Relic","Relic"],"build_version":"2020-12-22","purchased_purges":3,"victory":true,"max_hp_per_floor":[75,75,75,75,75,75,75,75,75,75,75,75,75,75,75,75,75,75,75,75,75,75,75,75,75,75,75,75,75,75,75,75,75,75,75,75,75,75,75,75,75,75,75,75,75,75,75,75,75,75],"card_choices":[{"not_picked":["DiffusionOfMisfortune","ScarletSymphony"],"picked":"NightDance","floor":1},{"not_picked":["BlasphemousPunishment","StarOfDavid","BloodHunter"],"picked":"SKIP","floor":3},{"not_picked":["UnstableMagic","StarOfDavid"],"picked":"MastersStateliness","floor":5},{"not_picked":["EmergencyRegeneration","BloodyMagicSquare","ScarletCoffin"],"picked":"SKIP","floor":6},{"not_picked":["EndlessAdversity","Maim","FavorOfDestiny"],"picked":"SKIP","floor":8},{"not_picked":["ChaoticDestiny","HellCatastrophe"],"picked":"TransientEternity","floor":16},{"not_picked":["RedNightlessCastle+1","CharismaGuard"],"picked":"FitfulNightmare+1","floor":18},{"not_picked":["BadLadyScramble","ScarletImprint"],"picked":"MastersStateliness+1","floor":20},{"not_picked":["ScarletImprint","VampireKiss"],"picked":"VampirishNight","floor":28},{"not_picked":["ScarletSymphony","ForbiddenFruit+1"],"picked":"VampireFantasy","floor":30},{"not_picked":["ChaoticDestiny","HeartBreak"],"picked":"QueenOfMidnight+1","floor":33},{"not_picked":["NightDance","RedRainbow"],"picked":"BombardNight","floor":35},{"not_picked":["BloodHunter","RedMagic+1"],"picked":"Ultimatum","floor":37},{"not_picked":["UltimateOffering+1","ChainGang"],"picked":"NightDance+1","floor":38},{"not_picked":["MastersStateliness+1","BloodHunter"],"picked":"CeilingFear","floor":38},{"not_picked":["RedRainbow","EmergencyRegeneration+1"],"picked":"VampireFantasy+1","floor":39},{"not_picked":["DiffusionOfMisfortune+1","BadLadyScramble"],"picked":"Septette+1","floor":41},{"not_picked":["HeartBreak","ScarletDevil","UnderTheZenith"],"picked":"SKIP","floor":47},{"not_picked":["DiffusionOfMisfortune+1","StarOfDavid+1"],"picked":"BadLadyScramble+1","floor":48}],"player_experience":1703445,"relics_obtained":[{"floor":6,"key":"hubris:SphereOfDissonance"},{"floor":9,"key":"Juzu Bracelet"},{"floor":26,"key":"Gremlin Horn"},{"floor":39,"key":"Calipers"},{"floor":43,"key":"StoneCalendar"},{"floor":45,"key":"Girya"}],"event_choices":[{"damage_healed":0,"gold_gain":0,"player_choice":"Ignored","damage_taken":0,"max_hp_gain":0,"max_hp_loss":0,"event_name":"NoteForYourself","floor":2,"gold_loss":0},{"damage_healed":0,"gold_gain":0,"player_choice":"Take Damage","damage_taken":18,"relics_obtained":["Golden Idol"],"max_hp_gain":0,"max_hp_loss":0,"event_name":"Golden Idol","floor":12,"gold_loss":0},{"damage_healed":0,"gold_gain":0,"player_choice":"Success","damage_taken":3,"relics_obtained":["hubris:TenFootPole"],"max_hp_gain":0,"max_hp_loss":0,"event_name":"Scrap Ooze","floor":13,"gold_loss":0},{"damage_healed":0,"gold_gain":0,"player_choice":"Searched \u00270\u0027 times","damage_taken":0,"max_hp_gain":0,"max_hp_loss":0,"event_name":"Dead Adventurer","floor":14,"gold_loss":0},{"damage_healed":0,"gold_gain":0,"player_choice":"Ignored","damage_taken":0,"max_hp_gain":0,"max_hp_loss":0,"event_name":"Ghosts","floor":24,"gold_loss":0},{"damage_healed":0,"gold_gain":0,"player_choice":"Fight","damage_taken":0,"max_hp_gain":0,"max_hp_loss":0,"event_name":"Colosseum","floor":29,"gold_loss":0},{"damage_healed":0,"gold_gain":0,"player_choice":"Fled From Nobs","damage_taken":0,"max_hp_gain":0,"max_hp_loss":0,"event_name":"Colosseum","floor":29,"gold_loss":0},{"damage_healed":0,"gold_gain":0,"player_choice":"Simplicity","damage_taken":0,"max_hp_gain":0,"max_hp_loss":0,"event_name":"Back to Basics","floor":31,"gold_loss":0,"cards_upgraded":["Strike_RM","Strike_RM","Defend_RM","Defend_RM","Defend_RM","Defend_RM"]},{"damage_healed":0,"gold_gain":0,"player_choice":"Fight","damage_taken":0,"max_hp_gain":0,"max_hp_loss":0,"event_name":"MindBloom","floor":39,"gold_loss":0}],"is_beta":false,"boss_relics":[{"not_picked":["hubris:BlackHole","Runic Pyramid"],"picked":"Velvet Choker"},{"not_picked":["RedLine:ReiMu","hubris:VirtuousBlindfold"],"picked":"hubris:RunicObelisk"}],"items_purged_floors":[0,10,22],"is_endless":false,"potions_floor_spawned":[1,16,18,20,37,39,47],"ascension_level":0}}