{"host":"o67iw34xdwlyp80a","time":1613040139,"event":{"mods":["BaseMod","Colored Map","Minty Spire (QoL Compilation)","Relic Stats","StSLib"],"gold_per_floor":[218,72,247,259,259,292,292,321,368,368,368,368,150,150,150,274,274,290,290,52,70,94,94,94,138,138,138,138,21,21,62,62,188,188,207,270,47,47,70,70,70],"floor_reached":40,"language":"ENG","playtime":2682,"items_purged":["Doubt","Writhe"],"score":641,"play_id":"bfb194ec-88a8-4285-aa19-5b976d240269","local_time":"20210211104219","is_ascension_mode":true,"campfire_choices":[{"data":"Cleave","floor":7,"key":"SMITH"},{"floor":10,"key":"REST"},{"data":"Armaments","floor":12,"key":"SMITH"},{"floor":15,"key":"REST"},{"floor":23,"key":"REST"},{"floor":27,"key":"REST"},{"data":"Apotheosis","floor":30,"key":"SMITH"},{"data":"White Noise","floor":32,"key":"SMITH"}],"circlet_count":0,"master_deck":["Defend_R","Defend_R","Defend_R","Bash","Feel No Pain+1","Feed","Cleave+1","Seeing Red","Armaments+1","Apotheosis+1","Demon Form","Madness+1","Backflip","Warcry+1","Bite","Bite","Bite","Bite","Bite","White Noise+1","Evolve","Seeing Red"],"relics":["Black Blood","Happy Flower","Red Skull","Dream Catcher","Mango","PrismaticShard","Golden Idol","Black Star","Singing Bowl","Juzu Bracelet","Smiling Mask","Regal Pillow","Ancient Tea Set","Toy Ornithopter","Tiny Chest","Anchor","Champion Belt","Omamori"],"acts_visited":["Exordium","TheCity","TheBeyond"],"potions_floor_usage":[8,16,25,25,31,33,36,40],"damage_taken":[{"damage":5,"enemies":"Small Slimes","floor":1,"turns":6},{"damage":13,"enemies":"Jaw Worm","floor":4,"turns":5},{"damage":38,"enemies":"3 Sentries","floor":6,"turns":16},{"damage":20,"enemies":"Gremlin Nob","floor":8,"turns":4},{"damage":34,"enemies":"Hexaghost","floor":16,"turns":9},{"damage":17,"enemies":"Shell Parasite","floor":18,"turns":5},{"damage":35,"enemies":"2 Thieves","floor":21,"turns":5},{"damage":71,"enemies":"Slavers","floor":25,"turns":10},{"damage":46,"enemies":"Gremlin Leader","floor":31,"turns":5},{"damage":79,"enemies":"Automaton","floor":33,"turns":10},{"damage":45,"enemies":"Orb Walker","floor":35,"turns":6},{"damage":49,"enemies":"Mind Bloom Boss Battle","floor":36,"turns":9},{"damage":56,"enemies":"3 Darklings","floor":39,"turns":6},{"damage":68,"enemies":"Reptomancer","floor":40,"turns":2}],"seed_played":"1893694774047646741","potions_obtained":[{"floor":1,"key":"Strength Potion"},{"floor":8,"key":"Strength Potion"},{"floor":16,"key":"Explosive Potion"},{"floor":18,"key":"Energy Potion"},{"floor":19,"key":"CultistPotion"},{"floor":31,"key":"Swift Potion"},{"floor":33,"key":"BloodPotion"},{"floor":35,"key":"SteroidPotion"},{"floor":39,"key":"PowerPotion"}],"is_trial":false,"path_per_floor":["M","$","?","M","?","E","R","E","T","R","?","R","$","?","R","B",null,"M","?","$","M","T","R","?","E","T","R","?","$","R","E","R","B",null,"M","?","$","?","M","E"],"character_chosen":"IRONCLAD","items_purchased":["Feed","PrismaticShard","Singing Bowl","Evolve","Omamori","Seeing Red"],"campfire_rested":4,"item_purchase_floors":[2,13,20,29,37,37],"current_hp_per_floor":[73,73,73,66,50,21,21,7,7,31,33,33,33,9,38,10,75,64,64,64,39,39,69,69,29,29,67,67,67,67,52,52,24,65,58,81,81,81,57,0,0],"gold":70,"neow_bonus":"HUNDRED_GOLD","is_daily":false,"chose_seed":false,"campfire_upgraded":4,"win_rate":0.0,"timestamp":1613040139,"path_taken":["M","$","?","M","?","E","R","E","T","R","?","R","?","?","R","BOSS","M","?","?","M","?","R","?","E","T","R","?","$","R","E","R","BOSS","M","?","$","?","M","E"],"items_purchased_type":["Card","Relic","Relic","Card","Relic","Card"],"build_version":"2020-12-22","purchased_purges":2,"victory":false,"max_hp_per_floor":[80,80,80,80,80,83,83,83,83,83,97,97,97,97,97,97,97,97,97,97,101,101,101,70,73,73,75,75,75,75,77,77,79,79,85,91,91,91,97,97,97],"relic_stats":{"Regal Pillow":15,"Happy Flower":[23],"Singing Bowl":12,"counters":[14,98],"Golden Idol":96,"Black Blood":96,"Juzu Bracelet":0,"Smiling Mask":50,"Dream Catcher":4,"Tiny Chest":0,"Black Star":2,"Champion Belt":[2],"obtain_stats":[{"Regal Pillow":25,"Happy Flower":6,"Singing Bowl":20,"Golden Idol":14,"Black Blood":34,"Mango":11,"Juzu Bracelet":22,"Omamori":37,"PrismaticShard":13,"Smiling Mask":25,"Ancient Tea Set":26,"Burning Blood":0,"Dream Catcher":9,"Anchor":31,"Tiny Chest":31,"Black Star":17,"Champion Belt":36,"Red Skull":8,"Toy Ornithopter":28},{"Regal Pillow":8,"Happy Flower":3,"Singing Bowl":6,"Golden Idol":4,"Black Blood":10,"Mango":4,"Juzu Bracelet":7,"Omamori":12,"PrismaticShard":4,"Smiling Mask":8,"Ancient Tea Set":8,"Burning Blood":0,"Dream Catcher":4,"Anchor":9,"Tiny Chest":9,"Black Star":5,"Champion Belt":12,"Red Skull":4,"Toy Ornithopter":8},{"Regal Pillow":60,"Happy Flower":27,"Singing Bowl":45,"Golden Idol":31,"Black Blood":75,"Mango":31,"Juzu Bracelet":50,"Omamori":90,"PrismaticShard":31,"Smiling Mask":60,"Ancient Tea Set":60,"Burning Blood":0,"Dream Catcher":31,"Anchor":65,"Tiny Chest":65,"Black Star":40,"Champion Belt":90,"Red Skull":31,"Toy Ornithopter":60}],"Toy Ornithopter":20},"card_choices":[{"not_picked":["Entrench","Flex"],"picked":"Feel No Pain","floor":1},{"not_picked":["Perfected Strike","Second Wind","Feel No Pain"],"picked":"SKIP","floor":4},{"not_picked":["Twin Strike","Dual Wield"],"picked":"Cleave","floor":6},{"not_picked":["Twin Strike","Perfected Strike"],"picked":"Seeing Red","floor":8},{"not_picked":["True Grit","Disarm"],"picked":"Armaments","floor":10},{"not_picked":["Steam","Adaptation"],"picked":"Apotheosis","floor":15},{"not_picked":["Thinking Ahead","Amplify"],"picked":"Demon Form","floor":16},{"not_picked":["Blizzard","Panacea"],"picked":"Madness+1","floor":18},{"not_picked":["JustLucky","Blade Dance"],"picked":"Backflip","floor":21},{"not_picked":["Steam+1","FearNoEvil"],"picked":"Warcry+1","floor":23},{"not_picked":["Turbo+1","Havoc+1"],"picked":"White Noise","floor":25},{"not_picked":["Infinite Blades+1","Iron Wave","Conclude"],"picked":"Singing Bowl","floor":27},{"not_picked":["Tactician","Good Instincts","Judgement"],"picked":"Singing Bowl","floor":31},{"not_picked":["Rainbow","Envenom","Judgement"],"picked":"Singing Bowl","floor":33},{"not_picked":["Acrobatics+1","Body Slam","Warcry+1"],"picked":"Singing Bowl","floor":35},{"not_picked":["Leap+1","Gash","FlurryOfBlows"],"picked":"Singing Bowl","floor":36},{"not_picked":["Rupture","Heatsinks","WaveOfTheHand"],"picked":"Singing Bowl","floor":39}],"player_experience":1170030,"relics_obtained":[{"floor":6,"key":"Happy Flower"},{"floor":8,"key":"Red Skull"},{"floor":9,"key":"Dream Catcher"},{"floor":22,"key":"Juzu Bracelet"},{"floor":25,"key":"Smiling Mask"},{"floor":25,"key":"Regal Pillow"},{"floor":26,"key":"Ancient Tea Set"},{"floor":31,"key":"Tiny Chest"},{"floor":31,"key":"Anchor"},{"floor":36,"key":"Champion Belt"}],"event_choices":[{"damage_healed":0,"gold_gain":175,"player_choice":"AGREE","damage_taken":0,"max_hp_gain":0,"max_hp_loss":0,"event_name":"Liars Game","floor":3,"gold_loss":0,"cards_obtained":["Doubt"]},{"damage_healed":0,"gold_gain":0,"player_choice":"Entered Light","damage_taken":16,"max_hp_gain":0,"max_hp_loss":0,"event_name":"Shining Light","floor":5,"gold_loss":0,"cards_upgraded":["Feel No Pain","Strike_R"]},{"damage_healed":0,"gold_gain":0,"player_choice":"Success","damage_taken":12,"relics_obtained":["Mango"],"max_hp_gain":0,"max_hp_loss":0,"event_name":"Scrap Ooze","floor":11,"gold_loss":0},{"damage_healed":0,"gold_gain":0,"player_choice":"Take Damage","damage_taken":24,"relics_obtained":["Golden Idol"],"max_hp_gain":0,"max_hp_loss":0,"event_name":"Golden Idol","floor":14,"gold_loss":0},{"damage_healed":0,"gold_gain":0,"player_choice":"Got Potions","damage_taken":0,"max_hp_gain":0,"max_hp_loss":0,"event_name":"Lab","floor":19,"gold_loss":0},{"damage_healed":0,"gold_gain":0,"player_choice":"Became a vampire","damage_taken":0,"max_hp_gain":0,"max_hp_loss":31,"event_name":"Vampires","floor":24,"gold_loss":0,"cards_obtained":["Bite","Bite","Bite","Bite","Bite"]},{"damage_healed":0,"gold_gain":0,"player_choice":"Opened","damage_taken":0,"relics_obtained":["Toy Ornithopter"],"max_hp_gain":0,"max_hp_loss":0,"event_name":"The Mausoleum","floor":28,"gold_loss":0,"cards_obtained":["Writhe"]},{"damage_healed":0,"gold_gain":0,"player_choice":"Fight","damage_taken":0,"max_hp_gain":0,"max_hp_loss":0,"event_name":"MindBloom","floor":36,"gold_loss":0},{"cards_removed":["Defend_R"],"damage_healed":0,"gold_gain":0,"player_choice":"Offered Basic","damage_taken":0,"max_hp_gain":0,"max_hp_loss":0,"event_name":"Bonfire Elementals","floor":38,"gold_loss":0}],"is_beta":false,"boss_relics":[{"not_picked":["SlaversCollar","Empty Cage"],"picked":"Black Star"},{"not_picked":["Velvet Choker","Pandora\u0027s Box"],"picked":"Black Blood"}],"items_purged_floors":[13,29],"is_endless":false,"potions_floor_spawned":[1,8,16,18,31,33,35,39],"killed_by":"Reptomancer","ascension_level":8}}