{"host":"cb9xh4d0ss8ax8yb","time":1613046733,"event":{"mods":["100% Spire Juice","BaseMod","Good Game Mod","Jess\u0027s Bottle","Minty Spire (QoL Compilation)","StSLib","The Dragon Tamer","The Gatherer"],"gold_per_floor":[118,73,83,100,116,116,116],"floor_reached":6,"language":"KOR","playtime":234,"items_purged":[],"score":49,"play_id":"29c79fa0-d145-4aca-b802-5909f7c1fef8","local_time":"20210211213213","is_ascension_mode":true,"campfire_choices":[],"circlet_count":0,"master_deck":["Moonworks:Strike","Moonworks:Strike","Moonworks:Strike","Moonworks:Strike","Moonworks:Defend","Moonworks:Defend","Moonworks:Defend","Moonworks:Defend","Moonworks:Ambush","Moonworks:LongDistanceShot","DTMod:OpeningTactic","Moonworks:FullSpeedAlicianrone","Moonworks:NicePresent","Moonworks:DeployBits"],"relics":["Moonworks:BrokenBomb","Moonworks:Homemark","REME:ComplimentaryCards"],"acts_visited":["Exordium"],"potions_floor_usage":[6],"damage_taken":[{"damage":2,"enemies":"Small Slimes","floor":1,"turns":3},{"damage":12,"enemies":"Jaw Worm","floor":3,"turns":3},{"damage":0,"enemies":"Cultist","floor":4,"turns":3},{"damage":14,"enemies":"Blue Slaver","floor":5,"turns":3},{"damage":26,"enemies":"Lagavulin","floor":6,"turns":5}],"seed_played":"-3871444780388205772","potions_obtained":[{"floor":1,"key":"LiquidBronze"}],"is_trial":false,"path_per_floor":["M","?","M","M","M","E"],"character_chosen":"THE_STARBREAKER","items_purchased":[],"campfire_rested":0,"item_purchase_floors":[],"current_hp_per_floor":[58,47,35,35,21,0,0],"gold":116,"neow_bonus":"TEN_PERCENT_HP_BONUS","is_daily":false,"chose_seed":false,"campfire_upgraded":0,"win_rate":0.0,"timestamp":1613046733,"path_taken":["M","?","M","M","M","E"],"items_purchased_type":[],"build_version":"2020-12-22","purchased_purges":0,"victory":false,"max_hp_per_floor":[66,66,66,66,66,66,66],"card_choices":[{"not_picked":["Moonworks:BigMagnum","Moonworks:CloudOfSeagulls"],"picked":"Moonworks:FullSpeedAlicianrone","floor":1},{"not_picked":["Moonworks:DevilHand","Moonworks:CloudOfSeagulls"],"picked":"Moonworks:NicePresent","floor":3},{"not_picked":["Moonworks:JonathanRush","Moonworks:BeyondHell","Moonworks:CloudOfSeagulls"],"picked":"SKIP","floor":4},{"not_picked":["Moonworks:MeltingMemories","Moonworks:ExtendedPhotonRifle"],"picked":"Moonworks:DeployBits","floor":5}],"player_experience":467168,"relics_obtained":[],"event_choices":[{"damage_healed":0,"gold_gain":75,"player_choice":"Gather Gold","damage_taken":11,"max_hp_gain":0,"max_hp_loss":0,"event_name":"World of Goop","floor":2,"gold_loss":0}],"is_beta":false,"boss_relics":[],"items_purged_floors":[],"is_endless":false,"potions_floor_spawned":[1],"killed_by":"Lagavulin","ascension_level":6}}