{"host":"YagamiMirai","time":1613065644,"event":{"mods":["Act Like it!","Alarm Clock","BaseMod","Conspire","Downfall","Hermit","Lobotomy","Minty Spire (QoL Compilation)","Reliquary","Replay The Spire","Robot Space Explorer","Spicy Shops","StSLib","The Dragon Tamer","The Gatherer","The Mystic","TheHeartMod","Wide Potions","¡¾ÒÅÎï¿¨ÅÆ¡¿REMEMod","óô»ðÖ¸ÄÏ"],"gold_per_floor":[115,115,42,102,121,121,156,156,204,238,251,281,281,297,297,297,297,297],"floor_reached":16,"language":"ZHS","playtime":1080,"items_purged":[],"score":193,"play_id":"0a6c6f53-85d1-4b25-8a5f-cd0dcb991cca","local_time":"20210212014724","is_ascension_mode":false,"metric_token":1303,"campfire_choices":[{"data":"Feed","floor":6,"key":"SMITH"},{"floor":13,"key":"REST"},{"data":"DTMod:Inferno","floor":15,"key":"SMITH"}],"dtmod_dragon_data":[16,50,-1,-1,0,0],"circlet_count":0,"master_deck":["DTMod:Strike","DTMod:Strike+1","DTMod:Strike","DTMod:Strike","DTMod:DoubleHit+1","DTMod:TargetDefense","DTMod:TargetDefense","DTMod:TargetDefense","DTMod:TargetDefense","DTMod:SwitchingTactic","Feed+1","DTMod:BreakAttack+1","CrumblingArmor","DTMod:FlameSlash","MHz","DTMod:Inferno+1","RedShoes","SingingMachine","DTMod:Cover","VoidDream","DTMod:MagiciansMark","Laetitia","DTMod:ShieldDrain","SpiderBud","DTMod:QuickFly"],"relics":["DTMod:PactStone","REME_ComplimentaryCards","CogitoBucket","Oddly Smooth Stone","Darkstone Periapt","conspire:TopHat","Garlic","Anchor","LuminousBracelet"],"acts_visited":["Exordium"],"potions_floor_usage":[12],"damage_taken":[{"damage":0,"enemies":"Small Slimes","floor":1,"turns":3},{"damage":0,"enemies":"2 Louse","floor":5,"turns":2},{"damage":41,"enemies":"Lagavulin","floor":7,"turns":7},{"damage":0,"enemies":"Gremlin Nob","floor":10,"turns":3},{"damage":0,"enemies":"Jaw Worm","floor":11,"turns":4},{"damage":0,"enemies":"Lagavulin","floor":12,"turns":4},{"damage":0,"enemies":"3 Louse","floor":14,"turns":5},{"damage":54,"enemies":"Fading Forest","floor":16,"turns":8}],"seed_played":"3211210968264746946","potions_obtained":[{"floor":7,"key":"Fire Potion"},{"floor":12,"key":"FearPotion"},{"floor":14,"key":"Elixir"}],"is_trial":false,"path_per_floor":["M","?","$","?","M","R","E","?","T","E","M","E","R","M","R","B"],"character_chosen":"THE_DT","items_purchased":["Oddly Smooth Stone"],"campfire_rested":1,"item_purchase_floors":[3],"current_hp_per_floor":[48,48,48,48,51,51,14,3,3,3,3,3,19,38,38,0,0,0],"gold":297,"neow_bonus":"","is_daily":false,"chose_seed":false,"campfire_upgraded":2,"win_rate":0.0,"timestamp":1613065644,"path_taken":["M","?","$","?","M","R","E","?","T","E","M","E","R","M","R","BOSS"],"items_purchased_type":["Relic"],"build_version":"2020-12-18","purchased_purges":0,"victory":false,"max_hp_per_floor":[48,48,48,48,51,51,55,55,55,55,55,55,55,74,74,74,74,74],"card_choices":[{"not_picked":["DTMod:BuildUp","DTMod:Adaptation"],"picked":"DTMod:BreakAttack","floor":1},{"not_picked":["PunishingBird","OldLady"],"picked":"CrumblingArmor","floor":1},{"not_picked":["DTMod:MagicField","DTMod:BizarreTactic"],"picked":"DTMod:FlameSlash","floor":5},{"not_picked":["Murderer","Wellcheers"],"picked":"MHz","floor":5},{"not_picked":["DTMod:Feint","DTMod:TagTeam"],"picked":"DTMod:Inferno","floor":7},{"not_picked":["WhitesApple","UniverseFragment"],"picked":"RedShoes","floor":7},{"not_picked":["Porccubus","BeautyBeast"],"picked":"SingingMachine","floor":10},{"not_picked":["DTMod:Shift","DTMod:Dissolve"],"picked":"DTMod:Cover","floor":10},{"not_picked":["Murderer","LittleHelper"],"picked":"VoidDream","floor":11},{"not_picked":["DTMod:RecklessFlurry","DTMod:BuildUp"],"picked":"DTMod:MagiciansMark","floor":11},{"not_picked":["HappyTeddy","WallGazer"],"picked":"Laetitia","floor":12},{"not_picked":["DTMod:QuickFly","DTMod:Dissolve"],"picked":"DTMod:ShieldDrain","floor":12},{"not_picked":["LittleHelper","QueenBee"],"picked":"SpiderBud","floor":14},{"not_picked":["DTMod:CleansingStrike","DTMod:MasterPlan"],"picked":"DTMod:QuickFly","floor":14}],"player_experience":981923,"relics_obtained":[{"floor":7,"key":"Darkstone Periapt"},{"floor":9,"key":"conspire:TopHat"},{"floor":10,"key":"Garlic"},{"floor":12,"key":"Anchor"}],"event_choices":[{"damage_healed":0,"gold_gain":60,"player_choice":"Gained Gold","damage_taken":0,"max_hp_gain":0,"max_hp_loss":0,"event_name":"Golden Wing","floor":4,"gold_loss":0},{"damage_healed":0,"gold_gain":0,"player_choice":"Entered Light","damage_taken":11,"max_hp_gain":0,"max_hp_loss":0,"event_name":"Shining Light","floor":8,"gold_loss":0,"cards_upgraded":["DTMod:Strike","DTMod:DoubleHit"]}],"is_beta":true,"boss_relics":[],"items_purged_floors":[],"is_endless":false,"potions_floor_spawned":[7,12,14],"killed_by":"Fading Forest","ascension_level":0}}