{"host":"sobjo4rml6cot8rh","time":1613084321,"event":{"mods":["BaseMod","Bestiary","Colored Map","Colored Powertips","Dark Map","Marisa????????","Minty Spire (QoL Compilation)","Quick Restart","Random Character Button","StSLib","The Alterego","Waifu the Spire"],"gold_per_floor":[118,132,41,54,66,66,101,101,101,136,136,164,164,182,182,287,287,299,318,330,48,59,59,59,90,90,107,107,107,119,39,39,135,135,154,154,154,154,173,173,203,203,203,213,228,241,241,241,241],"floor_reached":48,"language":"ENG","playtime":2092,"items_purged":["Strike_R"],"score":578,"play_id":"823d070e-6d5d-49a0-b4b6-5c74c51612b9","local_time":"20210211175841","is_ascension_mode":true,"campfire_choices":[{"data":"Body Slam","floor":6.0,"key":"SMITH"},{"data":"Flame Barrier","floor":8.0,"key":"SMITH"},{"floor":13.0,"key":"REST"},{"data":"Bash","floor":15.0,"key":"SMITH"},{"floor":23.0,"key":"REST"},{"floor":32.0,"key":"REST"},{"floor":40,"key":"REST"},{"data":"Barricade","floor":42,"key":"SMITH"},{"floor":47,"key":"RECALL"}],"circlet_count":0,"master_deck":["Strike_R+1","Defend_R+1","Defend_R+1","Defend_R+1","Bash+1","Entrench+1","Impervious+1","Impervious+1","Flame Barrier+1","Carnage","Body Slam+1","True Grit+1","Sentinel","Limit Break","Impervious","Impervious","Barricade+1","Panacea","Double Tap","Shrug It Off+1"],"relics":["Astrolabe","Juzu Bracelet","The Courier","StoneCalendar","War Paint","SacredBark","Pen Nib","Mercury Hourglass","Regal Pillow","Bottled Lightning","Runic Dome","StrikeDummy","Frozen Egg 2"],"acts_visited":["Exordium","TheCity","TheBeyond"],"potions_floor_usage":[41,41],"damage_taken":[{"damage":0.0,"enemies":"Small Slimes","floor":1.0,"turns":7.0},{"damage":0.0,"enemies":"2 Louse","floor":2.0,"turns":2.0},{"damage":1.0,"enemies":"Cultist","floor":4.0,"turns":3.0},{"damage":30.0,"enemies":"Large Slime","floor":5.0,"turns":13.0},{"damage":4.0,"enemies":"3 Sentries","floor":7.0,"turns":7.0},{"damage":5.0,"enemies":"Lagavulin","floor":10.0,"turns":6.0},{"damage":13.0,"enemies":"3 Sentries","floor":12.0,"turns":7.0},{"damage":0.0,"enemies":"3 Louse","floor":14.0,"turns":3.0},{"damage":1.0,"enemies":"The Guardian","floor":16.0,"turns":8.0},{"damage":6.0,"enemies":"Chosen","floor":18.0,"turns":4.0},{"damage":10.0,"enemies":"Spheric Guardian","floor":19.0,"turns":7.0},{"damage":22.0,"enemies":"Cultist and Chosen","floor":20.0,"turns":7.0},{"damage":6.0,"enemies":"Sentry and Sphere","floor":22.0,"turns":7.0},{"damage":12.0,"enemies":"Book of Stabbing","floor":25.0,"turns":7.0},{"damage":9.0,"enemies":"Chosen and Byrds","floor":27.0,"turns":7.0},{"damage":2.0,"enemies":"Centurion and Healer","floor":30.0,"turns":7.0},{"damage":19.0,"enemies":"Collector","floor":33.0,"turns":9.0},{"damage":17.0,"enemies":"Orb Walker","floor":35.0,"turns":6.0},{"damage":32,"enemies":"3 Shapes","floor":39,"turns":7},{"damage":31,"enemies":"Reptomancer","floor":41,"turns":9},{"damage":0,"enemies":"Jaw Worm Horde","floor":44,"turns":7},{"damage":9,"enemies":"3 Darklings","floor":45,"turns":7},{"damage":0,"enemies":"4 Shapes","floor":46,"turns":7},{"damage":43,"enemies":"Nemesis","floor":48,"turns":4}],"seed_played":"-2024441093750487144","potions_obtained":[{"floor":4.0,"key":"SteroidPotion"},{"floor":5.0,"key":"HeartOfIron"},{"floor":10.0,"key":"Block Potion"},{"floor":14.0,"key":"Weak Potion"},{"floor":18.0,"key":"Swift Potion"},{"floor":25.0,"key":"EssenceOfSteel"},{"floor":30.0,"key":"PowerPotion"},{"floor":35.0,"key":"Explosive Potion"},{"floor":45,"key":"Dexterity Potion"}],"is_trial":false,"path_per_floor":["M","M","$","M","M","R","E","R","T","E","?","E","R","M","R","B",null,"M","M","M","$","M","R","?","E","T","M","?","?","M","$","R","B",null,"M","?","T","?","M","R","E","R","T","M","M","M","R","E"],"character_chosen":"IRONCLAD","items_purchased":["Flame Barrier","AttackPotion","Impervious","Pen Nib","SkillPotion","Dexterity Potion"],"campfire_rested":4,"item_purchase_floors":[3,3,21,21,31,31],"current_hp_per_floor":[80,80,80,79,49,49,45,45,45,40,45,32,57,57,57,56,85,79,69,47,47,41,66,66,54,54,45,45,45,43,43,83,64,85,68,68,68,68,36,76,45,45,45,45,36,36,36,0,0],"gold":241,"neow_bonus":"BOSS_RELIC","is_daily":false,"chose_seed":false,"campfire_upgraded":4,"win_rate":0.0,"timestamp":1613084321,"path_taken":["M","M","$","M","M","R","E","R","T","E","?","E","R","M","R","BOSS","M","M","M","$","M","R","?","E","T","M","?","?","M","$","R","BOSS","M","?","?","?","M","R","E","R","T","M","M","M","R","E"],"items_purchased_type":["Card","Potion","Card","Relic","Potion","Potion"],"build_version":"2020-12-22","purchased_purges":1,"victory":false,"max_hp_per_floor":[80,80,80,80,80,80,80,80,80,80,85,85,85,85,85,85,85,85,85,85,85,85,85,85,85,85,85,85,85,85,85,85,85,85,85,85,85,85,85,85,85,85,85,85,85,85,85,85,85],"card_choices":[{"not_picked":["Pommel Strike","Headbutt","Shrug It Off"],"picked":"SKIP","floor":1.0},{"not_picked":["Clothesline","Sword Boomerang","Pommel Strike"],"picked":"SKIP","floor":2.0},{"not_picked":["Dual Wield","Dark Embrace"],"picked":"Carnage","floor":4.0},{"not_picked":["Cleave","Twin Strike"],"picked":"Body Slam","floor":5.0},{"not_picked":["True Grit","Anger","Warcry"],"picked":"SKIP","floor":7.0},{"not_picked":["Heavy Blade","Rupture"],"picked":"True Grit","floor":10.0},{"not_picked":["Uppercut","Reaper"],"picked":"Sentinel","floor":12.0},{"not_picked":["Feel No Pain","Iron Wave","Anger"],"picked":"SKIP","floor":14.0},{"not_picked":["Bludgeon","Feed"],"picked":"Limit Break","floor":16.0},{"not_picked":["Seeing Red","Clash","Second Wind"],"picked":"SKIP","floor":18.0},{"not_picked":["Warcry","Anger+1","Sword Boomerang"],"picked":"SKIP","floor":19.0},{"not_picked":["Cleave","Iron Wave","Entrench"],"picked":"SKIP","floor":20.0},{"not_picked":["True Grit","Clothesline","Iron Wave"],"picked":"SKIP","floor":22.0},{"not_picked":["Infernal Blade+1","Burning Pact+1"],"picked":"Impervious","floor":25.0},{"not_picked":["Rampage","Dual Wield","Clothesline"],"picked":"SKIP","floor":27.0},{"not_picked":["Thunderclap+1","Perfected Strike","Clothesline"],"picked":"SKIP","floor":30.0},{"not_picked":["Limit Break","Juggernaut"],"picked":"Barricade","floor":33.0},{"not_picked":["Carnage","Ghostly Armor+1","Pommel Strike"],"picked":"SKIP","floor":35.0},{"not_picked":["Madness","Deep Breath"],"picked":"Panacea","floor":36.0},{"not_picked":["Power Through","Dark Embrace"],"picked":"Shrug It Off+1","floor":39},{"not_picked":["Clothesline+1","Sword Boomerang+1","Twin Strike"],"picked":"SKIP","floor":41},{"not_picked":["Clothesline+1","Havoc","Headbutt"],"picked":"SKIP","floor":44},{"not_picked":["Twin Strike","Clash+1","Sword Boomerang"],"picked":"SKIP","floor":45},{"not_picked":["Rupture+1","Thunderclap","Pommel Strike"],"picked":"SKIP","floor":46}],"player_experience":1157407,"relics_obtained":[{"floor":7.0,"key":"Juzu Bracelet"},{"floor":9.0,"key":"The Courier"},{"floor":10.0,"key":"StoneCalendar"},{"floor":12.0,"key":"War Paint"},{"floor":25.0,"key":"Regal Pillow"},{"floor":26.0,"key":"Bottled Lightning"},{"floor":41,"key":"StrikeDummy"},{"floor":43,"key":"Frozen Egg 2"}],"event_choices":[{"damage_healed":0.0,"max_hp_gain":5.0,"max_hp_loss":0.0,"gold_gain":0.0,"event_name":"Big Fish","player_choice":"Donut","floor":11.0,"gold_loss":0.0,"damage_taken":0.0},{"damage_healed":0.0,"max_hp_gain":0.0,"max_hp_loss":0.0,"gold_gain":0.0,"event_name":"WeMeetAgain","player_choice":"Gave Potion","floor":24.0,"gold_loss":0.0,"damage_taken":0.0,"relics_obtained":["Mercury Hourglass"]},{"damage_healed":0.0,"max_hp_gain":0.0,"max_hp_loss":0.0,"gold_gain":0.0,"event_name":"Ghosts","player_choice":"Ignored","floor":28.0,"gold_loss":0.0,"damage_taken":0.0},{"damage_healed":0.0,"max_hp_gain":0.0,"max_hp_loss":0.0,"gold_gain":0.0,"event_name":"Back to Basics","player_choice":"Simplicity","floor":29.0,"gold_loss":0.0,"damage_taken":0.0,"cards_upgraded":["Strike_R","Strike_R","Defend_R","Defend_R"]},{"damage_healed":0.0,"max_hp_gain":0.0,"max_hp_loss":0.0,"gold_gain":0.0,"event_name":"SensoryStone","player_choice":"Memory 1","floor":36.0,"gold_loss":0.0,"damage_taken":0.0},{"damage_healed":0,"gold_gain":0,"cards_transformed":["Strike_R"],"player_choice":"Transformed","damage_taken":0,"max_hp_gain":0,"max_hp_loss":0,"event_name":"Transmorgrifier","floor":38,"gold_loss":0,"cards_obtained":["Double Tap"]}],"is_beta":false,"boss_relics":[{"not_picked":["Busted Crown","Velvet Choker"],"picked":"SacredBark"},{"not_picked":["Tiny House","Cursed Key"],"picked":"Runic Dome"}],"items_purged_floors":[21],"is_endless":false,"potions_floor_spawned":[4,5,10,14,18,25,30,35,45],"killed_by":"Nemesis","ascension_level":1}}