{"host":"o9lehcdjc4u6j9un","time":1613053187,"event":{"mods":["Aspiration","BaseMod","Better-Laid Plans","Colored Map","Downfall","Gremlin Mod","Hermit","Marisa£®ÏF”Í°°ƒß¿Ì…≥£©","Minty Spire (QoL Compilation)","Reimu£®≤©¿ˆ¡È√Œ£©","Remilia£®¿Ÿ√◊¿Ú—«£©","StSLib","The Alterego","The Hierophant","The Runesmith","The Senshi","The Servant 0.9.4","Yakumo Yukari mod","Youmu£®ªÍ∆«—˝√Œ£©","≤–¡Ù÷ÆŒÔ"],"gold_per_floor":[115,129,31,47,47,78,78,107,180,180,6,18,18,33,33,134,134,161,207,271,31,101,101,163,163,186,251,297,360,58,211,211,368,418,464,570,154,218,290,368,368,455,532,182,249,295,295,403,403,383,383,383,4,87,67],"floor_reached":56,"language":"ZHS","playtime":4698,"items_purged":["hierophant:Strike_Hierophant","hierophant:Strike_Hierophant","hierophant:Strike_Hierophant","hierophant:Strike_Hierophant","hierophant:Defend_Hierophant","hierophant:Defend_Hierophant+1","hierophant:Defend_Hierophant"],"score":1382,"play_id":"c105bb79-33b4-446e-8f57-84961abd73e6","local_time":"20210211221947","is_ascension_mode":false,"campfire_choices":[{"floor":7,"key":"REST"},{"floor":10,"key":"RECALL"},{"data":"hierophant:ChurchCoffers","floor":13,"key":"SMITH"},{"data":"hierophant:Patience","floor":15,"key":"SMITH"},{"floor":23,"key":"REST"},{"floor":32,"key":"REST"},{"floor":41,"key":"REST"},{"floor":47,"key":"REST"},{"data":"hierophant:Smite","floor":49,"key":"SMITH"},{"data":"hierophant:Smite","floor":52,"key":"SMITH"}],"circlet_count":0,"master_deck":["hierophant:Punish+1","hierophant:Defend_Hierophant","hierophant:ChurchCoffers+1","hierophant:Racketeering","hierophant:RepressedViolence","hierophant:ThreeLashes","hierophant:Zeal","hierophant:Encroach","hierophant:Martyrdom","hierophant:Sermon","hierophant:ThreeLashes","hierophant:Patience+1","hierophant:Zeal+1","hierophant:BulkyChest","hierophant:Smite+1","hierophant:PassingBell","hierophant:Smite+1","hierophant:Exaltation","hierophant:SealAway+1","hierophant:Sermon+1","hierophant:Smite+1","hierophant:OrnateBuckler","hierophant:Exaltation","hierophant:MorningPrayer","hierophant:SealAway","hierophant:Batter","hierophant:PristineSoul+1","hierophant:PristineSoul","hierophant:Kindle","hierophant:Smite+1","hierophant:Smite+1","hierophant:FaithHealing","hierophant:Martyrdom","hierophant:FieryStrike+1","hierophant:HolyVerse+1","hierophant:HammerAndAnvil","hierophant:Smite+1","hierophant:Alms","hierophant:Martyrdom+1","hierophant:ArchangelShield+1","hierophant:Zeal+1","hierophant:FlamingChariot+1","hierophant:Upheaval+1","hierophant:Patience","hierophant:HammerAndAnvil+1"],"relics":["hierophant:PropheticMaskRelic","Blood Vial","Pen Nib","Dream Catcher","AntiCross","sneckomod:SneckoTalon","Toy Ornithopter","Anchor","CrazyTorch:ReiMu","Centennial Puzzle","CaptainsWheel","Molten Egg 2","Tiny House","CatCart","War Paint","aspiration:HatOfInfinitePower","Whetstone","Orrery","FossilizedHelix","Bag of Marbles","Bronze Scales"],"acts_visited":["Exordium","TheCity","TheBeyond","TheEnding"],"potions_floor_usage":[6,16,16,19,27,31,33,35,35,40,50,55,55],"damage_taken":[{"damage":1,"enemies":"Cultist","floor":1,"turns":4},{"damage":6,"enemies":"Jaw Worm","floor":2,"turns":5},{"damage":0,"enemies":"Small Slimes","floor":4,"turns":3},{"damage":27,"enemies":"Gremlin Nob","floor":6,"turns":4},{"damage":15,"enemies":"3 Sentries","floor":8,"turns":8},{"damage":2,"enemies":"3 Louse","floor":12,"turns":3},{"damage":3,"enemies":"Exordium Wildlife","floor":14,"turns":2},{"damage":21,"enemies":"Hexaghost","floor":16,"turns":5},{"damage":2,"enemies":"Chosen","floor":18,"turns":4},{"damage":8,"enemies":"2 Thieves","floor":19,"turns":2},{"damage":44,"enemies":"Snecko","floor":20,"turns":6},{"damage":26,"enemies":"Snake Plant","floor":22,"turns":3},{"damage":9,"enemies":"Slavers","floor":24,"turns":2},{"damage":2,"enemies":"Shelled Parasite and Fungi","floor":27,"turns":2},{"damage":0,"enemies":"Cultist and Chosen","floor":28,"turns":4},{"damage":0,"enemies":"Gremlin Leader","floor":29,"turns":4},{"damage":0,"enemies":"Colosseum Slavers","floor":31,"turns":1},{"damage":18,"enemies":"Colosseum Nobs","floor":31,"turns":4},{"damage":22,"enemies":"Collector","floor":33,"turns":6},{"damage":13,"enemies":"3 Darklings","floor":35,"turns":5},{"damage":5,"enemies":"Orin","floor":36,"turns":1},{"damage":0,"enemies":"3 Shapes","floor":38,"turns":3},{"damage":0,"enemies":"Writhing Mass","floor":39,"turns":2},{"damage":39,"enemies":"Nemesis","floor":40,"turns":5},{"damage":0,"enemies":"Giant Head","floor":42,"turns":5},{"damage":20,"enemies":"Transient","floor":45,"turns":5},{"damage":0,"enemies":"4 Shapes","floor":46,"turns":3},{"damage":11,"enemies":"2 Orb Walkers","floor":48,"turns":2},{"damage":19,"enemies":"Time Eater","floor":50,"turns":3},{"damage":0,"enemies":"Shield and Spear","floor":54,"turns":3},{"damage":83,"enemies":"The Heart","floor":55,"turns":8}],"seed_played":"6089333143385611244","potions_obtained":[{"floor":1,"key":"SpeedPotion"},{"floor":5,"key":"SmokeBomb"},{"floor":5,"key":"SkillPotion"},{"floor":6,"key":"Swift Potion"},{"floor":14,"key":"ColorlessPotion"},{"floor":19,"key":"FearPotion"},{"floor":24,"key":"ColorlessPotion"},{"floor":28,"key":"Guardian:BlockOnCardUsePotion"},{"floor":29,"key":"Block Potion"},{"floor":31,"key":"Swift Potion"},{"floor":33,"key":"EssenceOfSteel"},{"floor":35,"key":"champ:CounterPotion"},{"floor":42,"key":"PowerPotion"}],"is_trial":false,"path_per_floor":["M","M","$","M","?","E","R","E","T","R","$","M","R","M","R","B",null,"M","M","M","$","M","R","E","?","T","M","M","E","$","?","R","B",null,"M","?","$","M","M","E","R","E","T","$","M","M","R","?","R","B",null,"R","$","E","B",null],"character_chosen":"HIEROPHANT","items_purchased":["hierophant:ThreeLashes","hierophant:Sermon","hierophant:ThreeLashes","hierophant:Exaltation","hierophant:SealAway","Centennial Puzzle","hierophant:Martyrdom","War Paint","BlessingOfTheForge","Orrery","Bag of Marbles"],"campfire_rested":5,"item_purchase_floors":[3,11,11,21,21,30,37,37,37,44,53],"current_hp_per_floor":[74,69,69,71,71,46,68,55,55,55,55,55,55,54,54,35,75,73,67,25,25,1,23,16,16,16,21,23,25,25,16,38,23,80,67,64,64,66,68,36,60,62,62,62,44,46,70,61,61,49,80,80,80,80,74],"gold":67,"neow_bonus":"RANDOM_COMMON_RELIC","is_daily":false,"chose_seed":false,"campfire_upgraded":4,"win_rate":0.0,"timestamp":1613053187,"path_taken":["M","?","$","M","?","E","R","E","T","R","$","M","R","M","R","BOSS","M","M","M","$","M","R","E","?","T","M","M","E","?","?","R","BOSS","M","?","$","M","M","E","R","E","T","$","M","M","R","?","R","BOSS","R","$","E","BOSS"],"items_purchased_type":["Card","Card","Card","Card","Card","Relic","Card","Relic","Potion","Relic","Relic"],"build_version":"2020-12-22","purchased_purges":7,"victory":true,"max_hp_per_floor":[75,75,75,75,75,75,75,75,75,75,75,75,75,75,75,75,75,75,75,75,75,75,75,75,75,75,75,75,75,75,75,75,75,80,80,80,80,80,80,80,80,80,80,80,80,80,80,80,80,80,80,80,80,80,80],"card_choices":[{"not_picked":["hierophant:Blessing","hierophant:AuricShield"],"picked":"hierophant:Racketeering","floor":1},{"not_picked":["hierophant:Chorus","hierophant:SolarFlare"],"picked":"hierophant:RepressedViolence","floor":2},{"not_picked":["hierophant:Sermon","hierophant:Rebuild"],"picked":"hierophant:Zeal","floor":4},{"not_picked":["hierophant:SealAway","hierophant:MorningPrayer"],"picked":"hierophant:Encroach","floor":6},{"not_picked":["hierophant:Doubloon","hierophant:FieryStrike"],"picked":"hierophant:Martyrdom","floor":8},{"not_picked":["hierophant:Doubloon","hierophant:RepressedViolence"],"picked":"hierophant:Patience","floor":12},{"not_picked":["hierophant:FlamingChariot","hierophant:Determination"],"picked":"hierophant:Zeal","floor":14},{"not_picked":["hierophant:Levitation","hierophant:DivineIntervention"],"picked":"hierophant:BulkyChest","floor":16},{"not_picked":["hierophant:Prophecy+1","hierophant:Sermon"],"picked":"hierophant:Smite","floor":18},{"not_picked":["hierophant:MintersHammer","hierophant:Purify"],"picked":"hierophant:PassingBell","floor":19},{"not_picked":["hierophant:Chorus+1","hierophant:MorningPrayer"],"picked":"hierophant:Smite+1","floor":20},{"not_picked":["hierophant:Remorse+1","hierophant:CoinFling+1"],"picked":"hierophant:Sermon","floor":22},{"not_picked":["hierophant:Shelter","hierophant:RustyCrate"],"picked":"hierophant:Smite","floor":23},{"not_picked":["hierophant:Patience+1","hierophant:MorningPrayer+1"],"picked":"hierophant:OrnateBuckler","floor":24},{"not_picked":["hierophant:Patience","hierophant:RustyCrate"],"picked":"hierophant:MorningPrayer","floor":27},{"not_picked":["hierophant:Smite","hierophant:HolyVerse"],"picked":"hierophant:SealAway","floor":28},{"not_picked":["hierophant:EyeForCoin","hierophant:RepressedViolence"],"picked":"hierophant:Batter","floor":29},{"not_picked":["hierophant:Martyrdom+1","hierophant:HolyVerse"],"picked":"hierophant:PristineSoul+1","floor":31},{"not_picked":["hierophant:Patience","hierophant:DisplayOfPower+1"],"picked":"hierophant:PristineSoul","floor":32},{"not_picked":["hierophant:WrathOfGod+1","hierophant:Batter+1"],"picked":"hierophant:Kindle","floor":33},{"not_picked":["hierophant:Shelter","hierophant:Empathy"],"picked":"hierophant:Smite+1","floor":34},{"not_picked":["hierophant:RepressedViolence+1","hierophant:MirrorShield"],"picked":"hierophant:Smite+1","floor":35},{"not_picked":["hierophant:DisplayOfPower+1","hierophant:Remorse+1"],"picked":"hierophant:FaithHealing","floor":36},{"not_picked":["hierophant:Zeal+1","hierophant:DivineIntervention"],"picked":"hierophant:FieryStrike+1","floor":38},{"not_picked":["hierophant:DisplayOfPower+1","hierophant:Alms"],"picked":"hierophant:HolyVerse+1","floor":39},{"not_picked":["hierophant:EyeForCoin+1","hierophant:Shelter"],"picked":"hierophant:HammerAndAnvil","floor":40},{"not_picked":["hierophant:DisplayOfPower+1","hierophant:Rebuild+1","hierophant:Remorse+1"],"picked":"SKIP","floor":42},{"not_picked":["hierophant:Empathy","hierophant:RepressedViolence+1"],"picked":"hierophant:Smite+1","floor":44},{"not_picked":["hierophant:DisplayOfPower+1","hierophant:Embezzle"],"picked":"hierophant:Alms","floor":44},{"not_picked":["hierophant:Remorse+1","hierophant:Doubloon+1"],"picked":"hierophant:Martyrdom+1","floor":44},{"not_picked":["hierophant:MirrorShield+1","hierophant:OrnateJavelin+1"],"picked":"hierophant:ArchangelShield+1","floor":44},{"not_picked":["hierophant:Remorse+1","hierophant:AuricBeam+1"],"picked":"hierophant:Zeal+1","floor":45},{"not_picked":["hierophant:Bribe","hierophant:RepressedViolence+1"],"picked":"hierophant:FlamingChariot+1","floor":46},{"not_picked":["hierophant:Generosity","hierophant:Doubloon+1"],"picked":"hierophant:Upheaval+1","floor":47},{"not_picked":["hierophant:HolyVerse","hierophant:Embezzle+1"],"picked":"hierophant:Patience","floor":48},{"not_picked":["hierophant:SealAway+1","hierophant:Alms+1"],"picked":"hierophant:HammerAndAnvil+1","floor":54}],"player_experience":247221,"relics_obtained":[{"floor":6,"key":"Pen Nib"},{"floor":8,"key":"Dream Catcher"},{"floor":9,"key":"AntiCross"},{"floor":24,"key":"Toy Ornithopter"},{"floor":26,"key":"Anchor"},{"floor":29,"key":"CrazyTorch:ReiMu"},{"floor":31,"key":"CaptainsWheel"},{"floor":31,"key":"Molten Egg 2"},{"floor":36,"key":"CatCart"},{"floor":40,"key":"aspiration:HatOfInfinitePower"},{"floor":42,"key":"Whetstone"},{"floor":48,"key":"FossilizedHelix"},{"floor":54,"key":"Bronze Scales"}],"event_choices":[{"damage_healed":0,"gold_gain":0,"player_choice":"Got Potions","damage_taken":0,"max_hp_gain":0,"max_hp_loss":0,"event_name":"Lab","floor":5,"gold_loss":0},{"damage_healed":0,"gold_gain":0,"player_choice":"Copied","damage_taken":0,"max_hp_gain":0,"max_hp_loss":0,"event_name":"Duplicator","floor":25,"gold_loss":0,"cards_obtained":["hierophant:Exaltation"]},{"damage_healed":0,"gold_gain":0,"player_choice":"Fight","damage_taken":0,"max_hp_gain":0,"max_hp_loss":0,"event_name":"Colosseum","floor":31,"gold_loss":0},{"damage_healed":0,"gold_gain":0,"player_choice":"Fought Nobs","damage_taken":0,"max_hp_gain":0,"max_hp_loss":0,"event_name":"Colosseum","floor":31,"gold_loss":0},{"damage_healed":0,"gold_gain":0,"player_choice":"Fight","damage_taken":0,"max_hp_gain":0,"max_hp_loss":0,"event_name":"OrinTheCat","floor":36,"gold_loss":0},{"damage_healed":0,"gold_gain":0,"player_choice":"Fight","damage_taken":0,"max_hp_gain":0,"max_hp_loss":0,"event_name":"Mysterious Sphere","floor":48,"gold_loss":0}],"is_beta":false,"boss_relics":[{"not_picked":["Snecko Eye","RedLine:ReiMu"],"picked":"sneckomod:SneckoTalon"},{"not_picked":["Empty Cage","Runic Dome"],"picked":"Tiny House"}],"items_purged_floors":[3,11,21,30,37,44,53],"is_endless":false,"potions_floor_spawned":[1,6,14,19,24,28,29,31,33,35,38,42],"ascension_level":0}}