{"host":"9oysz4knkucnjyyz","time":1613002590,"event":{"mods":["100% Spire Juice","2.2 Compatiblity","A Penny For Your Troubles","Act Like it!","BaseMod","Better Altar","Better Match","Better Note","Better Sensory Stone","Better Skull","Better Third Choice","BetterRewards","Displayed Cursed Tome","Downfall","Friendly Minions","Googly Eyes","GungeonMod","Hallownest","Hermit","Lobotomy","LobotomyExtend","Minty Spire (QoL Compilation)","Reliquary","Spicy Shops","Spire Arcade","Spire Birthday Party","StSLib","The Bug Knight","Wide Potions","everything is the same but u backflip on backflip","slay the spire mod where everything is the same but ironclad has a cowboy hat"],"gold_per_floor":[114,133,223,237,247,275,275,275,275,293,311,331,331,345,345,418,418,435,452,452,471,487,487,513,513,513,513,533,544,554,518,531,531,531,608,608,628,643,44,55,70,70,105,122,167,167,167,182,216,216,216,216],"floor_reached":53,"language":"ENG","playtime":2256,"items_purged":[],"score":1852,"play_id":"bfc65318-a74b-468b-9c39-b8e204f2dd2c","local_time":"20210210191630","is_ascension_mode":true,"campfire_choices":[{"floor":51,"key":"RECALL"}],"circlet_count":0,"master_deck":["BlueStar","QueenOfHatred","CENSORED","BigBird","BodiesMountain","LongBird","Mercenary","ApocalypseBird","PunishingBird","SpecialBullet","SpecialBullet","SpecialBullet","SpecialBullet","SpecialBullet","SpecialBullet","SpecialBullet","SpecialBullet","InformationCode","SecurityCode","DisciplinaryCode","CherryBlossom","Twilight+1","FourthMatchFlame","Logging","Variant","GrinderMk4","CherryBlossom","MHz","FieryBird","Scorched","DaCapo","WelfareCode","Wellcheers","OSAHOGD","GoldRush+1","Logging+1","FourthMatchFlame+1","Freischutz","Justitia+1","Justitia+1","GreedKing","DemoMod:Elimentaler+1","OldLady","TheSmile","FourthMatchFlame+1","SingingMachine","ControlCode","Regret_ego","Ecstasy","Mayhem","Bloodbath","TT2Protocol","SnowQueen","SummonCall","WallGazer","Ecstasy+1","BlackArmy","CherryBlossom+1"],"relics":["CogitoBucket","RabbitCall","Membership Card","reliquary:JackalopeAntler","Darkstone Periapt","Shuriken","Nunchaku","Lee\u0027s Waffle","LetterFromLob","reliquary:RosewoodLute","Molten Egg 2","BackwardClock","reliquary:RedCape","Theresia","HonorFeather","Heaven_r","reliquary:NewFriend","BehaviorAdjustment","DemoMod:RatBoots","DemoMod:ResourcefulSack","DemoMod:PartiallyEatenCheese","reliquary:RedPaperclip","Runic Dome","Boot","Happy Flower","HollowMod:LifeEnderRelic","Anchor","Toolbox","Eternal Feather","reliquary:FerryPass","Twilight","reliquary:SilkGlove","WantedRequest","Justitia_r","TheSmile_r","Lamp_r","CENSORED_r","InTheNameOfLoveAndHate_r","SoundOfStar_r"],"acts_visited":["Exordium","TheCity","TheCity","TheBeyond"],"potions_floor_usage":[10,16,18,28],"damage_taken":[{"damage":14,"enemies":"2 Louse","floor":1,"turns":2},{"damage":5,"enemies":"Small Slimes","floor":2,"turns":2},{"damage":0,"enemies":"Jaw Worm","floor":4,"turns":2},{"damage":11,"enemies":"Blue Slaver","floor":5,"turns":3},{"damage":1,"enemies":"Gremlin Nob","floor":6,"turns":3},{"damage":15,"enemies":"Large Slime","floor":10,"turns":4},{"damage":2,"enemies":"Exordium Wildlife","floor":11,"turns":2},{"damage":11,"enemies":"Blue Slaver","floor":12,"turns":3},{"damage":0,"enemies":"Lots of Slimes","floor":14,"turns":1},{"damage":6,"enemies":"Hexaghost","floor":16,"turns":5},{"damage":28,"enemies":"Chosen","floor":18,"turns":5},{"damage":0,"enemies":"Spheric Guardian","floor":19,"turns":1},{"damage":1,"enemies":"Centurion and Healer","floor":20,"turns":1},{"damage":0,"enemies":"Centurion and Healer","floor":20,"turns":1},{"damage":6,"enemies":"Centurion and Healer","floor":21,"turns":2},{"damage":0,"enemies":"Cultist and Chosen","floor":22,"turns":1},{"damage":1,"enemies":"HollowMod:Nosk","floor":24,"turns":2},{"damage":59,"enemies":"DemoMod:4_Bullet_Kins","floor":28,"turns":3},{"damage":7,"enemies":"DemoMod:Veteran_shot_gun_kin_and_red_shotgun_kin","floor":29,"turns":1},{"damage":11,"enemies":"DemoMod:Veteran_shot_gun_kin_and_red_shotgun_kin_with_gunsinger","floor":30,"turns":1},{"damage":3,"enemies":"DemoMod:Veteran_shot_gun_kin_and_blue_shotgun_kin_with_gunsinger","floor":31,"turns":2},{"damage":8,"enemies":"DemoMod:2_Mousers","floor":32,"turns":2},{"damage":28,"enemies":"DemoMod:ResourcefulRat","floor":35,"turns":8},{"damage":0,"enemies":"Orb Walker","floor":37,"turns":1},{"damage":0,"enemies":"3 Darklings","floor":38,"turns":1},{"damage":0,"enemies":"Jaw Worm Horde","floor":40,"turns":1},{"damage":18,"enemies":"Transient","floor":41,"turns":4},{"damage":0,"enemies":"HollowMod:StalkingDevout","floor":43,"turns":2},{"damage":0,"enemies":"Maw","floor":44,"turns":1},{"damage":46,"enemies":"Sphere and 2 Shapes","floor":46,"turns":4},{"damage":36,"enemies":"Sphere and 2 Shapes","floor":48,"turns":3},{"damage":0,"enemies":"Nemesis","floor":49,"turns":1},{"damage":102,"enemies":"FixerMidnight","floor":52,"turns":6},{"damage":18,"enemies":"Malkuth","floor":53,"turns":2},{"damage":49,"enemies":"Netzach","floor":53,"turns":3},{"damage":98,"enemies":"Geburah","floor":53,"turns":5},{"damage":140,"enemies":"Binah","floor":53,"turns":6},{"damage":78,"enemies":"Angela","floor":53,"turns":3}],"seed_played":"6592248170729077276","potions_obtained":[{"floor":3,"key":"LiquidBronze"},{"floor":4,"key":"champ:CounterPotion"},{"floor":10,"key":"DemoMod:LeadSkinPotion"},{"floor":12,"key":"Block Potion"},{"floor":14,"key":"Fire Potion"},{"floor":16,"key":"Explosive Potion"},{"floor":22,"key":"Strength Potion"},{"floor":24,"key":"Fire Potion"},{"floor":35,"key":"Energy Potion"}],"is_trial":false,"path_per_floor":["M","M","?","M","M","E","R","?","T","M","M","M","R","M","R","B",null,"M","M","M","M","M","R","E","R","T","R","M","M","M","M","M","R","B","B",null,"M","M","$","M","M","R","E","M","T","M","R","M","E","?","R","B",null],"character_chosen":"Angela","items_purchased":["Membership Card","reliquary:JackalopeAntler","Darkstone Periapt","Shuriken","CherryBlossom","Nunchaku","DemoMod:GnawedKey","Lee\u0027s Waffle","Mercury Hourglass","DemoMod:BlueGuonStone","Twilight","FourthMatchFlame","Boot","DemoMod:WeirdEgg","Ecstasy","HollowMod:LifeEnderRelic","Anchor","Mayhem","Toolbox"],"campfire_rested":0,"item_purchase_floors":[0,0,0,0,0,0,0,0,0,0,0,0,39,39,39,39,39,39,39],"current_hp_per_floor":[71,77,77,77,74,77,77,77,77,81,81,84,84,89,89,93,93,97,101,101,101,105,105,109,109,109,109,66,67,64,77,85,117,100,120,121,125,125,125,125,129,129,133,137,137,141,141,144,149,149,149,79],"gold":216,"neow_bonus":"","is_daily":false,"chose_seed":false,"campfire_upgraded":0,"win_rate":0.0,"timestamp":1613002590,"path_taken":["M","M","?","M","M","E","R","?","T","M","M","M","R","M","R","BOSS","M","M","M","M","M","R","E","R","T","R","M","M","M","M","M","R","BOSS","BOSS","M","M","$","M","M","R","E","M","T","M","R","M","E","?","R","BOSS"],"items_purchased_type":["Relic","Relic","Relic","Relic","Card","Relic","Relic","Relic","Relic","Relic","Card","Card","Relic","Relic","Card","Relic","Relic","Card","Relic"],"build_version":"2020-12-22","purchased_purges":0,"victory":true,"max_hp_per_floor":[77,77,77,77,77,77,77,77,77,81,81,85,85,89,89,93,93,97,101,101,101,105,105,109,109,109,109,109,109,109,113,117,117,117,121,121,125,125,125,125,129,129,133,137,137,141,141,145,149,149,149,149],"card_choices":[{"not_picked":["CherryBlossoms","VoidDream"],"picked":"QueenOfHatred","floor":1},{"not_picked":["Tough"],"picked":"Logging","floor":1},{"not_picked":["UniverseFragment","Yin"],"picked":"Variant","floor":2},{"not_picked":["Beak"],"picked":"GrinderMk4","floor":2},{"not_picked":["Penitence","GreenStem"],"picked":"SKIP","floor":4},{"not_picked":["SnowQueen","LittleHelper"],"picked":"PunishingBird","floor":5},{"not_picked":["Horn"],"picked":"CherryBlossom","floor":5},{"not_picked":["DespairKnight","BigBadWolf"],"picked":"MHz","floor":6},{"not_picked":["Beak","Pleasure"],"picked":"SKIP","floor":6},{"not_picked":["VoidDream","Wellcheers"],"picked":"FieryBird","floor":10},{"not_picked":["Tough+1","Loneliness"],"picked":"SKIP","floor":10},{"not_picked":["Reverberation+1","CUTE"],"picked":"SKIP","floor":11},{"not_picked":["RedShoes","Bloodbath"],"picked":"Scorched","floor":12},{"not_picked":["Beak+1"],"picked":"DaCapo","floor":12},{"not_picked":["CrumblingArmor","LittleHelper"],"picked":"Wellcheers","floor":14},{"not_picked":["Lantern+1","FeatherOfHonor+1"],"picked":"SKIP","floor":14},{"not_picked":["UniverseFragment","HappyTeddy"],"picked":"OSAHOGD","floor":16},{"not_picked":["SoundOfStar"],"picked":"GoldRush+1","floor":16},{"not_picked":["Rudolta","BlackSwan"],"picked":"Mercenary","floor":18},{"not_picked":["Tough+1"],"picked":"Logging+1","floor":18},{"not_picked":["MeatLantern","ShyLook"],"picked":"BlueStar","floor":19},{"not_picked":["Discord"],"picked":"FourthMatchFlame+1","floor":19},{"not_picked":["Soda","FeatherOfHonor+1"],"picked":"SKIP","floor":21},{"not_picked":["Murderer","RedShoes"],"picked":"Freischutz","floor":22},{"not_picked":["FourthMatchFlame+1"],"picked":"Justitia+1","floor":22},{"not_picked":["SpiderBud","BigBadWolf"],"picked":"BigBird","floor":24},{"not_picked":["BlueScar","Harvest+1"],"picked":"SKIP","floor":24},{"not_picked":["Soda","Discord"],"picked":"SKIP","floor":28},{"not_picked":["FrostShard"],"picked":"Justitia+1","floor":29},{"not_picked":["Noise","Horn+1"],"picked":"SKIP","floor":30},{"not_picked":["Woodsman","SnowQueen"],"picked":"GreedKing","floor":31},{"not_picked":["CrimsonScar+1","RedEyes"],"picked":"SKIP","floor":31},{"not_picked":["CrumblingArmor","Woodsman"],"picked":"CENSORED","floor":32},{"not_picked":["Heaven+1","RapturousDream"],"picked":"SKIP","floor":32},{"not_picked":[],"picked":"DemoMod:Elimentaler","floor":35},{"not_picked":["Bloodbath","Woodsman"],"picked":"OldLady","floor":35},{"not_picked":["Pinks"],"picked":"TheSmile","floor":35},{"not_picked":["Horn+1"],"picked":"FourthMatchFlame+1","floor":36},{"not_picked":["Bloodbath","Scarecrow"],"picked":"SingingMachine","floor":37},{"not_picked":["BearPaw","SwordSharpenedByTears+1"],"picked":"SKIP","floor":37},{"not_picked":["FrostShard"],"picked":"Regret_ego","floor":38},{"not_picked":["TodaysExpression","Moonlight+1"],"picked":"SKIP","floor":40},{"not_picked":["LittlePrince","CherryBlossoms"],"picked":"Bloodbath","floor":41},{"not_picked":["Noise","Discord+1"],"picked":"SKIP","floor":41},{"not_picked":["BlackSwan","UniverseFragment"],"picked":"SnowQueen","floor":43},{"not_picked":["SomewhereSpear","Loneliness"],"picked":"SKIP","floor":43},{"not_picked":["DespairKnight","Funeral"],"picked":"LongBird","floor":44},{"not_picked":["Tough+1","CUTE"],"picked":"SKIP","floor":44},{"not_picked":["Alriune","NakedNest"],"picked":"WallGazer","floor":46},{"not_picked":["Noise+1"],"picked":"Ecstasy+1","floor":46},{"not_picked":["LittleHelper","Woodsman"],"picked":"BodiesMountain","floor":48},{"not_picked":["Noise","RedEyes+1"],"picked":"SKIP","floor":48},{"not_picked":["Laetitia","Rudolta"],"picked":"BlackArmy","floor":49},{"not_picked":["Wingbeat"],"picked":"CherryBlossom+1","floor":49}],"player_experience":378231,"relics_obtained":[{"floor":1,"key":"LetterFromLob"},{"floor":6,"key":"reliquary:RosewoodLute"},{"floor":9,"key":"Molten Egg 2"},{"floor":24,"key":"reliquary:NewFriend"},{"floor":36,"key":"DemoMod:RatBoots"},{"floor":36,"key":"DemoMod:ResourcefulSack"},{"floor":36,"key":"DemoMod:PartiallyEatenCheese"},{"floor":36,"key":"reliquary:RedPaperclip"},{"floor":36,"key":"Runic Dome"},{"floor":43,"key":"Eternal Feather"},{"floor":45,"key":"reliquary:FerryPass"},{"floor":46,"key":"Twilight"},{"floor":49,"key":"reliquary:SilkGlove"}],"event_choices":[{"damage_healed":0,"gold_gain":0,"player_choice":"Grow","damage_taken":0,"max_hp_gain":0,"max_hp_loss":0,"event_name":"Living Wall","floor":8,"gold_loss":0,"cards_upgraded":["Twilight"]},{"damage_healed":0,"gold_gain":3,"player_choice":"1","damage_taken":0,"max_hp_gain":0,"max_hp_loss":0,"event_name":"betterStone:BetterStone","floor":50,"gold_loss":0}],"is_beta":false,"boss_relics":[{"not_picked":["reliquary:Ember","reliquary:Craggleroot"],"picked":"reliquary:RedCape"},{"not_picked":[]}],"items_purged_floors":[],"is_endless":false,"potions_floor_spawned":[4,10,12,14,16,20,22,24,32,35,37,41,48,49],"ascension_level":20}}