{"host":"j2aqywwzai0xbcib","time":1613010104,"event":{"mods":["BaseMod","Bestiary","Better Altar","Better Sensory Stone","Better Third Choice","ChefMod","Colored Map","Colored Powertips","Conspire","Downfall","Hermit","Hubris","Infinite Spire","Minty Spire (QoL Compilation)","Rare Cards Sparkle","Relic Stats","Reliquary","Replay The Spire","Robot Space Explorer","Spicy Shops","StSLib","The Blackbeard","The Gatherer","The Hayseed","TheWitcher"],"gold_per_floor":[109,123,134,149,6,6,24,34,34,34,61,61,61,71,71,169,169,185,185,197,209,236,236,271,271,323,341,371,386,346,361,361,361,361],"floor_reached":33,"language":"DUT","playtime":2851,"items_purged":[],"score":291,"play_id":"29eb91ff-22c5-482f-96a6-5b0cfbc797cc","local_time":"20210211032144","is_ascension_mode":false,"campfire_choices":[{"data":"hermit:Snapshot","floor":6,"key":"SMITH"},{"floor":15,"key":"REST"},{"floor":23,"key":"REST"},{"floor":25,"key":"REST"},{"floor":32,"key":"REST"}],"circlet_count":0,"master_deck":["hermit:Strike_Hermit","hermit:Strike_Hermit","hermit:Strike_Hermit","hermit:Strike_Hermit+1","hermit:Defend_Hermit","hermit:Defend_Hermit+1","hermit:Defend_Hermit","hermit:Defend_Hermit","hermit:Snapshot+1","hermit:Covet","hermit:Horror+1","hermit:TrackingShot","hermit:Quickdraw+1","hermit:GoldenBullet+1","hermit:Coalescence","hermit:WideOpen","hermit:Quickdraw","hermit:Dive","hermit:FromBeyond","hermit:GoldenBullet","infinitespire:Starlight+1","hermit:Quickdraw","hermit:CursedWeapon","hermit:Malice+1","hermit:Headshot","hermit:Determination+1","hermit:OverwhelmingPower+1","infinitespire:Fortify","hermit:TrackingShot+1","hermit:ItchyTrigger"],"relics":["hermit:Momento","Guide Book","Frozen Egg 2","infinitespire:Golems Mask","hubris:Towel","reliquary:RedCape","OrangePellets","Red Mask","Girya","Bronze Scales","Incense Burner"],"acts_visited":["Exordium","TheCity"],"potions_floor_usage":[8,11,16,27,28,31,33,33,33,33],"damage_taken":[{"damage":0,"enemies":"Cultist","floor":1,"turns":4},{"damage":0,"enemies":"Small Slimes","floor":2,"turns":3},{"damage":0,"enemies":"2 Louse","floor":3,"turns":3},{"damage":7,"enemies":"Looter","floor":4,"turns":2},{"damage":16,"enemies":"Exordium Wildlife","floor":7,"turns":4},{"damage":1,"enemies":"Gremlin Gang","floor":8,"turns":4},{"damage":16,"enemies":"3 Sentries","floor":11,"turns":9},{"damage":17,"enemies":"2 Fungi Beasts","floor":14,"turns":3},{"damage":27,"enemies":"Fading Forest","floor":16,"turns":11},{"damage":2,"enemies":"conspire:FuzzyDice","floor":18,"turns":4},{"damage":28,"enemies":"2 Thieves","floor":20,"turns":4},{"damage":12,"enemies":"Sentry and Sphere","floor":21,"turns":4},{"damage":39,"enemies":"Masked Bandits","floor":22,"turns":4},{"damage":28,"enemies":"Book of Stabbing","floor":24,"turns":5},{"damage":17,"enemies":"3 Cultists","floor":27,"turns":5},{"damage":18,"enemies":"Nightmare","floor":28,"turns":5},{"damage":14,"enemies":"Snake Plant","floor":29,"turns":3},{"damage":18,"enemies":"Centurion and Healer","floor":31,"turns":3},{"damage":36,"enemies":"Collector","floor":33,"turns":3}],"seed_played":"-5115646860610079300","potions_obtained":[{"floor":2,"key":"Dexterity Potion"},{"floor":3,"key":"hermit:Tonic"},{"floor":7,"key":"Death Potion"},{"floor":14,"key":"sneckomod:MuddlingPotion"},{"floor":22,"key":"CultistPotion"},{"floor":24,"key":"EntropicBrew"},{"floor":27,"key":"DistilledChaos"},{"floor":29,"key":"Explosive Potion"},{"floor":31,"key":"AttackPotion"}],"is_trial":false,"path_per_floor":["M","M","M","M","$","R","M","M","T","$","E","?","?","M","R","B",null,"M","AVR","M","M","?","R","E","R","T","M","NM","M","?","M","R","B"],"character_chosen":"HERMIT","items_purchased":["Guide Book"],"campfire_rested":4,"item_purchase_floors":[5],"current_hp_per_floor":[82,82,82,75,75,75,59,58,58,58,42,42,26,9,33,26,82,80,80,62,50,21,45,27,51,51,44,36,22,22,4,28,0,0],"gold":361,"neow_bonus":"TEN_PERCENT_HP_BONUS","is_daily":false,"chose_seed":false,"campfire_upgraded":1,"win_rate":0.0,"timestamp":1613010104,"path_taken":["M","M","M","M","$","R","M","?","T","$","E","?","?","M","R","BOSS","M","AVR","M","M","?","R","E","R","T","M","NM","M","?","M","R","BOSS"],"items_purchased_type":["Relic"],"build_version":"2020-12-22","purchased_purges":0,"victory":false,"max_hp_per_floor":[82,82,82,82,82,82,82,82,82,82,82,82,82,82,82,82,82,82,82,82,82,82,82,82,82,82,82,82,82,82,82,82,82,82],"relic_stats":{"OrangePellets":[0],"counters":[19,83],"Bronze Scales":[48],"obtain_stats":[{"OrangePellets":19,"Girya":24,"Guide Book":5,"Bronze Scales":26,"infinitespire:Golems Mask":11,"Red Mask":22,"Incense Burner":28,"Frozen Egg 2":9,"hubris:Towel":12,"reliquary:RedCape":17,"hermit:Momento":0},{"OrangePellets":10,"Girya":14,"Guide Book":4,"Bronze Scales":14,"infinitespire:Golems Mask":7,"Red Mask":13,"Incense Burner":16,"Frozen Egg 2":6,"hubris:Towel":7,"reliquary:RedCape":9,"hermit:Momento":0},{"OrangePellets":47,"Girya":64,"Guide Book":12,"Bronze Scales":64,"infinitespire:Golems Mask":29,"Red Mask":59,"Incense Burner":74,"Frozen Egg 2":20,"hubris:Towel":29,"reliquary:RedCape":43,"hermit:Momento":0}]},"card_choices":[{"not_picked":["hermit:LowProfile","hermit:Snipe"],"picked":"hermit:Horror","floor":1},{"not_picked":["hermit:Quickdraw","hermit:Misfire"],"picked":"hermit:TrackingShot","floor":2},{"not_picked":["hermit:BodyArmor","hermit:FlashPowder"],"picked":"hermit:Quickdraw","floor":3},{"not_picked":["hermit:Quickdraw","hermit:BodyArmor"],"picked":"hermit:GoldenBullet","floor":4},{"not_picked":["hermit:Cheat","hermit:CalledShot"],"picked":"hermit:Coalescence","floor":7},{"not_picked":["hermit:HoleUp","hermit:DeadOrAlive"],"picked":"hermit:WideOpen","floor":8},{"not_picked":["hermit:Manifest","hermit:Desperado"],"picked":"hermit:Quickdraw","floor":11},{"not_picked":["hermit:Midnight","hermit:Feint"],"picked":"hermit:Dive","floor":14},{"not_picked":["hermit:Roughhouse","hermit:HeroicBravado"],"picked":"hermit:FromBeyond","floor":16},{"not_picked":["hermit:Quickdraw","hermit:Dive"],"picked":"hermit:GoldenBullet","floor":18},{"not_picked":["hermit:Midnight","hermit:PistolWhip"],"picked":"hermit:Quickdraw","floor":20},{"not_picked":["hermit:Misfire","hermit:TakeCover"],"picked":"hermit:CursedWeapon","floor":21},{"not_picked":["hermit:Coalescence","hermit:Roughhouse"],"picked":"hermit:Malice+1","floor":22},{"not_picked":["hermit:Grudge","hermit:LoneWolf"],"picked":"hermit:Headshot","floor":24},{"not_picked":["hermit:Feint","hermit:Deadeye"],"picked":"hermit:Determination+1","floor":27},{"not_picked":["hermit:TrackingShot","hermit:FlashPowder"],"picked":"hermit:OverwhelmingPower+1","floor":28},{"not_picked":["ReplayTheSpireMod:Echoes of Time","ReplayTheSpireMod:??????????????????????"],"picked":"infinitespire:Fortify","floor":28},{"not_picked":["hermit:Scavenge","hermit:Headshot"],"picked":"hermit:TrackingShot+1","floor":29},{"not_picked":["hermit:CursedWeapon","hermit:NoHoldsBarred+1"],"picked":"hermit:ItchyTrigger","floor":31}],"player_experience":406438,"relics_obtained":[{"floor":9,"key":"Frozen Egg 2"},{"floor":11,"key":"infinitespire:Golems Mask"},{"floor":22,"key":"Red Mask"},{"floor":24,"key":"Girya"},{"floor":26,"key":"Bronze Scales"},{"floor":28,"key":"Incense Burner"}],"event_choices":[{"damage_healed":42,"gold_gain":0,"player_choice":"Upgrade","damage_taken":16,"max_hp_gain":0,"max_hp_loss":82,"event_name":"betterThird:BetterShining","floor":13,"gold_loss":0,"cards_upgraded":["hermit:Strike_Hermit","hermit:Quickdraw"]},{"damage_healed":0,"gold_gain":0,"player_choice":"Fought Bandits","damage_taken":0,"max_hp_gain":0,"max_hp_loss":0,"event_name":"Masked Bandits","floor":22,"gold_loss":0},{"damage_healed":0,"gold_gain":0,"player_choice":"Upgraded Two","damage_taken":0,"max_hp_gain":0,"max_hp_loss":0,"event_name":"Designer","floor":30,"gold_loss":40,"cards_upgraded":["infinitespire:Starlight","hermit:Defend_Hermit"]}],"is_beta":false,"boss_relics":[{"not_picked":["infinitespire:Cupcake","Runic Dome"],"picked":"reliquary:RedCape"}],"items_purged_floors":[],"is_endless":false,"potions_floor_spawned":[2,3,7,14,22,24,27,29,31],"killed_by":"Collector","ascension_level":0}}