{"host":"cy3pd5cut10e7v8y","time":1613058046,"event":{"mods":["AchievementEnabler","Act Like it!","BaseMod","Colored Map","Colored Powertips","Koishi","Minty Spire (QoL Compilation)","StSLib","The Animator","Waifu the Spire"],"gold_per_floor":[115,128,140,154,154,154,3,3,28,53,228,228,228,228],"floor_reached":13,"language":"ENG","playtime":542,"items_purged":["Injury"],"score":75,"play_id":"314171f8-9064-4747-9426-05c40cef25d6","local_time":"20210211164046","is_ascension_mode":false,"campfire_choices":[{"data":"Eruption","floor":6,"key":"SMITH"},{"data":"Vigilance","floor":8,"key":"SMITH"}],"circlet_count":0,"master_deck":["Strike_P","Strike_P","Strike_P","Strike_P","Defend_P","Defend_P","Defend_P","Defend_P","Eruption+1","Vigilance+1","EmptyFist","Conclude","FearNoEvil","Doubt"],"relics":["PureWater","NeowsBlessing","Golden Idol","Juzu Bracelet","NlothsMask"],"acts_visited":["Exordium"],"potions_floor_usage":[],"damage_taken":[{"damage":0,"enemies":"2 Louse","floor":1,"turns":1},{"damage":0,"enemies":"Small Slimes","floor":2,"turns":1},{"damage":0,"enemies":"Jaw Worm","floor":3,"turns":1},{"damage":5,"enemies":"Red Slaver","floor":4,"turns":4},{"damage":4,"enemies":"3 Louse","floor":10,"turns":3},{"damage":41,"enemies":"Gremlin Nob","floor":13,"turns":5}],"seed_played":"6962165450440797553","potions_obtained":[{"floor":1,"key":"GamblersBrew"},{"floor":4,"key":"EssenceOfSteel"}],"is_trial":false,"path_per_floor":["M","M","M","M","?","R","$","R","T","M","?","?","E"],"character_chosen":"WATCHER","items_purchased":["FearNoEvil"],"campfire_rested":0,"item_purchase_floors":[7],"current_hp_per_floor":[72,72,72,67,67,67,67,67,67,63,63,63,22,22],"gold":228,"neow_bonus":"THREE_ENEMY_KILL","is_daily":false,"chose_seed":false,"campfire_upgraded":2,"win_rate":0.0,"timestamp":1613058046,"path_taken":["M","M","M","M","?","R","$","R","T","M","?","?","E"],"items_purchased_type":["Card"],"build_version":"2020-12-22","purchased_purges":1,"victory":false,"max_hp_per_floor":[72,72,72,72,72,72,72,72,72,72,72,72,72,72],"card_choices":[{"not_picked":["Adaptation","EmptyBody","WreathOfFlame"],"picked":"SKIP","floor":1},{"not_picked":["ThirdEye","Adaptation"],"picked":"EmptyFist","floor":2},{"not_picked":["WheelKick","Worship"],"picked":"Conclude","floor":3},{"not_picked":["Fasting2","Weave","PathToVictory"],"picked":"SKIP","floor":4},{"not_picked":["BowlingBash","Consecrate","Fasting2"],"picked":"SKIP","floor":10}],"player_experience":194577,"relics_obtained":[{"floor":9,"key":"Juzu Bracelet"}],"event_choices":[{"damage_healed":0,"gold_gain":0,"player_choice":"Take Wound","damage_taken":0,"relics_obtained":["Golden Idol"],"max_hp_gain":0,"max_hp_loss":0,"event_name":"Golden Idol","floor":5,"gold_loss":0,"cards_obtained":["Injury"]},{"damage_healed":0,"gold_gain":175,"player_choice":"AGREE","damage_taken":0,"max_hp_gain":0,"max_hp_loss":0,"event_name":"Liars Game","floor":11,"gold_loss":0,"cards_obtained":["Doubt"]},{"damage_healed":0,"gold_gain":0,"player_choice":"Trade","damage_taken":0,"relics_obtained":["NlothsMask"],"max_hp_gain":0,"max_hp_loss":0,"event_name":"FaceTrader","floor":12,"gold_loss":0}],"is_beta":false,"boss_relics":[],"items_purged_floors":[7],"is_endless":false,"potions_floor_spawned":[1,4],"killed_by":"Gremlin Nob","ascension_level":0}}