{"host":"0cm5wy4nhuju7tij","time":1613084631,"event":{"mods":["100% Spire Juice","2.2 Compatiblity","AchievementEnabler","Aspiration","BaseMod","Better Third Choice","BetterRewards","CCEM2","CapriCore","Colored Powertips","Curses Come First","Displayed Cursed Tome","Downfall","Energized Spire","Evolution","Filter the Spire","Highlight Path","Jess\u0027s Bottle","Minty Spire (QoL Compilation)","Permanent Neow","Poor People Problems","Relic Filter Mod","Relic Stats","Shop Mod","Spicy Shops","StSLib","The Cursed","TheSurvivalist","TheVacant","Weighted Paths"],"gold_per_floor":[116,116,135,155,155,155,181,199,222,252,252,277,63,74,74,173,173,193,213,230,176,176,176,196,210,210,309,337,337,193,203,203,300,300,316,332,345,357,373,403,403,433,433,433,433],"floor_reached":44,"language":"ENG","playtime":2364,"items_purged":[],"score":921,"play_id":"fa34094b-9788-4d38-af7d-442e0cf6af6b","local_time":"20210211180351","is_ascension_mode":true,"campfire_choices":[{"data":"TheCursedMod:HellsGateOpen","floor":6,"key":"SMITH"},{"data":"TheCursedMod:CursedAmulet","floor":11,"key":"SMITH"},{"data":"TheCursedMod:HellfireBreathing","floor":15,"key":"SMITH"},{"data":"TheCursedMod:ManaCirculation","floor":23,"key":"SMITH"},{"data":"TheCursedMod:FleshFromBone","floor":29,"key":"SMITH"},{"data":"TheCursedMod:NeowsMight","floor":32,"key":"SMITH"},{"data":"TheCursedMod:CollectTribute","floor":41,"key":"SMITH"}],"circlet_count":0,"master_deck":["TheCursedMod:CleanUpWorkshop","TheCursedMod:CursedAmulet+1","TheCursedMod:HellfireBreathing","TheCursedMod:HellfireBreathing","TheCursedMod:SpitefulPlan","TheCursedMod:LuckyCharm","TheCursedMod:CursedSpellbook","TheCursedMod:NeowsMight+1","TheCursedMod:ParallelWorld+1","TheCursedMod:CircleOfAmplification","TheCursedMod:SpitefulStrike","TheCursedMod:HellfireBreathing+1","TheCursedMod:HellsGateOpen+1","Injury","TheCursedMod:Obscuration","TheCursedMod:CursedStaff+1","TheCursedMod:CursedShiv+1","TheCursedMod:SurpriseAttack+1","TheCursedMod:HellfireBreathing","TheCursedMod:ManaCirculation+1","TheCursedMod:CursedSpellbook","TheCursedMod:CursedSpellbook","TheCursedMod:SurpriseAttack+1","TheCursedMod:CursedBlade+1","Shame","TheCursedMod:ManaBullet+1","TheCursedMod:FleshFromBone+1","TheCursedMod:CursedBlade+1","TheCursedMod:HellfireBreathing","TheCursedMod:CollectTribute+1"],"relics":["TheCursedMod:BlackMagicAdvanced","EVO:Axolotl","Molten Egg 2","Bottled Tornado","TheCursedMod:CrystalBall","CCEMRelics:DerglesHeadphones","Anchor","Black Star","Omamori","Question Card","Singing Bowl","aspiration:Lifesprig","Dream Catcher","SacredBark","Frozen Egg 2","Pen Nib","Bottled Flame","Mummified Hand"],"acts_visited":["Exordium","TheCity","TheBeyond"],"potions_floor_usage":[],"damage_taken":[{"damage":1,"enemies":"Cultist","floor":1,"turns":3},{"damage":11,"enemies":"Small Slimes","floor":3,"turns":2},{"damage":0,"enemies":"2 Louse","floor":4,"turns":1},{"damage":0,"enemies":"Gremlin Nob","floor":7,"turns":3},{"damage":4,"enemies":"2 Fungi Beasts","floor":8,"turns":4},{"damage":10,"enemies":"3 Sentries","floor":10,"turns":3},{"damage":5,"enemies":"Lagavulin","floor":12,"turns":4},{"damage":0,"enemies":"Exordium Thugs","floor":14,"turns":3},{"damage":7,"enemies":"Hexaghost","floor":16,"turns":4},{"damage":0,"enemies":"3 Byrds","floor":18,"turns":2},{"damage":0,"enemies":"Spheric Guardian","floor":19,"turns":2},{"damage":11,"enemies":"Snake Plant","floor":20,"turns":3},{"damage":0,"enemies":"Cultist and Chosen","floor":24,"turns":2},{"damage":0,"enemies":"Centurion and Healer","floor":25,"turns":2},{"damage":21,"enemies":"Slavers","floor":28,"turns":3},{"damage":0,"enemies":"Snake Plant","floor":31,"turns":2},{"damage":27,"enemies":"Collector","floor":33,"turns":6},{"damage":0,"enemies":"3 Shapes","floor":35,"turns":2},{"damage":14,"enemies":"3 Darklings","floor":36,"turns":3},{"damage":33,"enemies":"Jaw Worm Horde","floor":37,"turns":3},{"damage":12,"enemies":"Spire Growth","floor":38,"turns":4},{"damage":2,"enemies":"4 Shapes","floor":39,"turns":4},{"damage":0,"enemies":"Reptomancer","floor":40,"turns":4},{"damage":30,"enemies":"Giant Head","floor":42,"turns":6},{"damage":9,"enemies":"Nemesis","floor":44,"turns":2}],"seed_played":"-336269063409252542","potions_obtained":[{"floor":4,"key":"SteroidPotion"},{"floor":7,"key":"Guardian:BlockOnCardUsePotion"},{"floor":42,"key":"LiquidMemories"}],"is_trial":false,"path_per_floor":["M","?","M","M","?","R","E","M","T","E","R","E","$","M","R","B",null,"M","M","M","$","?","R","M","M","T","?","E","R","$","M","R","B",null,"M","M","M","M","M","E","R","E","T","E"],"character_chosen":"THE_CURSED","items_purchased":["TheCursedMod:HellfireBreathing","Anchor","TheCursedMod:CursedBlade+1","TheCursedMod:HellfireBreathing","Dream Catcher"],"campfire_rested":0,"item_purchase_floors":[13,13,21,30,30],"current_hp_per_floor":[67,67,56,56,56,56,56,52,52,42,42,37,37,37,49,42,67,67,67,56,56,56,68,68,68,68,68,47,59,59,61,73,46,69,71,59,28,18,18,20,32,4,4,0,0],"gold":433,"neow_bonus":"UPGRADE_CARD","is_daily":false,"chose_seed":false,"campfire_upgraded":7,"win_rate":0.0,"timestamp":1613084631,"path_taken":["M","?","M","M","?","R","E","M","T","E","R","E","$","M","R","BOSS","M","M","M","$","?","R","M","M","T","?","E","R","$","?","R","BOSS","M","M","M","M","M","E","R","E","T","E"],"items_purchased_type":["Card","Relic","Card","Card","Relic"],"build_version":"2020-12-22","purchased_purges":0,"victory":false,"max_hp_per_floor":[75,75,75,75,75,75,75,75,75,75,75,75,75,75,75,75,75,75,75,75,75,75,75,75,75,75,75,75,75,75,77,77,77,77,79,81,83,85,87,89,89,91,91,91,91],"relic_stats":{"Dream Catcher":0,"Singing Bowl":16,"counters":[25,67],"Mummified Hand":[4],"Pen Nib":[0],"Black Star":3,"Question Card":10,"obtain_stats":[{"aspiration:Lifesprig":28,"TheCursedMod:BlackMagicAdvanced":0,"Singing Bowl":28,"SacredBark":34,"Pen Nib":42,"Omamori":22,"EVO:Axolotl":0,"Bottled Tornado":7,"Frozen Egg 2":40,"Question Card":26,"CCEMRelics:DerglesHeadphones":12,"Anchor":13,"Dream Catcher":30,"Bottled Flame":42,"Mummified Hand":43,"Molten Egg 2":5,"TheCursedMod:CrystalBall":10,"Black Star":17},{"aspiration:Lifesprig":15,"TheCursedMod:BlackMagicAdvanced":0,"Singing Bowl":15,"SacredBark":17,"Pen Nib":24,"Omamori":12,"EVO:Axolotl":0,"Bottled Tornado":4,"Frozen Egg 2":23,"Question Card":14,"CCEMRelics:DerglesHeadphones":7,"Anchor":7,"Dream Catcher":15,"Bottled Flame":24,"Mummified Hand":24,"Molten Egg 2":3,"TheCursedMod:CrystalBall":6,"Black Star":9},{"aspiration:Lifesprig":36,"TheCursedMod:BlackMagicAdvanced":0,"Singing Bowl":36,"SacredBark":44,"Pen Nib":65,"Omamori":30,"EVO:Axolotl":0,"Bottled Tornado":9,"Frozen Egg 2":60,"Question Card":34,"CCEMRelics:DerglesHeadphones":18,"Anchor":18,"Dream Catcher":36,"Bottled Flame":65,"Mummified Hand":65,"Molten Egg 2":6,"TheCursedMod:CrystalBall":14,"Black Star":24}]},"card_choices":[{"not_picked":["TheCursedMod:TacticalStrike","TheCursedMod:SmokeScreen"],"picked":"TheCursedMod:SpitefulStrike","floor":1},{"not_picked":["TheCursedMod:RapidMovement","TheCursedMod:SurpriseAttack"],"picked":"TheCursedMod:HellfireBreathing","floor":3},{"not_picked":["TheCursedMod:SpitefulPlan","TheCursedMod:WearCloak"],"picked":"TheCursedMod:HellsGateOpen","floor":4},{"not_picked":["TheCursedMod:RapidMovement","TheCursedMod:Neurasthenia"],"picked":"TheCursedMod:Obscuration","floor":7},{"not_picked":["TheCursedMod:SpitefulStrike+1","TheCursedMod:Torture"],"picked":"TheCursedMod:CursedStaff+1","floor":8},{"not_picked":["TheCursedMod:CircleOfWindfury","TheCursedMod:VitalStrike+1"],"picked":"TheCursedMod:CursedShiv+1","floor":10},{"not_picked":["TheCursedMod:SmokeScreen","TheCursedMod:RapidMovement"],"picked":"TheCursedMod:SurpriseAttack+1","floor":12},{"not_picked":["TheCursedMod:FuryStrike+1","TheCursedMod:CircleOfCorruption","TheCursedMod:CircleOfWindfury"],"picked":"SKIP","floor":14},{"not_picked":["TheCursedMod:CircleOfAbyss","TheCursedMod:UltimatePain"],"picked":"TheCursedMod:ManaCirculation","floor":16},{"not_picked":["TheCursedMod:Wield+1","TheCursedMod:SpitefulStrike+1"],"picked":"TheCursedMod:CursedSpellbook","floor":18},{"not_picked":["TheCursedMod:Wield+1","TheCursedMod:Obscuration"],"picked":"TheCursedMod:CursedSpellbook","floor":19},{"not_picked":["TheCursedMod:SpreadPlague+1","TheCursedMod:Wield+1"],"picked":"TheCursedMod:SurpriseAttack+1","floor":20},{"not_picked":["TheCursedMod:PrepareRite","TheCursedMod:DarkBarrier"],"picked":"TheCursedMod:ManaBullet+1","floor":24},{"not_picked":["TheCursedMod:SmokeScreen","TheCursedMod:TacticalStrike+1"],"picked":"TheCursedMod:FleshFromBone","floor":25},{"not_picked":["TheCursedMod:TroublousMinions","TheCursedMod:BloodBarrier","TheCursedMod:CursedArmor"],"picked":"TheCursedMod:CursedBlade+1","floor":28},{"not_picked":["TheCursedMod:CircleOfFlame","TheCursedMod:RavingStaff+1","TheCursedMod:VitalStrike+1","TheCursedMod:CursedBlade+1"],"picked":"Singing Bowl","floor":31},{"not_picked":["TheCursedMod:UltimatePain","TheCursedMod:DemonicPact","TheCursedMod:OutForBlood"],"picked":"TheCursedMod:CollectTribute","floor":33},{"not_picked":["TheCursedMod:CursedAmulet+1","TheCursedMod:SpitefulPray","TheCursedMod:Stretching+1","TheCursedMod:Obscuration+1"],"picked":"Singing Bowl","floor":35},{"not_picked":["TheCursedMod:Mangle+1","TheCursedMod:CursedBlade+1","TheCursedMod:CursedMace+1","TheCursedMod:Obscuration+1"],"picked":"Singing Bowl","floor":36},{"not_picked":["TheCursedMod:CircleOfWindfury+1","TheCursedMod:DoubleShield","TheCursedMod:ReleasedStrength","TheCursedMod:BlessingInDisguise+1"],"picked":"Singing Bowl","floor":37},{"not_picked":["TheCursedMod:Stigma+1","TheCursedMod:CursedShiv+1","TheCursedMod:AbyssShockwave+1","TheCursedMod:CursedMace+1"],"picked":"Singing Bowl","floor":38},{"not_picked":["TheCursedMod:EmpowerCircles","TheCursedMod:CursedMace+1","TheCursedMod:CursedSpellbook+1","TheCursedMod:RavingStaff+1"],"picked":"Singing Bowl","floor":39},{"not_picked":["TheCursedMod:CursedBlade+1","TheCursedMod:Mangle+1","TheCursedMod:SpitefulPlan+1","TheCursedMod:UltimatePain"],"picked":"Singing Bowl","floor":40},{"not_picked":["TheCursedMod:Obscuration+1","TheCursedMod:SpitefulStrike+1","TheCursedMod:CircleOfFlame","TheCursedMod:Wield+1"],"picked":"Singing Bowl","floor":42}],"player_experience":327834,"relics_obtained":[{"floor":7,"key":"Bottled Tornado"},{"floor":10,"key":"TheCursedMod:CrystalBall"},{"floor":12,"key":"CCEMRelics:DerglesHeadphones"},{"floor":26,"key":"Question Card"},{"floor":28,"key":"Singing Bowl"},{"floor":28,"key":"aspiration:Lifesprig"},{"floor":40,"key":"Frozen Egg 2"},{"floor":42,"key":"Pen Nib"},{"floor":42,"key":"Bottled Flame"},{"floor":43,"key":"Mummified Hand"}],"event_choices":[{"damage_healed":0,"gold_gain":0,"player_choice":"Leave","damage_taken":0,"max_hp_gain":0,"max_hp_loss":0,"event_name":"The Cleric","floor":2,"gold_loss":0},{"damage_healed":0,"gold_gain":0,"player_choice":"Stole Relic","damage_taken":0,"relics_obtained":["Omamori"],"max_hp_gain":0,"max_hp_loss":0,"event_name":"Addict","floor":22,"gold_loss":0,"cards_obtained":["Shame"]},{"damage_healed":0,"gold_gain":99,"player_choice":"Steal","damage_taken":0,"max_hp_gain":0,"max_hp_loss":0,"event_name":"betterThird:BetterNest","floor":27,"gold_loss":0}],"is_beta":false,"boss_relics":[{"not_picked":["Snecko Eye","Runic Dome"],"picked":"Black Star"},{"not_picked":["aspiration:RitualDagger","energizedSpire:NeverEndingSparkler"],"picked":"SacredBark"}],"items_purged_floors":[],"is_endless":false,"potions_floor_spawned":[1,4,7,16,18,20,28,35,38,42],"killed_by":"Nemesis","ascension_level":11}}