{"host":"3j2m8n0ywf988fwb","time":1613073894,"event":{"mods":["2.2 Compatiblity","AchievementEnabler","Act Like it!","Aspiration","Astrologer","BaseMod","Beaked The Cultist","Better Altar","Better Match","Better Note","Better Sensory Stone","Better Skull","Better Third Choice","CCEM2","ChefMod","Colored Map","Colored Powertips","Conspire","Dark Map","Elementarium","Energized Spire","GifTheSpireLib","Halation","Hallownest","Highlight Path","Hubris","Infinite Spire","Jedi Mod","Marisa????????","Marked Mod","Mimic Mod","Minty Spire (QoL Compilation)","Monster B Gone","Random Character Button","Relic Filter Mod","Relic Stats","Reliquary","Replay The Spire","Robot Space Explorer","Shade Mod","Shop Mod","Somnambulant","StS++","StSLib","Stuff the Spire","The Bug Knight","The Elementalist","The Hierophant","The Marked","The Runesmith","The Servant 0.9.4","TheBandit","TheFirefly","Unceasing Turn Reminder","Weighted Paths","everything is the same but u backflip on backflip"],"gold_per_floor":[109,73,73,73,83,83,93,69,69,84,84,102,27,45,45,147,147,162,176,176,91,91,91,105,105,105],"floor_reached":25,"language":"ENG","playtime":901,"items_purged":["Strike_S"],"score":193,"play_id":"d700a3af-331c-41be-ad61-024af2dc8449","local_time":"20210211140454","is_ascension_mode":false,"campfire_choices":[{"data":"Moonlight","floor":6,"key":"SMITH"},{"data":"KillingDoll","floor":23,"key":"SMITH"}],"circlet_count":0,"master_deck":["Strike_S","Strike_S","Strike_S+1","Defend_S","Defend_S","Defend_S","Defend_S","KidneyShot","Exchange","Deadline","Luminosity","Moonlight+1","Potential","hubris:NaturalOne","GearUp","TimeWarp","TrueSight+1","Read","KillingDoll+1","Rearm+1"],"relics":["Uniform","hubris:Icosahedron","reliquary:SilkGlove","Singing Bowl","conspire:SpecialSausage","CeramicFish","Blue Doll"],"acts_visited":["Exordium","TheCity"],"potions_floor_usage":[10,16,16],"damage_taken":[{"damage":6,"enemies":"Jaw Worm","floor":1,"turns":3},{"damage":0,"enemies":"Cultist","floor":5,"turns":4},{"damage":8,"enemies":"2 Louse","floor":7,"turns":3},{"damage":5,"enemies":"Gremlin Gang","floor":10,"turns":6},{"damage":20,"enemies":"3 Louse","floor":12,"turns":4},{"damage":0,"enemies":"Looter","floor":14,"turns":1},{"damage":8,"enemies":"Hexaghost","floor":16,"turns":16},{"damage":20,"enemies":"Chosen","floor":18,"turns":5},{"damage":12,"enemies":"Shell Parasite","floor":19,"turns":9},{"damage":25,"enemies":"Shelled Parasite and Fungi","floor":24,"turns":4},{"damage":14,"enemies":"Slavers","floor":25,"turns":1}],"seed_played":"3017709747597923016","potions_obtained":[{"floor":7,"key":"Dexterity Potion"},{"floor":10,"key":"jedi:StrikingPotion"},{"floor":14,"key":"Explosive Potion"},{"floor":18,"key":"Elixir"},{"floor":19,"key":"SteroidPotion"}],"is_trial":false,"path_per_floor":["M","$","?","?","M","R","M","$","T","M","?","M","$","M","R_BF","B",null,"M","M","?","?","?","R","M","E"],"character_chosen":"THE_SERVANT","items_purchased":["Moonlight","TimeWarp"],"campfire_rested":0,"item_purchase_floors":[2,8],"current_hp_per_floor":[59,59,59,59,59,59,51,51,51,46,33,13,13,13,13,5,65,47,35,35,35,35,35,12,0,0],"gold":105,"neow_bonus":"RANDOM_EVENT","is_daily":false,"chose_seed":false,"campfire_upgraded":2,"win_rate":0.0,"timestamp":1613073894,"path_taken":["M","$","?","?","?","R","M","?","T","?","?","M","$","M","R_BF","BOSS","M","M","?","?","?","R","?","E"],"items_purchased_type":["Card","Card"],"build_version":"2020-12-22","purchased_purges":1,"victory":false,"max_hp_per_floor":[65,65,65,65,65,65,65,65,65,65,65,65,65,65,65,65,65,67,67,67,67,67,67,69,69,69],"relic_stats":{"Singing Bowl":4,"counters":[11,56],"CeramicFish":0,"obtain_stats":[{"hubris:Icosahedron":3,"reliquary:SilkGlove":9,"Singing Bowl":15,"CeramicFish":21,"conspire:SpecialSausage":17,"Blue Doll":22,"Uniform":0},{"hubris:Icosahedron":1,"reliquary:SilkGlove":3,"Singing Bowl":6,"CeramicFish":9,"conspire:SpecialSausage":7,"Blue Doll":9,"Uniform":0},{"hubris:Icosahedron":3,"reliquary:SilkGlove":10,"Singing Bowl":21,"CeramicFish":51,"conspire:SpecialSausage":37,"Blue Doll":51,"Uniform":0}]},"card_choices":[{"not_picked":["Gouge","ShatteredReality"],"picked":"Luminosity","floor":1},{"not_picked":["ShatteredReality","DoubleEdge"],"picked":"Potential","floor":5},{"not_picked":["Read","Shuttle"],"picked":"GearUp","floor":7},{"not_picked":["ReturningBlade","Replace"],"picked":"TrueSight","floor":10},{"not_picked":["InstantArmor","DoubleEdge"],"picked":"Read","floor":12},{"not_picked":["Potential","ShatteredReality","Revamp"],"picked":"SKIP","floor":14},{"not_picked":["TheWorld","PendulumOfEternity"],"picked":"KillingDoll","floor":16},{"not_picked":["Defy","Desolation+1","Revamp+1"],"picked":"Singing Bowl","floor":18},{"not_picked":["Spin+1","Starlight"],"picked":"Rearm+1","floor":19},{"not_picked":["FanOfKnives","Collapse","Unruled"],"picked":"Singing Bowl","floor":24}],"player_experience":1184113,"relics_obtained":[{"floor":9,"key":"reliquary:SilkGlove"},{"floor":15,"key":"Singing Bowl"},{"floor":22,"key":"Blue Doll"}],"event_choices":[{"damage_healed":0,"gold_gain":0,"player_choice":"Bought 0 Potions","damage_taken":0,"max_hp_gain":0,"max_hp_loss":0,"event_name":"The Woman in Blue","floor":4,"gold_loss":0},{"damage_healed":46,"gold_gain":0,"player_choice":"Upgrade","damage_taken":13,"max_hp_gain":0,"max_hp_loss":65,"event_name":"betterThird:BetterShining","floor":11,"gold_loss":0,"cards_upgraded":["TrueSight","Strike_S"]},{"damage_healed":0,"gold_gain":0,"player_choice":"Ignored","damage_taken":0,"max_hp_gain":0,"max_hp_loss":0,"event_name":"betterNote:BetterNote","floor":20,"gold_loss":0,"cards_obtained":["StSpp:Saturation"]},{"damage_healed":0,"gold_gain":0,"player_choice":"Obtained Relic","damage_taken":0,"relics_obtained":["CeramicFish"],"max_hp_gain":0,"max_hp_loss":0,"event_name":"Addict","floor":21,"gold_loss":85}],"is_beta":false,"boss_relics":[{"not_picked":["Honey Jar","hubris:VirtuousBlindfold"],"picked":"conspire:SpecialSausage"}],"items_purged_floors":[13],"is_endless":false,"potions_floor_spawned":[7,10,14,18,19],"killed_by":"Slavers","ascension_level":0}}