{"host":"sc0o2qwpf9j16a4i","time":1613062376,"event":{"mods":["AchievementEnabler","BaseMod","BetterRewards","Block Reminder","Colored Map","Colored Powertips","Custom Start","Highlight Path","Minty Spire (QoL Compilation)","Relic Stats"],"gold_per_floor":[116,133,147,147,147,147,175,21,21,55,66,66,66,76,76,171,171,188,204,303,303,313,348,52,78,78,40,40,54,86,102,102,201,201,211,211,237,44,60,94,107,140,163,179,229,255,302,0,0,0],"floor_reached":51,"language":"ENG","playtime":2783,"items_purged":[],"score":1253,"play_id":"8c840b86-a930-4c12-bc9c-9de00a3c3d8d","local_time":"20210211185256","daily_mods":["Shiny","Red Cards","Terminal"],"is_ascension_mode":false,"campfire_choices":[{"data":"Feed","floor":6,"key":"SMITH"},{"data":"1","floor":12,"key":"LIFT"},{"data":"Barricade","floor":15,"key":"SMITH"},{"data":"2","floor":28,"key":"LIFT"},{"data":"3","floor":32,"key":"LIFT"},{"data":"Wraith Form v2","floor":49,"key":"SMITH"}],"circlet_count":0,"master_deck":["Double Tap","Demon Form","Bludgeon","Feed+1","Limit Break","Corruption","Barricade+1","Fiend Fire","Berserk","Impervious","Juggernaut","Brutality","Reaper","Exhume","Offering","Immolate","Venomology","Corpse Explosion","Malaise","Phantasmal Killer","Die Die Die","Adrenaline","Envenom","Doppelganger","Burst","Wraith Form v2+1","Tools of the Trade","Night Terror","Unload","After Image","Bullet Time","Storm of Steel","Glass Knife","A Thousand Cuts","Grand Finale","Escape Plan","Spot Weakness","Concentrate","Regret","Deflect+1","Uppercut","Entrench+1","Night Terror+1","CurseOfTheBell","Spot Weakness+1","Shame","Feed","Battle Trance+1","Shrug It Off+1","Venomology+1","Burning Pact+1","Corruption","Flame Barrier+1","Panacea+1","Discovery+1","Chrysalis+1","Clumsy","Acrobatics+1","PiercingWail+1","Headbutt","PiercingWail+1","Juggernaut","PiercingWail+1"],"relics":["Ring of the Snake","Toxic Egg 2","Girya","Pen Nib","InkBottle","Gambling Chip","Blue Candle","Calling Bell","Ninja Scroll","Art of War","FossilizedHelix","Juzu Bracelet","PreservedInsect","OrangePellets","Oddly Smooth Stone","Calipers","Anchor","Sundial","Cursed Key","Omamori","Lantern","Centennial Puzzle","Bag of Marbles","Toy Ornithopter","Incense Burner","Question Card","StoneCalendar","Red Mask"],"acts_visited":["Exordium","TheCity","TheBeyond"],"potions_floor_usage":[7,10,14,16,16,22,22,22,25,29,33,40,40,42,50,50,50,50],"damage_taken":[{"damage":17,"enemies":"Jaw Worm","floor":1,"turns":6},{"damage":12,"enemies":"2 Louse","floor":2,"turns":5},{"damage":0,"enemies":"Cultist","floor":3,"turns":3},{"damage":0,"enemies":"Gremlin Nob","floor":7,"turns":2},{"damage":2,"enemies":"Lagavulin","floor":10,"turns":5},{"damage":6,"enemies":"Exordium Wildlife","floor":11,"turns":4},{"damage":7,"enemies":"Gremlin Gang","floor":14,"turns":3},{"damage":11,"enemies":"Hexaghost","floor":16,"turns":10},{"damage":0,"enemies":"Shell Parasite","floor":18,"turns":1},{"damage":0,"enemies":"3 Byrds","floor":19,"turns":3},{"damage":7,"enemies":"Centurion and Healer","floor":22,"turns":5},{"damage":0,"enemies":"Gremlin Leader","floor":23,"turns":2},{"damage":0,"enemies":"Book of Stabbing","floor":25,"turns":2},{"damage":0,"enemies":"Cultist and Chosen","floor":29,"turns":1},{"damage":0,"enemies":"Gremlin Leader","floor":30,"turns":3},{"damage":7,"enemies":"Snake Plant","floor":31,"turns":4},{"damage":7,"enemies":"Collector","floor":33,"turns":11},{"damage":0,"enemies":"Orb Walker","floor":35,"turns":2},{"damage":0,"enemies":"3 Darklings","floor":39,"turns":3},{"damage":0,"enemies":"Giant Head","floor":40,"turns":4},{"damage":0,"enemies":"Jaw Worm Horde","floor":41,"turns":3},{"damage":1,"enemies":"Nemesis","floor":42,"turns":11},{"damage":1,"enemies":"Spire Growth","floor":44,"turns":6},{"damage":6,"enemies":"Mind Bloom Boss Battle","floor":45,"turns":4},{"damage":0,"enemies":"Giant Head","floor":46,"turns":5},{"damage":0,"enemies":"2 Orb Walkers","floor":47,"turns":4},{"damage":0,"enemies":"Time Eater","floor":50,"turns":11}],"seed_played":"-8596204252737874164","potions_obtained":[{"floor":3,"key":"Poison Potion"},{"floor":10,"key":"Fire Potion"},{"floor":16,"key":"DuplicationPotion"},{"floor":30,"key":"SteroidPotion"},{"floor":40,"key":"Strength Potion"}],"is_trial":true,"path_per_floor":["M","M","M","?","?","R","E","$","T","E","M","R","?","M","R","B",null,"M","M","?","?","M","E","$","E","T","$","R","M","E","M","R","B",null,"M","?","T","$","M","E","M","E","T","M","?","E","?","?","R","B",null],"character_chosen":"THE_SILENT","items_purchased":["Pen Nib","OrangePellets","Oddly Smooth Stone","Battle Trance+1","Lantern","Acrobatics+1"],"campfire_rested":0,"item_purchase_floors":[8,24,24,27,38,38],"current_hp_per_floor":[55,54,54,54,54,54,54,54,54,69,67,67,60,57,57,46,70,69,68,67,66,73,72,71,74,73,72,71,70,69,65,65,68,72,75,65,65,65,65,69,81,80,80,83,81,85,88,88,88,91],"gold":0,"neow_bonus":"","is_daily":false,"chose_seed":false,"campfire_upgraded":3,"win_rate":0.0,"timestamp":1613062376,"path_taken":["M","M","M","?","?","R","E","?","T","E","M","R","?","M","R","BOSS","M","M","?","?","M","E","$","E","T","$","R","M","E","M","R","BOSS","M","?","?","$","M","E","M","E","T","M","?","E","?","?","R","BOSS"],"items_purchased_type":["Relic","Relic","Relic","Card","Relic","Card"],"build_version":"2020-12-22","purchased_purges":0,"victory":true,"max_hp_per_floor":[71,73,72,71,70,69,68,67,66,69,72,71,70,73,72,71,70,69,68,67,66,73,72,71,74,73,72,71,70,69,71,70,73,72,75,74,73,72,71,74,85,84,83,86,89,92,94,93,92,91],"relic_stats":{"counters":[27,123],"Blue Candle":[12],"StoneCalendar":[52],"Pen Nib":[12],"PreservedInsect":385,"Juzu Bracelet":1,"Cursed Key":2,"Question Card":1,"OrangePellets":[11],"Centennial Puzzle":[9],"Sundial":[2],"Gambling Chip":[99],"Art of War":[27],"obtain_stats":[{"Lantern":38,"Calipers":25,"StoneCalendar":47,"Juzu Bracelet":21,"Incense Burner":45,"Cursed Key":34,"Centennial Puzzle":40,"Ninja Scroll":17,"Sundial":30,"Gambling Chip":10,"Red Mask":48,"Toxic Egg 2":5,"InkBottle":9,"Ring of the Snake":0,"Girya":7,"Blue Candle":13,"Oddly Smooth Stone":24,"Pen Nib":8,"PreservedInsect":23,"Omamori":37,"Question Card":46,"Calling Bell":17,"OrangePellets":24,"Anchor":26,"Art of War":17,"Bag of Marbles":42,"FossilizedHelix":17,"Toy Ornithopter":43},{"Lantern":18,"Calipers":13,"StoneCalendar":26,"Juzu Bracelet":10,"Incense Burner":24,"Cursed Key":17,"Centennial Puzzle":20,"Ninja Scroll":8,"Sundial":15,"Gambling Chip":5,"Red Mask":26,"Toxic Egg 2":3,"InkBottle":4,"Ring of the Snake":0,"Girya":4,"Blue Candle":6,"Oddly Smooth Stone":12,"Pen Nib":4,"PreservedInsect":12,"Omamori":18,"Question Card":25,"Calling Bell":8,"OrangePellets":12,"Anchor":13,"Art of War":8,"Bag of Marbles":22,"FossilizedHelix":8,"Toy Ornithopter":22},{"Lantern":72,"Calipers":51,"StoneCalendar":112,"Juzu Bracelet":42,"Incense Burner":103,"Cursed Key":70,"Centennial Puzzle":79,"Ninja Scroll":38,"Sundial":55,"Gambling Chip":21,"Red Mask":112,"Toxic Egg 2":14,"InkBottle":16,"Ring of the Snake":0,"Girya":16,"Blue Candle":25,"Oddly Smooth Stone":49,"Pen Nib":16,"PreservedInsect":49,"Omamori":72,"Question Card":108,"Calling Bell":38,"OrangePellets":49,"Anchor":51,"Art of War":38,"Bag of Marbles":93,"FossilizedHelix":38,"Toy Ornithopter":93}],"InkBottle":[38],"Toy Ornithopter":4,"Ring of the Snake":[54]},"card_choices":[{"not_picked":["Whirlwind","Thunderclap"],"picked":"Escape Plan","floor":1},{"not_picked":["Whirlwind","Underhanded Strike"],"picked":"Spot Weakness","floor":2},{"not_picked":["Evolve","Body Slam"],"picked":"Concentrate","floor":3},{"not_picked":["Tactician+1","Unload","Juggernaut"],"picked":"SKIP","floor":7},{"not_picked":["Cleave","Reflex+1"],"picked":"Deflect+1","floor":10},{"not_picked":["Flex+1","Backflip+1"],"picked":"Uppercut","floor":11},{"not_picked":["Shockwave+1","Dodge and Roll+1"],"picked":"Entrench+1","floor":14},{"not_picked":["Fiend Fire","Reaper"],"picked":"Night Terror+1","floor":16},{"not_picked":["Flying Knee","Thunderclap+1"],"picked":"Spot Weakness+1","floor":18},{"not_picked":["Dagger Spray+1","Sword Boomerang","Dagger Throw+1"],"picked":"SKIP","floor":19},{"not_picked":["Dagger Spray+1","Inflame"],"picked":"Feed","floor":22},{"not_picked":["Rupture","Cleave","Twin Strike"],"picked":"SKIP","floor":23},{"not_picked":["Searing Blow","Cleave","Blood for Blood"],"picked":"SKIP","floor":25},{"not_picked":["True Grit+1","Perfected Strike+1"],"picked":"Shrug It Off+1","floor":29},{"not_picked":["Reflex+1","Second Wind+1"],"picked":"Venomology+1","floor":30},{"not_picked":["Havoc+1","Sword Boomerang"],"picked":"Burning Pact+1","floor":31},{"not_picked":["Berserk","Die Die Die"],"picked":"Corruption","floor":33},{"not_picked":["Prepared+1","Poisoned Stab"],"picked":"Flame Barrier+1","floor":35},{"not_picked":["Transmutation+1","The Bomb+1"],"picked":"Panacea+1","floor":36},{"not_picked":["Forethought+1","Good Instincts+1"],"picked":"Discovery+1","floor":36},{"not_picked":["Panache","Mayhem"],"picked":"Chrysalis+1","floor":36},{"not_picked":["Warcry+1","Clothesline+1","Underhanded Strike+1"],"picked":"SKIP","floor":39},{"not_picked":["Outmaneuver+1","Pommel Strike","Skewer+1"],"picked":"SKIP","floor":40},{"not_picked":["Headbutt","Riddle With Holes"],"picked":"PiercingWail+1","floor":41},{"not_picked":["Bane","Rage+1"],"picked":"Headbutt","floor":42},{"not_picked":["A Thousand Cuts","Noxious Fumes+1","Perfected Strike"],"picked":"SKIP","floor":44},{"not_picked":["Sword Boomerang","Footwork"],"picked":"PiercingWail+1","floor":45},{"not_picked":["Underhanded Strike","Blade Dance+1"],"picked":"Juggernaut","floor":46},{"not_picked":["Distraction+1","Heavy Blade","Rupture+1"],"picked":"PiercingWail+1","floor":47}],"player_experience":1342220,"relics_obtained":[{"floor":7,"key":"Girya"},{"floor":9,"key":"InkBottle"},{"floor":10,"key":"Gambling Chip"},{"floor":17,"key":"Ninja Scroll"},{"floor":17,"key":"Art of War"},{"floor":17,"key":"FossilizedHelix"},{"floor":23,"key":"PreservedInsect"},{"floor":25,"key":"Calipers"},{"floor":26,"key":"Anchor"},{"floor":30,"key":"Sundial"},{"floor":37,"key":"Omamori"},{"floor":40,"key":"Centennial Puzzle"},{"floor":42,"key":"Bag of Marbles"},{"floor":43,"key":"Toy Ornithopter"},{"floor":45,"key":"Incense Burner"},{"floor":46,"key":"Question Card"},{"floor":47,"key":"StoneCalendar"}],"event_choices":[{"damage_healed":0,"gold_gain":0,"player_choice":"Leave","damage_taken":0,"max_hp_gain":0,"max_hp_loss":0,"event_name":"The Cleric","floor":4,"gold_loss":0},{"damage_healed":0,"gold_gain":0,"player_choice":"Box","damage_taken":0,"relics_obtained":["Toxic Egg 2"],"max_hp_gain":0,"max_hp_loss":0,"event_name":"Big Fish","floor":5,"gold_loss":0,"cards_obtained":["Regret"]},{"damage_healed":0,"gold_gain":0,"player_choice":"Success","damage_taken":7,"relics_obtained":["Blue Candle"],"max_hp_gain":0,"max_hp_loss":0,"event_name":"Scrap Ooze","floor":13,"gold_loss":0},{"damage_healed":0,"gold_gain":99,"player_choice":"Stole From Cult","damage_taken":0,"max_hp_gain":0,"max_hp_loss":0,"event_name":"Nest","floor":20,"gold_loss":0},{"damage_healed":0,"gold_gain":0,"player_choice":"Stole Relic","damage_taken":0,"relics_obtained":["Juzu Bracelet"],"max_hp_gain":0,"max_hp_loss":0,"event_name":"Addict","floor":21,"gold_loss":0,"cards_obtained":["Shame"]},{"damage_healed":0,"gold_gain":0,"player_choice":"Memory 3","damage_taken":10,"max_hp_gain":0,"max_hp_loss":0,"event_name":"SensoryStone","floor":36,"gold_loss":0},{"damage_healed":0,"gold_gain":0,"player_choice":"Fight","damage_taken":0,"max_hp_gain":0,"max_hp_loss":0,"event_name":"MindBloom","floor":45,"gold_loss":0},{"damage_healed":0,"gold_gain":0,"player_choice":"Fight","damage_taken":0,"max_hp_gain":0,"max_hp_loss":0,"event_name":"Mysterious Sphere","floor":47,"gold_loss":0},{"damage_healed":0,"gold_gain":0,"player_choice":"Paid","damage_taken":0,"relics_obtained":["Red Mask"],"max_hp_gain":0,"max_hp_loss":0,"event_name":"Tomb of Lord Red Mask","floor":48,"gold_loss":302}],"is_beta":false,"boss_relics":[{"not_picked":["Velvet Choker","HoveringKite"],"picked":"Calling Bell"},{"not_picked":["Empty Cage","Tiny House"],"picked":"Cursed Key"}],"items_purged_floors":[],"is_endless":false,"potions_floor_spawned":[3,10,16,25,30,31,33,35,40,41,45,46],"ascension_level":0}}