{"host":"spoxbmo2txwgdxt2","time":1613014764,"event":{"mods":["AchievementEnabler","BaseMod","Colored Powertips","Highlight Path","Minty Spire (QoL Compilation)","Quick Restart","Shop Mod","StSLib"],"gold_per_floor":[111,123,4,22,42,75,75,100,100,100,127,127,127,140,140,235,235,278,291,307,16,27,27,55,55,79,79,79],"floor_reached":27,"language":"ZHS","playtime":1908,"items_purged":[],"score":303,"play_id":"8bfeb53e-f270-46a2-9b95-a324dc61c800","local_time":"20210211113924","is_ascension_mode":true,"campfire_choices":[{"data":"Eruption","floor":7.0,"key":"SMITH"},{"data":"Study","floor":10.0,"key":"SMITH"},{"data":"Adaptation","floor":12.0,"key":"SMITH"},{"data":"Vigilance","floor":15.0,"key":"SMITH"},{"data":"Wish","floor":23.0,"key":"SMITH"},{"data":"Wallop","floor":25,"key":"SMITH"}],"circlet_count":0,"master_deck":["Strike_P","Strike_P","Strike_P","Strike_P","Defend_P","Defend_P","Defend_P","Eruption+1","Vigilance+1","FlurryOfBlows","CarveReality","CutThroughFate","Adaptation+1","Study+1","Brilliance","EmptyBody","Wish+1","Pray","Indignation+1","Wallop+1","Alpha"],"relics":["PureWater","Ornamental Fan","Sundial","Singing Bowl","Orichalcum","Coffee Dripper","CaptainsWheel","Shovel"],"acts_visited":[],"potions_floor_usage":[],"damage_taken":[{"damage":0.0,"enemies":"2 Louse","floor":1.0,"turns":1.0},{"damage":0.0,"enemies":"Cultist","floor":2.0,"turns":2.0},{"damage":3.0,"enemies":"Small Slimes","floor":4.0,"turns":4.0},{"damage":4.0,"enemies":"Blue Slaver","floor":5.0,"turns":3.0},{"damage":12.0,"enemies":"Gremlin Nob","floor":6.0,"turns":3.0},{"damage":23.0,"enemies":"Lagavulin","floor":8.0,"turns":4.0},{"damage":5.0,"enemies":"3 Sentries","floor":11.0,"turns":4.0},{"damage":0.0,"enemies":"2 Fungi Beasts","floor":14.0,"turns":2.0},{"damage":16.0,"enemies":"Slime Boss","floor":16.0,"turns":6.0},{"damage":13.0,"enemies":"2 Thieves","floor":18.0,"turns":4.0},{"damage":0.0,"enemies":"Spheric Guardian","floor":19.0,"turns":1.0},{"damage":37.0,"enemies":"Cultist and Chosen","floor":20.0,"turns":6.0},{"damage":15.0,"enemies":"Centurion and Healer","floor":22.0,"turns":6.0},{"damage":13.0,"enemies":"Book of Stabbing","floor":24.0,"turns":4.0},{"damage":19,"enemies":"Gremlin Leader","floor":27,"turns":4}],"seed_played":"1907231245640409330","potions_obtained":[{"floor":2.0,"key":"Weak Potion"},{"floor":6.0,"key":"Weak Potion"},{"floor":11.0,"key":"Fruit Juice"},{"floor":24.0,"key":"Fruit Juice"}],"is_trial":false,"path_per_floor":["M","M","$","M","M","E","R","E","T","R","E","R","?","M","R","B",null,"M","M","M","$","M","R","E","R","T","E"],"character_chosen":"WATCHER","items_purchased":["CutThroughFate","Adaptation","CaptainsWheel"],"campfire_rested":0,"item_purchase_floors":[3,3,21],"current_hp_per_floor":[79,79,79,76,72,60,60,37,37,37,39,39,39,39,39,23,86,75,75,38,38,23,23,15,15,15,0,0],"gold":79,"neow_bonus":"TEN_PERCENT_HP_BONUS","is_daily":false,"chose_seed":false,"campfire_upgraded":6,"win_rate":0.0,"timestamp":1613014764,"path_taken":["M","M","$","M","M","E","R","E","T","R","E","R","?","M","R","BOSS","M","M","?","$","M","R","E","R","T","E"],"items_purchased_type":["Card","Card","Relic"],"build_version":"2020-12-22","purchased_purges":0,"victory":false,"max_hp_per_floor":[79,79,79,79,79,79,79,79,79,79,86,86,86,86,86,86,86,88,88,88,88,88,88,93,93,93,93,93],"card_choices":[{"not_picked":["FollowUp","SashWhip"],"picked":"FlurryOfBlows","floor":1.0},{"not_picked":["BowlingBash","ThirdEye"],"picked":"CarveReality","floor":2.0},{"not_picked":["SashWhip","EmptyBody"],"picked":"Study","floor":4.0},{"not_picked":["EmptyFist","SignatureMove","FollowUp"],"picked":"SKIP","floor":5.0},{"not_picked":["ThirdEye","EmptyFist"],"picked":"Brilliance","floor":6.0},{"not_picked":["CarveReality","SashWhip","Evaluate"],"picked":"SKIP","floor":8.0},{"not_picked":["CrushJoints","Crescendo","JustLucky"],"picked":"Singing Bowl","floor":11.0},{"not_picked":["WreathOfFlame","Consecrate"],"picked":"EmptyBody","floor":14.0},{"not_picked":["Omniscience","Alpha"],"picked":"Wish","floor":16.0},{"not_picked":["LikeWater","FlurryOfBlows","BowlingBash"],"picked":"Singing Bowl","floor":18.0},{"not_picked":["WaveOfTheHand+1","Consecrate"],"picked":"Pray","floor":19.0},{"not_picked":["CutThroughFate","Crescendo"],"picked":"Indignation+1","floor":20.0},{"not_picked":["BattleHymn","WheelKick"],"picked":"Wallop","floor":22.0},{"not_picked":["SashWhip","Vengeance+1"],"picked":"Alpha","floor":24.0}],"player_experience":318126,"relics_obtained":[{"floor":6.0,"key":"Ornamental Fan"},{"floor":8.0,"key":"Sundial"},{"floor":9.0,"key":"Singing Bowl"},{"floor":11.0,"key":"Orichalcum"},{"floor":24.0,"key":"Shovel"}],"event_choices":[{"cards_removed":["Defend_P"],"damage_healed":0.0,"max_hp_gain":0.0,"max_hp_loss":0.0,"gold_gain":0.0,"event_name":"Purifier","player_choice":"Purged","floor":13.0,"gold_loss":0.0,"damage_taken":0.0}],"is_beta":false,"boss_relics":[{"not_picked":["Snecko Eye","VioletLotus"],"picked":"Coffee Dripper"}],"items_purged_floors":[],"is_endless":false,"potions_floor_spawned":[2,6,11,24],"killed_by":"Gremlin Leader","ascension_level":2}}