{"host":"36t3qd3wjvajtu1z","time":1613003182,"event":{"mods":["2.2 Compatiblity","AchievementEnabler","BaseMod","Bestiary","Block Reminder","Colored Powertips","Curses Come First","Highlight Path","Minty Spire (QoL Compilation)","Permanent Neow","Quick Restart","Random Character Button","Rare Cards Sparkle","Relic Stats","Slay-I","StSLib","Unknown Chances"],"gold_per_floor":[110,110,126,12,12,12,53,87,87,130,144,15,30,43,43,136,136,160,160,185,204,227,227,227,227],"floor_reached":24,"language":"ENG","playtime":1404,"items_purged":["Injury","Strike_G"],"score":416,"play_id":"97473d91-6eb6-4111-95d0-61225567e2d2","local_time":"20210210162622","is_ascension_mode":true,"campfire_choices":[{"data":"Neutralize","floor":6.0,"key":"SMITH"},{"floor":15.0,"key":"REST"},{"floor":23,"key":"REST"}],"circlet_count":0,"master_deck":["AscendersBane","Strike_G","Strike_G","Strike_G","Strike_G","Defend_G","Defend_G","Defend_G","Defend_G","Defend_G","Survivor","Neutralize+1","Dagger Throw","Backstab","Eviscerate","Deadly Poison","All Out Attack","Unload","Underhanded Strike","Deadly Poison","Caltrops","Reflex","Venomology","Calculated Gamble","Infinite Blades","Leg Sweep"],"relics":["Ring of the Snake","Turnip","Golden Idol","Ice Cream","Nunchaku","Odd Mushroom","StrikeDummy","Dream Catcher","Black Star"],"acts_visited":["Exordium","TheCity"],"potions_floor_usage":[21,21,22,22,24],"damage_taken":[{"damage":0.0,"enemies":"Jaw Worm","floor":1.0,"turns":5.0},{"damage":2.0,"enemies":"Small Slimes","floor":3.0,"turns":4.0},{"damage":24.0,"enemies":"Gremlin Nob","floor":7.0,"turns":4.0},{"damage":6.0,"enemies":"The Mushroom Lair","floor":8.0,"turns":3.0},{"damage":12.0,"enemies":"3 Sentries","floor":10.0,"turns":6.0},{"damage":0.0,"enemies":"Cultist","floor":11.0,"turns":2.0},{"damage":0.0,"enemies":"Exordium Thugs","floor":13.0,"turns":4.0},{"damage":0.0,"enemies":"Gremlin Gang","floor":14.0,"turns":4.0},{"damage":19.0,"enemies":"The Guardian","floor":16.0,"turns":8.0},{"damage":15.0,"enemies":"Shell Parasite","floor":18.0,"turns":3.0},{"damage":18,"enemies":"3 Byrds","floor":20,"turns":5},{"damage":0,"enemies":"Centurion and Healer","floor":21,"turns":8},{"damage":10,"enemies":"Chosen and Byrds","floor":22,"turns":5},{"damage":22,"enemies":"Slavers","floor":24,"turns":2}],"seed_played":"4914535846435332003","potions_obtained":[{"floor":7.0,"key":"SteroidPotion"},{"floor":8.0,"key":"Energy Potion"},{"floor":10.0,"key":"SkillPotion"},{"floor":11.0,"key":"Dexterity Potion"},{"floor":14.0,"key":"Poison Potion"},{"floor":16.0,"key":"Fire Potion"},{"floor":18.0,"key":"DuplicationPotion"},{"floor":21,"key":"AttackPotion"}],"is_trial":false,"path_per_floor":["M","?","M","$","?","R","E","?","T","E","M","$","M","M","R","B",null,"M","?","M","M","M","R","E"],"character_chosen":"THE_SILENT","items_purchased":["Eviscerate","Deadly Poison"],"campfire_rested":2,"item_purchase_floors":[4,12],"current_hp_per_floor":[59,59,57,57,46,46,22,16,16,4,4,4,4,4,22,3,46,31,31,13,13,3,21,0,0],"gold":227,"neow_bonus":"ONE_RARE_RELIC","is_daily":false,"chose_seed":false,"campfire_upgraded":1,"win_rate":0.0,"timestamp":1613003182,"path_taken":["M","?","M","?","?","R","E","?","T","E","M","$","M","M","R","BOSS","M","?","M","M","M","R","E"],"items_purchased_type":["Card","Card"],"build_version":"2020-12-22","purchased_purges":2,"victory":false,"max_hp_per_floor":[60,60,60,60,60,60,60,60,60,60,60,60,60,60,60,60,60,60,60,60,60,60,60,60,60],"relic_stats":{"Nunchaku":[10],"Dream Catcher":2,"counters":[14,63],"Golden Idol":74,"Turnip":[7],"Black Star":0,"obtain_stats":[{"Ice Cream":5,"Nunchaku":7,"Dream Catcher":10,"Golden Idol":2,"Turnip":0,"Black Star":17,"Odd Mushroom":8,"StrikeDummy":9,"Ring of the Snake":0},{"Ice Cream":2,"Nunchaku":3,"Dream Catcher":5,"Golden Idol":1,"Turnip":0,"Black Star":9,"Odd Mushroom":4,"StrikeDummy":4,"Ring of the Snake":0},{"Ice Cream":9,"Nunchaku":13,"Dream Catcher":22,"Golden Idol":5,"Turnip":0,"Black Star":40,"Odd Mushroom":16,"StrikeDummy":16,"Ring of the Snake":0}],"Ring of the Snake":[28]},"card_choices":[{"not_picked":["Flying Knee","Blade Dance"],"picked":"Dagger Throw","floor":1.0},{"not_picked":["Riddle With Holes","Infinite Blades"],"picked":"Backstab","floor":3.0},{"not_picked":["Caltrops","Blur"],"picked":"Deadly Poison","floor":7.0},{"not_picked":["PiercingWail","Flechettes"],"picked":"All Out Attack","floor":8.0},{"not_picked":["Crippling Poison","Dagger Throw"],"picked":"Unload","floor":10.0},{"not_picked":["Outmaneuver","Backflip"],"picked":"Underhanded Strike","floor":11.0},{"not_picked":["Dodge and Roll","Dagger Spray","Bane"],"picked":"SKIP","floor":13.0},{"not_picked":["Slice","Blade Dance"],"picked":"Caltrops","floor":14.0},{"not_picked":["Sucker Punch","Backflip"],"picked":"Reflex","floor":15.0},{"not_picked":["Die Die Die","Doppelganger"],"picked":"Venomology","floor":16.0},{"not_picked":["Dash","Deadly Poison"],"picked":"Calculated Gamble","floor":18.0},{"not_picked":["Finisher","Slice"],"picked":"Infinite Blades","floor":20},{"not_picked":["Underhanded Strike","Backstab","Expertise"],"picked":"SKIP","floor":21},{"not_picked":["Catalyst","Flying Knee"],"picked":"Leg Sweep","floor":22}],"player_experience":478496,"relics_obtained":[{"floor":7.0,"key":"Nunchaku"},{"floor":8.0,"key":"Odd Mushroom"},{"floor":9.0,"key":"StrikeDummy"},{"floor":10.0,"key":"Dream Catcher"}],"event_choices":[{"damage_healed":0.0,"max_hp_gain":0.0,"max_hp_loss":0.0,"gold_gain":0.0,"event_name":"Golden Idol","player_choice":"Take Wound","floor":2.0,"gold_loss":0.0,"damage_taken":0.0,"relics_obtained":["Golden Idol"],"cards_obtained":["Injury"]},{"damage_healed":0.0,"max_hp_gain":0.0,"max_hp_loss":0.0,"gold_gain":0.0,"event_name":"Scrap Ooze","player_choice":"Success","floor":5.0,"gold_loss":0.0,"damage_taken":11.0,"relics_obtained":["Ice Cream"]},{"damage_healed":0.0,"max_hp_gain":0.0,"max_hp_loss":0.0,"gold_gain":0.0,"event_name":"Mushrooms","player_choice":"Fought Mushrooms","floor":8.0,"gold_loss":0.0,"damage_taken":0.0},{"damage_healed":0.0,"max_hp_gain":0.0,"max_hp_loss":0.0,"gold_gain":0.0,"event_name":"Vampires","player_choice":"Ignored","floor":19.0,"gold_loss":0.0,"damage_taken":0.0}],"is_beta":false,"boss_relics":[{"not_picked":["Coffee Dripper","SlaversCollar"],"picked":"Black Star"}],"items_purged_floors":[4,12],"is_endless":false,"potions_floor_spawned":[7,8,10,11,14,16,18,21],"killed_by":"Slavers","ascension_level":20}}