{"host":"mqhvlr3kpxebko0t","time":1613066698,"event":{"mods":["AchievementEnabler","BaseMod","Colored Map","Colored Powertips","KOR Keyword Fix","Keyboard Shortcuts","Minty Spire (QoL Compilation)","StSLib","SuperFastMode"],"gold_per_floor":[117,134,134,59,59,102,131,131,205,248,173,190,90,90,90,90,90],"floor_reached":16,"language":"KOR","playtime":208,"items_purged":["Strike_R","Strike_R"],"score":266,"play_id":"0c9bae37-b061-472c-9003-0f3ba3800cb2","local_time":"20210212030458","is_ascension_mode":true,"campfire_choices":[{"data":"Body Slam","floor":8.0,"key":"SMITH"},{"data":"Strike_R","floor":15.0,"key":"PURGE"}],"circlet_count":0,"master_deck":["AscendersBane","Strike_R","Defend_R","Defend_R","Defend_R","Defend_R","Bash","Shrug It Off","Body Slam+1","Shrug It Off","Pommel Strike"],"relics":["Burning Blood","NeowsBlessing","Pen Nib","CeramicFish","Peace Pipe","Golden Idol"],"acts_visited":["Exordium"],"potions_floor_usage":[16,16],"damage_taken":[{"damage":0.0,"enemies":"Small Slimes","floor":1.0,"turns":1.0},{"damage":0.0,"enemies":"2 Louse","floor":2.0,"turns":1.0},{"damage":0.0,"enemies":"Lagavulin","floor":6.0,"turns":1.0},{"damage":23.0,"enemies":"Jaw Worm","floor":7.0,"turns":6.0},{"damage":53.0,"enemies":"Gremlin Nob","floor":10.0,"turns":5.0},{"damage":15.0,"enemies":"3 Louse","floor":12.0,"turns":4.0},{"damage":19,"enemies":"The Guardian","floor":16,"turns":10}],"seed_played":"8446988624814892018","potions_obtained":[{"floor":2.0,"key":"EssenceOfSteel"},{"floor":6.0,"key":"PowerPotion"},{"floor":12.0,"key":"Fire Potion"}],"is_trial":false,"path_per_floor":["M","M","?","$","?","E","M","R","T","E","?","M","$","?","R","B"],"character_chosen":"IRONCLAD","items_purchased":[],"campfire_rested":0,"item_purchase_floors":[],"current_hp_per_floor":[74,75,70,70,75,80,63,63,63,16,16,7,7,7,7,0,0],"gold":90,"neow_bonus":"THREE_ENEMY_KILL","is_daily":false,"chose_seed":false,"campfire_upgraded":1,"win_rate":0.0,"timestamp":1613066698,"path_taken":["M","M","?","$","?","E","M","R","T","E","?","M","$","?","R","BOSS"],"items_purchased_type":[],"build_version":"2020-12-22","purchased_purges":2,"victory":false,"max_hp_per_floor":[75,75,75,75,80,80,80,80,80,80,80,80,80,72,72,72,72],"card_choices":[{"not_picked":["Perfected Strike","Clothesline","Heavy Blade"],"picked":"SKIP","floor":1.0},{"not_picked":["True Grit","Body Slam"],"picked":"Shrug It Off","floor":2.0},{"not_picked":["Power Through","Disarm"],"picked":"Body Slam","floor":6.0},{"not_picked":["Cleave","Rampage"],"picked":"Shrug It Off","floor":7.0},{"not_picked":["Iron Wave","Warcry"],"picked":"Pommel Strike","floor":10.0},{"not_picked":["Hemokinesis","Iron Wave","Dual Wield"],"picked":"SKIP","floor":12.0}],"player_experience":714320,"relics_obtained":[{"floor":6.0,"key":"CeramicFish"},{"floor":10.0,"key":"Peace Pipe"}],"event_choices":[{"damage_healed":0.0,"max_hp_gain":0.0,"max_hp_loss":0.0,"gold_gain":0.0,"event_name":"Scrap Ooze","player_choice":"Success","floor":3.0,"gold_loss":0.0,"damage_taken":5.0,"relics_obtained":["Pen Nib"]},{"damage_healed":0.0,"max_hp_gain":5.0,"max_hp_loss":0.0,"gold_gain":0.0,"event_name":"Big Fish","player_choice":"Donut","floor":5.0,"gold_loss":0.0,"damage_taken":0.0},{"cards_removed":["Strike_R"],"damage_healed":0.0,"max_hp_gain":0.0,"max_hp_loss":0.0,"gold_gain":0.0,"event_name":"The Cleric","player_choice":"Card Removal","floor":11.0,"gold_loss":75.0,"damage_taken":0.0},{"damage_healed":0.0,"max_hp_gain":0.0,"max_hp_loss":8.0,"gold_gain":0.0,"event_name":"Golden Idol","player_choice":"Lose Max HP","floor":14.0,"gold_loss":0.0,"damage_taken":0.0,"relics_obtained":["Golden Idol"]}],"is_beta":false,"boss_relics":[],"items_purged_floors":[4,13],"is_endless":false,"potions_floor_spawned":[2,6,12],"killed_by":"The Guardian","ascension_level":20}}