{"host":"syozzdlzcqop4jia","time":1613087372,"event":{"mods":["AchievementEnabler","BaseMod","Colored Map","Colored Powertips","Minty Spire (QoL Compilation)","Quick Restart"],"gold_per_floor":[113,113,113,128,128,128,141,141,167,16,36,51,81,6,6,102,102,115,146,163,0,13,13,13,13,40,54,54,54,54,54],"floor_reached":30,"language":"ENG","playtime":1596,"items_purged":[],"score":218,"play_id":"4634bb43-9d5d-48d6-b116-fc3a23b613ba","local_time":"20210212004932","is_ascension_mode":false,"campfire_choices":[{"floor":6,"key":"RECALL"},{"data":"Zap","floor":8,"key":"SMITH"},{"data":"Chaos","floor":15,"key":"SMITH"},{"data":"The Bomb","floor":23,"key":"SMITH"},{"data":"Thunder Strike","floor":25,"key":"SMITH"}],"circlet_count":0,"master_deck":["Strike_B","Strike_B","Strike_B","Strike_B","Defend_B","Defend_B","Defend_B","Defend_B","Zap+1","Dualcast","Conserve Battery","Self Repair+1","Conserve Battery","Cold Snap","Rebound","Tempest","Rip and Tear","Chaos+1","Thunder Strike+1","White Noise","Compile Driver","Rebound+1","The Bomb+1","Genetic Algorithm+1","Conserve Battery"],"relics":["Cracked Core","DataDisk","Bag of Marbles","Odd Mushroom","Nuclear Battery","Red Mask","Tiny Chest","Enchiridion"],"acts_visited":["Exordium","TheCity"],"potions_floor_usage":[27],"damage_taken":[{"damage":0,"enemies":"Small Slimes","floor":1,"turns":3},{"damage":3,"enemies":"Jaw Worm","floor":4,"turns":4},{"damage":0,"enemies":"2 Louse","floor":7,"turns":3},{"damage":2,"enemies":"Blue Slaver","floor":11,"turns":3},{"damage":0,"enemies":"2 Fungi Beasts","floor":12,"turns":3},{"damage":15,"enemies":"The Mushroom Lair","floor":13,"turns":4},{"damage":35,"enemies":"Slime Boss","floor":16,"turns":10},{"damage":0,"enemies":"Spheric Guardian","floor":18,"turns":3},{"damage":11,"enemies":"Masked Bandits","floor":19,"turns":4},{"damage":0,"enemies":"Chosen","floor":20,"turns":4},{"damage":8,"enemies":"Centurion and Healer","floor":22,"turns":3},{"damage":38,"enemies":"Shelled Parasite and Fungi","floor":27,"turns":5},{"damage":22,"enemies":"Gremlin Leader","floor":30,"turns":4}],"seed_played":"-5302086652736564938","potions_obtained":[{"floor":7,"key":"SkillPotion"},{"floor":11,"key":"Ancient Potion"},{"floor":16,"key":"Energy Potion"},{"floor":18,"key":"EssenceOfSteel"},{"floor":20,"key":"PotionOfCapacity"},{"floor":27,"key":"FocusPotion"}],"is_trial":false,"path_per_floor":["M","?","?","M","?","R","M","R","T","$","M","M","?","$","R","B",null,"M","?","M","$","M","R","?","R","T","M","?","?","E"],"character_chosen":"DEFECT","items_purchased":["Bag of Marbles","Chaos","The Bomb"],"campfire_rested":0,"item_purchase_floors":[10,14,21],"current_hp_per_floor":[75,68,68,75,80,80,80,80,80,80,80,80,65,65,65,40,80,80,80,80,80,80,80,65,65,65,37,37,21,0,0],"gold":54,"neow_bonus":"THREE_CARDS","is_daily":false,"chose_seed":false,"campfire_upgraded":4,"win_rate":0.0,"timestamp":1613087372,"path_taken":["M","?","?","M","?","R","M","R","T","?","M","M","?","$","R","BOSS","M","?","M","$","M","R","?","R","T","M","?","?","E"],"items_purchased_type":["Relic","Card","Card"],"build_version":"2020-12-22","purchased_purges":0,"victory":false,"max_hp_per_floor":[75,75,75,75,80,80,80,80,80,80,80,80,80,80,80,80,80,80,80,80,80,80,80,85,85,85,85,85,85,85,85],"card_choices":[{"not_picked":["Beam Cell","Gash"],"picked":"Conserve Battery","floor":0},{"not_picked":["Rebound","Chill"],"picked":"Self Repair","floor":1},{"not_picked":["Reprogram","Heatsinks"],"picked":"Conserve Battery","floor":4},{"not_picked":["Beam Cell","Compile Driver"],"picked":"Cold Snap","floor":7},{"not_picked":["Barrage","Go for the Eyes"],"picked":"Rebound","floor":11},{"not_picked":["Auto Shields","Steam"],"picked":"Tempest","floor":12},{"not_picked":["Force Field","Doom and Gloom"],"picked":"Rip and Tear","floor":13},{"not_picked":["Echo Form","Meteor Strike"],"picked":"Thunder Strike","floor":16},{"not_picked":["Consume","Tempest"],"picked":"White Noise","floor":18},{"not_picked":["Stack","Reprogram"],"picked":"Compile Driver","floor":19},{"not_picked":["Leap","Beam Cell"],"picked":"Rebound+1","floor":20},{"not_picked":["Beam Cell","All For One"],"picked":"Genetic Algorithm+1","floor":22},{"not_picked":["Go for the Eyes+1","Reinforced Body"],"picked":"Conserve Battery","floor":27}],"player_experience":690454,"relics_obtained":[{"floor":13,"key":"Odd Mushroom"},{"floor":19,"key":"Red Mask"},{"floor":26,"key":"Tiny Chest"},{"floor":29,"key":"Enchiridion"}],"event_choices":[{"damage_healed":0,"gold_gain":0,"player_choice":"Success","damage_taken":7,"relics_obtained":["DataDisk"],"max_hp_gain":0,"max_hp_loss":0,"event_name":"Scrap Ooze","floor":2,"gold_loss":0},{"damage_healed":0,"gold_gain":0,"player_choice":"Grow","damage_taken":0,"max_hp_gain":0,"max_hp_loss":0,"event_name":"Living Wall","floor":3,"gold_loss":0,"cards_upgraded":["Self Repair"]},{"damage_healed":0,"gold_gain":0,"player_choice":"Donut","damage_taken":0,"max_hp_gain":5,"max_hp_loss":0,"event_name":"Big Fish","floor":5,"gold_loss":0},{"damage_healed":0,"gold_gain":0,"player_choice":"Fought Mushrooms","damage_taken":0,"max_hp_gain":0,"max_hp_loss":0,"event_name":"Mushrooms","floor":13,"gold_loss":0},{"damage_healed":0,"gold_gain":0,"player_choice":"Fought Bandits","damage_taken":0,"max_hp_gain":0,"max_hp_loss":0,"event_name":"Masked Bandits","floor":19,"gold_loss":0},{"damage_healed":0,"gold_gain":0,"player_choice":"Shed Blood","damage_taken":20,"max_hp_gain":5,"max_hp_loss":0,"event_name":"Forgotten Altar","floor":24,"gold_loss":0},{"damage_healed":0,"gold_gain":0,"player_choice":"Ignored","damage_taken":0,"max_hp_gain":0,"max_hp_loss":0,"event_name":"The Mausoleum","floor":28,"gold_loss":0},{"damage_healed":0,"gold_gain":0,"player_choice":"Obtained Book","damage_taken":16,"max_hp_gain":0,"max_hp_loss":0,"event_name":"Cursed Tome","floor":29,"gold_loss":0}],"is_beta":false,"boss_relics":[{"not_picked":["FrozenCore","Snecko Eye"],"picked":"Nuclear Battery"}],"items_purged_floors":[],"is_endless":false,"potions_floor_spawned":[7,11,16,18,20,22,27],"killed_by":"Gremlin Leader","ascension_level":0}}