{"host":"lktusdb9orijgc6z","time":1613055919,"event":{"mods":["BaseMod","Bestiary","Colored Map","Colored Powertips","Filter the Spire","Minty Spire (QoL Compilation)","Permanent Neow","Quick Restart","Relic Stats","StSLib","everything is the same but u backflip on backflip","slay the spire mod where everything is the same but ironclad has a cowboy hat"],"gold_per_floor":[119,35,210,2,15,15,28,28,55,81,29,58,58,92,92,92,92],"floor_reached":16,"language":"ENG","playtime":504,"items_purged":["Doubt"],"score":240,"play_id":"8c12dac5-4c18-47fc-bcea-243ee370c538","local_time":"20210211160519","is_ascension_mode":true,"campfire_choices":[{"floor":6.0,"key":"REST"},{"data":"Trip","floor":8.0,"key":"SMITH"},{"floor":15.0,"key":"REST"}],"circlet_count":0,"master_deck":["AscendersBane","Bash","Dropkick","Flex","Dual Wield","Trip+1","Dual Wield","Dropkick"],"relics":["Pandora\u0027s Box","Regal Pillow","Charon\u0027s Ashes","Shovel","Potion Belt"],"acts_visited":["Exordium"],"potions_floor_usage":[16],"damage_taken":[{"damage":39.0,"enemies":"Jaw Worm","floor":1.0,"turns":5.0},{"damage":6.0,"enemies":"2 Louse","floor":5.0,"turns":2.0},{"damage":0.0,"enemies":"Cultist","floor":7.0,"turns":2.0},{"damage":40.0,"enemies":"3 Sentries","floor":10.0,"turns":5.0},{"damage":0.0,"enemies":"Gremlin Nob","floor":12.0,"turns":2.0},{"damage":8.0,"enemies":"Lagavulin","floor":14.0,"turns":3.0},{"damage":40,"enemies":"The Guardian","floor":16,"turns":5}],"seed_played":"399447177286181375","potions_obtained":[{"floor":10.0,"key":"Block Potion"},{"floor":12.0,"key":"LiquidMemories"},{"floor":14.0,"key":"Strength Potion"}],"is_trial":false,"path_per_floor":["M","$","?","$","M","R","M","R","T","E","$","E","?","E","R","B"],"character_chosen":"IRONCLAD","items_purchased":["Dropkick","Flex","Dual Wield","Trip","SteroidPotion"],"campfire_rested":2,"item_purchase_floors":[2,2,4,4,11],"current_hp_per_floor":[29,29,29,29,23,45,45,45,45,5,5,5,10,2,39,0,0],"gold":92,"neow_bonus":"BOSS_RELIC","is_daily":false,"chose_seed":false,"campfire_upgraded":1,"win_rate":0.0,"timestamp":1613055919,"path_taken":["M","$","?","$","M","R","M","R","T","E","$","E","?","E","R","BOSS"],"items_purchased_type":["Card","Card","Card","Card","Potion"],"build_version":"2020-12-22","purchased_purges":1,"victory":false,"max_hp_per_floor":[75,75,75,75,75,75,75,75,75,75,75,75,75,75,75,75,75],"relic_stats":{"Regal Pillow":15,"Shovel":0,"counters":[7,24],"Pandora\u0027s Box":["Exhume","Demon Form","Iron Wave","Ghostly Armor","Dark Embrace","Spot Weakness","Feed","Rupture","Dropkick"],"Charon\u0027s Ashes":[3],"obtain_stats":[{"Potion Belt":14,"Regal Pillow":9,"Shovel":12,"Pandora\u0027s Box":0,"Charon\u0027s Ashes":10,"Burning Blood":0},{"Potion Belt":6,"Regal Pillow":3,"Shovel":5,"Pandora\u0027s Box":0,"Charon\u0027s Ashes":4,"Burning Blood":0},{"Potion Belt":19,"Regal Pillow":9,"Shovel":16,"Pandora\u0027s Box":0,"Charon\u0027s Ashes":14,"Burning Blood":0}]},"card_choices":[{"not_picked":["Shrug It Off","Rage"],"picked":"Sword Boomerang","floor":1.0},{"not_picked":["Anger","Cleave","Infernal Blade"],"picked":"SKIP","floor":5.0},{"not_picked":["Perfected Strike","Pummel","Spot Weakness"],"picked":"SKIP","floor":7.0},{"not_picked":["Perfected Strike","Pummel","Spot Weakness"],"picked":"SKIP","floor":7.0},{"not_picked":["Perfected Strike","Pummel","Spot Weakness"],"picked":"SKIP","floor":7.0},{"not_picked":["Burning Pact","Hemokinesis"],"picked":"Dual Wield","floor":10.0},{"not_picked":["Armaments","Carnage","Thunderclap"],"picked":"SKIP","floor":12.0},{"not_picked":["Evolve","Sentinel"],"picked":"Dropkick","floor":14.0}],"player_experience":785548,"relics_obtained":[{"floor":9.0,"key":"Regal Pillow"},{"floor":10.0,"key":"Charon\u0027s Ashes"},{"floor":12.0,"key":"Shovel"},{"floor":14.0,"key":"Potion Belt"}],"event_choices":[{"damage_healed":0.0,"max_hp_gain":0.0,"max_hp_loss":0.0,"gold_gain":175.0,"event_name":"Liars Game","player_choice":"AGREE","floor":3.0,"gold_loss":0.0,"damage_taken":0.0,"cards_obtained":["Doubt"]},{"cards_removed":["Sword Boomerang"],"damage_healed":5.0,"max_hp_gain":0.0,"max_hp_loss":0.0,"gold_gain":0.0,"event_name":"Bonfire Elementals","player_choice":"Offered Common","floor":13.0,"gold_loss":0.0,"damage_taken":0.0},{"cards_removed":["Sword Boomerang"],"damage_healed":5.0,"max_hp_gain":0.0,"max_hp_loss":0.0,"gold_gain":0.0,"event_name":"Bonfire Elementals","player_choice":"Offered Special","floor":13.0,"gold_loss":0.0,"damage_taken":0.0}],"is_beta":false,"boss_relics":[],"items_purged_floors":[4],"is_endless":false,"potions_floor_spawned":[10,12,14],"killed_by":"The Guardian","ascension_level":14}}