{"host":"aapp7ew3jk5k1bvd","time":1613054810,"event":{"mods":["AchievementEnabler","BaseMod","Colored Map","Custom Start","Keyboard Shortcuts","Minty Spire (QoL Compilation)","Permanent Neow","Quick Restart","StSLib","SuperFastMode"],"gold_per_floor":[109,122,137,149,149,177,177,177,177,177,177,102,115,125,125,125,125],"floor_reached":16,"language":"KOR","playtime":424,"items_purged":["Strike_P"],"score":143,"play_id":"1ae5873f-67a9-4ecc-a179-709fd9743cbd","local_time":"20210211234650","is_ascension_mode":true,"campfire_choices":[{"floor":8,"key":"REST"},{"floor":10,"key":"REST"},{"data":"Halt","floor":15,"key":"SMITH"}],"circlet_count":0,"master_deck":["Strike_P","Strike_P","Defend_P","Defend_P","Defend_P","Defend_P","Eruption+1","Vigilance","FlurryOfBlows","EmptyFist","Halt+1"],"relics":["PureWater","HornCleat","WingedGreaves","GoldenEye","Pantograph"],"acts_visited":["Exordium"],"potions_floor_usage":[4,16],"damage_taken":[{"damage":0.0,"enemies":"Small Slimes","floor":1.0,"turns":4.0},{"damage":0.0,"enemies":"Cultist","floor":2.0,"turns":2.0},{"damage":0.0,"enemies":"2 Louse","floor":3.0,"turns":2.0},{"damage":3,"enemies":"Exordium Thugs","floor":4,"turns":3},{"damage":24,"enemies":"3 Sentries","floor":6,"turns":8},{"damage":0,"enemies":"Blue Slaver","floor":13,"turns":2},{"damage":0,"enemies":"Exordium Wildlife","floor":14,"turns":3},{"damage":51,"enemies":"The Guardian","floor":16,"turns":14}],"seed_played":"-1361150129931328051","potions_obtained":[{"floor":2.0,"key":"DuplicationPotion"},{"floor":3.0,"key":"GamblersBrew"},{"floor":6,"key":"SteroidPotion"},{"floor":14,"key":"Regen Potion"}],"is_trial":false,"path_per_floor":["M","M","M","M","?","E","?","R","T","R","?","$","M","M","R","B"],"character_chosen":"WATCHER","items_purchased":[],"campfire_rested":2,"item_purchase_floors":[],"current_hp_per_floor":[65,65,65,62,62,38,26,47,47,68,68,68,68,68,68,21,21],"gold":125,"neow_bonus":"UPGRADE_CARD","is_daily":false,"chose_seed":false,"campfire_upgraded":1,"win_rate":0.0,"timestamp":1613054810,"path_taken":["M","M","M","M","?","E","?","R","T","R","?","$","M","M","R","BOSS"],"items_purchased_type":[],"build_version":"2020-12-22","purchased_purges":1,"victory":false,"max_hp_per_floor":[72,72,72,72,72,72,72,72,72,72,72,72,72,72,72,72,72],"card_choices":[{"not_picked":["FollowUp","WindmillStrike"],"picked":"FlurryOfBlows","floor":1.0},{"not_picked":["EmptyMind","Meditate","FlyingSleeves"],"picked":"SKIP","floor":2.0},{"not_picked":["ThirdEye","Nirvana","Prostrate"],"picked":"SKIP","floor":3.0},{"not_picked":["SashWhip","ClearTheMind","Protect"],"picked":"SKIP","floor":4},{"not_picked":["SpiritShield","Wireheading"],"picked":"EmptyFist","floor":6},{"not_picked":["ThirdEye","ClearTheMind","Crescendo"],"picked":"SKIP","floor":13},{"not_picked":["Meditate","FollowUp"],"picked":"Halt","floor":14}],"player_experience":1355771,"relics_obtained":[{"floor":6,"key":"HornCleat"},{"floor":9,"key":"GoldenEye"}],"event_choices":[{"cards_removed":["Strike_P"],"damage_healed":0,"gold_gain":0,"player_choice":"Forget","damage_taken":0,"max_hp_gain":0,"max_hp_loss":0,"event_name":"Living Wall","floor":5,"gold_loss":0},{"damage_healed":0,"gold_gain":0,"player_choice":"Success","damage_taken":12,"relics_obtained":["WingedGreaves"],"max_hp_gain":0,"max_hp_loss":0,"event_name":"Scrap Ooze","floor":7,"gold_loss":0},{"damage_healed":0,"gold_gain":0,"player_choice":"Gave Potion","damage_taken":0,"relics_obtained":["Pantograph"],"max_hp_gain":0,"max_hp_loss":0,"event_name":"WeMeetAgain","floor":11,"gold_loss":0}],"is_beta":false,"boss_relics":[],"items_purged_floors":[12],"is_endless":false,"potions_floor_spawned":[2,3,6,14],"killed_by":"The Guardian","ascension_level":8}}