{"host":"8z36vytlngm24mn0","time":1613085303,"event":{"mods":["Act Like it!","BaseMod","BetterRewards","Friendly Minions","Mimic Mod","Minty Spire (QoL Compilation)","StSLib","The Forsaken"],"gold_per_floor":[118,137,87,87,107,148,148,188,214,214,232,271,271,143,143,273,273,293,203,218,239,263,263,299,299,345,384,398,39,39,63,63,193,193,208,208,233,233,77,77,95,131,178,213,213,276,276,276,276,276,276,276,27,63,63,63],"floor_reached":55,"language":"DEU","playtime":6590,"items_purged":["theForsaken:TheForsaken_Defend","theForsaken:TheForsaken_Strike"],"score":781,"play_id":"af987736-8657-485a-bc4a-eab9d73014d5","local_time":"20210212001503","is_ascension_mode":false,"campfire_choices":[{"data":"theForsaken:Bolster","floor":7.0,"key":"SMITH"},{"data":"theForsaken:Smite","floor":10.0,"key":"SMITH"},{"data":"theForsaken:DesperatePlea","floor":15.0,"key":"SMITH"},{"data":"theForsaken:Prudence","floor":23.0,"key":"SMITH"},{"floor":25.0,"key":"RECALL"},{"data":"theForsaken:WrathOfGod+1","floor":32.0,"key":"SMITH"},{"data":"theForsaken:DivineGuidance","floor":40.0,"key":"SMITH"},{"data":"theForsaken:WrathOfGod+2","floor":45,"key":"SMITH"},{"floor":49,"key":"DIG"},{"floor":52,"key":"DIG"}],"circlet_count":0,"master_deck":["theForsaken:TheForsaken_Strike+1","theForsaken:TheForsaken_Defend","theForsaken:Smite+1","theForsaken:Penitence","theForsaken:Bolster+1","theForsaken:Terrorize","theForsaken:QuickAttack","theForsaken:ChargeAttack","theForsaken:Eulogy","theForsaken:DesperatePlea+1","theForsaken:RainingSunlight","theForsaken:Prudence+1","theForsaken:Bolster","theForsaken:Devotion+1","theForsaken:QuickAttack","theForsaken:AncientWords","theForsaken:WrathOfGod+3","theForsaken:Bolster","theForsaken:SpinAttack+1","theForsaken:MagicWeapon","theForsaken:InspiringBlow+1","theForsaken:Thunderbolt+1","theForsaken:DivineGuidance+1","Parasite","theForsaken:Thunderbolt+1","theForsaken:InspiringBlow+1"],"relics":["theForsaken:JudgementScales","Golden Idol","Bag of Preparation","Centennial Puzzle","WingedGreaves","Velvet Choker","Nunchaku","Molten Egg 2","Bag of Marbles","TungstenRod","MutagenicStrength","Coffee Dripper","ClockworkSouvenir","theForsaken:Gavel","Potion Belt","Singing Bowl","Shovel","Pocketwatch","HornCleat","Vajra","Blood Vial"],"acts_visited":["Exordium","TheCity","TheBeyond","TheEnding"],"potions_floor_usage":[44,55],"damage_taken":[{"damage":2.0,"enemies":"Small Slimes","floor":1.0,"turns":5.0},{"damage":2.0,"enemies":"2 Louse","floor":2.0,"turns":3.0},{"damage":3.0,"enemies":"Cultist","floor":5.0,"turns":4.0},{"damage":4.0,"enemies":"Gremlin Nob","floor":6.0,"turns":4.0},{"damage":22.0,"enemies":"3 Sentries","floor":8.0,"turns":8.0},{"damage":3.0,"enemies":"Red Slaver","floor":11.0,"turns":4.0},{"damage":10.0,"enemies":"Lagavulin","floor":12.0,"turns":7.0},{"damage":20.0,"enemies":"The Guardian","floor":16.0,"turns":8.0},{"damage":17.0,"enemies":"2 Thieves","floor":18.0,"turns":4.0},{"damage":2.0,"enemies":"Spheric Guardian","floor":20.0,"turns":4.0},{"damage":15.0,"enemies":"Snake Plant","floor":21.0,"turns":6.0},{"damage":10.0,"enemies":"Cultist and Chosen","floor":22.0,"turns":5.0},{"damage":18.0,"enemies":"Gremlin Leader","floor":24.0,"turns":7.0},{"damage":3.0,"enemies":"Shelled Parasite and Fungi","floor":26.0,"turns":5.0},{"damage":22.0,"enemies":"Slavers","floor":27.0,"turns":6.0},{"damage":0.0,"enemies":"Shelled Parasite and Fungi","floor":28.0,"turns":5.0},{"damage":0.0,"enemies":"Chosen and Byrds","floor":31.0,"turns":4.0},{"damage":4.0,"enemies":"Automaton","floor":33.0,"turns":7.0},{"damage":5.0,"enemies":"3 Shapes","floor":35.0,"turns":5.0},{"damage":5.0,"enemies":"3 Darklings","floor":37.0,"turns":5.0},{"damage":0.0,"enemies":"Writhing Mass","floor":41.0,"turns":4.0},{"damage":8.0,"enemies":"Reptomancer","floor":42.0,"turns":5.0},{"damage":0,"enemies":"Nemesis","floor":44,"turns":3},{"damage":0,"enemies":"Mind Bloom Boss Battle","floor":46,"turns":6},{"damage":34,"enemies":"Awakened One","floor":50,"turns":8},{"damage":77,"enemies":"Shield and Spear","floor":54,"turns":6},{"damage":29,"enemies":"The Heart","floor":55,"turns":5}],"seed_played":"-2074804553961392447","potions_obtained":[{"floor":1.0,"key":"LiquidBronze"},{"floor":2.0,"key":"Block Potion"},{"floor":5.0,"key":"FearPotion"},{"floor":6.0,"key":"Explosive Potion"},{"floor":12.0,"key":"Strength Potion"},{"floor":18.0,"key":"BlessingOfTheForge"},{"floor":21.0,"key":"Ancient Potion"},{"floor":24.0,"key":"EntropicBrew"},{"floor":28.0,"key":"AttackPotion"},{"floor":33.0,"key":"DuplicationPotion"},{"floor":41.0,"key":"BlessingOfTheForge"},{"floor":42,"key":"Ancient Potion"},{"floor":46,"key":"FairyPotion"}],"is_trial":false,"path_per_floor":["M","M","?","?","M","E","R","E","T","R","M","E","?","$","R","B",null,"M","?","M","M","M","R","E","R","MIM","E","M","$","?","M","R","B",null,"M","?","M","?","$","R","M","E","T","E","R","?","?","?","R","B",null,"R","$","E","B"],"character_chosen":"THE_FORSAKEN","items_purchased":["theForsaken:RainingSunlight","theForsaken:InspiringBlow+1","TungstenRod","ClockworkSouvenir","Vajra"],"campfire_rested":0,"item_purchase_floors":[14,29,29,39,53],"current_hp_per_floor":[71,69,69,52,54,55,55,44,44,44,46,54,54,54,54,42,71,59,59,57,51,44,44,32,32,34,12,15,15,15,20,20,21,71,66,66,61,61,61,61,61,59,59,64,64,66,66,66,66,38,69,69,69,18,0,0],"gold":63,"neow_bonus":"TEN_PERCENT_HP_BONUS","is_daily":false,"chose_seed":false,"campfire_upgraded":7,"win_rate":0.0,"timestamp":1613085303,"path_taken":["M","M","?","?","M","E","R","E","T","R","M","E","?","$","R","BOSS","M","?","M","M","M","R","E","R","MIM","E","M","$","?","M","R","BOSS","M","?","M","?","$","R","M","E","T","E","R","?","?","?","R","BOSS","R","$","E","BOSS"],"items_purchased_type":["Card","Card","Relic","Relic","Relic"],"build_version":"2020-12-22","purchased_purges":2,"victory":false,"max_hp_per_floor":[71,71,71,71,71,71,71,71,71,71,71,71,71,71,71,71,71,71,71,71,71,71,71,71,71,71,71,71,71,71,71,71,71,71,71,71,71,71,71,71,71,71,71,71,71,73,69,69,69,69,69,69,69,71,71,71],"card_choices":[{"not_picked":["theForsaken:BlessedWeapon","theForsaken:PowerUp"],"picked":"theForsaken:Bolster","floor":1.0},{"not_picked":["theForsaken:RainingSunlight","theForsaken:Riposte"],"picked":"theForsaken:Terrorize","floor":2.0},{"not_picked":["theForsaken:BlessedWeapon","theForsaken:FuryStrikes"],"picked":"theForsaken:QuickAttack","floor":5.0},{"not_picked":["theForsaken:ShieldCharge","theForsaken:Terrorize","theForsaken:PowerUp"],"picked":"SKIP","floor":6.0},{"not_picked":["theForsaken:HymnOfPatience","theForsaken:QuickAttack"],"picked":"theForsaken:ChargeAttack","floor":8.0},{"not_picked":["theForsaken:BindingThorns","theForsaken:LightRoll"],"picked":"theForsaken:Eulogy","floor":11.0},{"not_picked":["theForsaken:HorrifyingStrike","theForsaken:CorruptedWord","theForsaken:CorruptDeck"],"picked":"SKIP","floor":12.0},{"not_picked":["theForsaken:Horror","theForsaken:SpreadingPlague"],"picked":"theForsaken:Prudence","floor":16.0},{"not_picked":["theForsaken:PowerUp","theForsaken:ShieldBash"],"picked":"theForsaken:Bolster","floor":18.0},{"not_picked":["theForsaken:Thunderbolt","theForsaken:Eulogy+1"],"picked":"theForsaken:Devotion+1","floor":20.0},{"not_picked":["theForsaken:ScorchingSunlight","theForsaken:CreepingInfection"],"picked":"theForsaken:QuickAttack","floor":21.0},{"not_picked":["theForsaken:WrathOfGod","theForsaken:PanicDive"],"picked":"theForsaken:AncientWords","floor":22.0},{"not_picked":["theForsaken:CreepingInfection","theForsaken:Devotion"],"picked":"theForsaken:WrathOfGod+1","floor":24.0},{"not_picked":["theForsaken:HymnOfPatience","theForsaken:PowerUp"],"picked":"theForsaken:Bolster","floor":26.0},{"not_picked":["theForsaken:CreepingInfection","theForsaken:Enfeeble+1"],"picked":"theForsaken:SpinAttack+1","floor":27.0},{"not_picked":["theForsaken:BlessedWeapon","theForsaken:HealingLight"],"picked":"theForsaken:MagicWeapon","floor":28.0},{"not_picked":["theForsaken:HymnOfPatience+1","theForsaken:ShieldCharge+1"],"picked":"theForsaken:Thunderbolt+1","floor":31.0},{"not_picked":["theForsaken:DarkRift+1","theForsaken:SpreadingPlague"],"picked":"theForsaken:DivineGuidance","floor":33.0},{"not_picked":["theForsaken:HymnOfPatience","theForsaken:MagicWeapon","theForsaken:Preservation"],"picked":"SKIP","floor":35.0},{"not_picked":["theForsaken:BottledPlague","theForsaken:BlightOfFamine+1","theForsaken:Terrorize"],"picked":"SKIP","floor":37.0},{"not_picked":["theForsaken:ShieldCharge+1","theForsaken:Eulogy","theForsaken:ScorchingSunlight+1"],"picked":"SKIP","floor":41.0},{"not_picked":["theForsaken:StoreUp+1","theForsaken:ShieldCharge+1","theForsaken:CowardsBrand+1"],"picked":"SKIP","floor":42},{"not_picked":["theForsaken:FatRoll","theForsaken:Preservation+1"],"picked":"theForsaken:Thunderbolt+1","floor":44},{"not_picked":["theForsaken:WordOfPower+1","theForsaken:ScorchingSunlight+1","theForsaken:Preservation+1"],"picked":"Singing Bowl","floor":46},{"not_picked":["theForsaken:WordsOfPestilence+1","theForsaken:Preservation","theForsaken:StoreUp"],"picked":"Singing Bowl","floor":54}],"player_experience":572842,"relics_obtained":[{"floor":6.0,"key":"Bag of Preparation"},{"floor":8.0,"key":"Centennial Puzzle"},{"floor":12.0,"key":"WingedGreaves"},{"floor":24.0,"key":"Nunchaku"},{"floor":26.0,"key":"Molten Egg 2"},{"floor":27.0,"key":"Bag of Marbles"},{"floor":42,"key":"theForsaken:Gavel"},{"floor":43,"key":"Potion Belt"},{"floor":44,"key":"Singing Bowl"},{"floor":46,"key":"Shovel"},{"floor":49,"key":"Pocketwatch"},{"floor":52,"key":"HornCleat"},{"floor":54,"key":"Blood Vial"}],"event_choices":[{"cards_removed":["theForsaken:TheForsaken_Defend"],"damage_healed":0.0,"max_hp_gain":0.0,"max_hp_loss":0.0,"gold_gain":0.0,"event_name":"The Cleric","player_choice":"Card Removal","floor":3.0,"gold_loss":50.0,"damage_taken":0.0},{"damage_healed":0.0,"max_hp_gain":0.0,"max_hp_loss":0.0,"gold_gain":0.0,"event_name":"Golden Idol","player_choice":"Take Damage","floor":4.0,"gold_loss":0.0,"damage_taken":17.0,"relics_obtained":["Golden Idol"]},{"damage_healed":0.0,"max_hp_gain":0.0,"max_hp_loss":0.0,"gold_gain":0.0,"cards_transformed":["theForsaken:TheForsaken_Strike"],"event_name":"Transmorgrifier","player_choice":"Transformed","floor":13.0,"gold_loss":0.0,"damage_taken":0.0,"cards_obtained":["theForsaken:DesperatePlea"]},{"cards_removed":["theForsaken:TheForsaken_Strike"],"damage_healed":0.0,"max_hp_gain":0.0,"max_hp_loss":0.0,"gold_gain":0.0,"event_name":"Designer","player_choice":"Upgrade and Remove","floor":19.0,"gold_loss":90.0,"damage_taken":0.0,"cards_upgraded":["theForsaken:TheForsaken_Strike"]},{"damage_healed":0.0,"max_hp_gain":0.0,"max_hp_loss":0.0,"gold_gain":0.0,"event_name":"Drug Dealer","player_choice":"Inject Mutagens","floor":30.0,"gold_loss":0.0,"damage_taken":0.0,"relics_obtained":["MutagenicStrength"]},{"damage_healed":0.0,"max_hp_gain":0.0,"max_hp_loss":0.0,"gold_gain":0.0,"event_name":"Tomb of Lord Red Mask","player_choice":"Ignored","floor":36.0,"gold_loss":0.0,"damage_taken":0.0},{"damage_healed":0,"gold_gain":0,"player_choice":"Fight","damage_taken":0,"max_hp_gain":0,"max_hp_loss":0,"event_name":"MindBloom","floor":46,"gold_loss":0},{"damage_healed":0,"gold_gain":0,"player_choice":"Max HP","damage_taken":0,"max_hp_gain":0,"max_hp_loss":4,"event_name":"Winding Halls","floor":47,"gold_loss":0},{"damage_healed":0,"gold_gain":0,"cards_transformed":["theForsaken:TheForsaken_Defend"],"player_choice":"Transformed","damage_taken":0,"max_hp_gain":0,"max_hp_loss":0,"event_name":"Transmorgrifier","floor":48,"gold_loss":0,"cards_obtained":["theForsaken:InspiringBlow"]}],"is_beta":false,"boss_relics":[{"not_picked":["Runic Dome","theForsaken:PaleLantern"],"picked":"Velvet Choker"},{"not_picked":["Black Star","Empty Cage"],"picked":"Coffee Dripper"}],"items_purged_floors":[14,53],"is_endless":false,"potions_floor_spawned":[1,2,5,6,12,18,21,24,28,33,41,42,46],"killed_by":"The Heart","ascension_level":0}}