{"host":"szp1d6dso4pv7ddl","time":1613023708,"event":{"mods":["AchievementEnabler","Alarm Clock","BaseMod","Bestiary","Block Reminder","Colored Map","Colored Powertips","Curses Come First","Dark Map","Displayed Cursed Tome","Highlight Path","Minty Spire (QoL Compilation)","Permanent Neow","Quick Restart","Relic Sorter","Relic Stats","StSLib","Synergy Search"],"gold_per_floor":[109,259,271,196,216,216,245,245,245,274,274,274,274,10,10,82,82,94,94,94,94,112,146,65,265,265,120,120,134,134,144,144,216,216,236,256,131,148,161,194,44,58,130,130,77,77,93,107,107,107,107,107,1,1,1],"floor_reached":54,"language":"ENG","playtime":5429,"items_purged":["Doubt","Choke","Venomology","Survivor"],"score":1424,"play_id":"a04e8835-b6d7-447b-b6fc-30914bae5676","local_time":"20210210220828","is_ascension_mode":true,"campfire_choices":[{"data":"Well Laid Plans","floor":6.0,"key":"SMITH"},{"floor":8.0,"key":"REST"},{"data":"Leg Sweep","floor":11.0,"key":"SMITH"},{"data":"Phantasmal Killer","floor":15.0,"key":"SMITH"},{"data":"Leg Sweep","floor":28.0,"key":"SMITH"},{"data":"Setup","floor":30.0,"key":"SMITH"},{"data":"Grand Finale","floor":32.0,"key":"SMITH"},{"floor":44.0,"key":"RECALL"},{"floor":49,"key":"REST"},{"data":"Concentrate","floor":52,"key":"SMITH"}],"circlet_count":0,"master_deck":["AscendersBane","Burst","Grand Finale+1","Leg Sweep+1","Blur","Setup+1","Well Laid Plans+1","Dagger Throw","Expertise","Phantasmal Killer+1","Cloak And Dagger+1","Dagger Throw+1","Leg Sweep+1","Acrobatics","Blur","Acrobatics","Leg Sweep","Escape Plan+1","Terror","Concentrate+1","Dagger Throw","Backflip"],"relics":["Pandora\u0027s Box","Orichalcum","Ninja Scroll","Happy Flower","Astrolabe","Spirit Poop","MealTicket","Ornamental Fan","Busted Crown","Pen Nib"],"acts_visited":["Exordium","TheCity","TheBeyond","TheEnding"],"potions_floor_usage":[47,50,50],"damage_taken":[{"damage":0.0,"enemies":"Cultist","floor":1.0,"turns":4.0},{"damage":0.0,"enemies":"2 Louse","floor":3.0,"turns":3.0},{"damage":2.0,"enemies":"Small Slimes","floor":5.0,"turns":3.0},{"damage":26.0,"enemies":"Gremlin Nob","floor":7.0,"turns":4.0},{"damage":14.0,"enemies":"Lagavulin","floor":10.0,"turns":4.0},{"damage":25.0,"enemies":"Hexaghost","floor":16.0,"turns":8.0},{"damage":25.0,"enemies":"2 Thieves","floor":18.0,"turns":4.0},{"damage":0.0,"enemies":"3 Byrds","floor":22.0,"turns":5.0},{"damage":0.0,"enemies":"Gremlin Leader","floor":23.0,"turns":4.0},{"damage":8.0,"enemies":"Snake Plant","floor":29.0,"turns":5.0},{"damage":0.0,"enemies":"Sentry and Sphere","floor":31.0,"turns":7.0},{"damage":18.0,"enemies":"Collector","floor":33.0,"turns":7.0},{"damage":0.0,"enemies":"3 Shapes","floor":35.0,"turns":4.0},{"damage":6.0,"enemies":"3 Darklings","floor":36.0,"turns":3.0},{"damage":0.0,"enemies":"Jaw Worm Horde","floor":38.0,"turns":2.0},{"damage":0.0,"enemies":"Writhing Mass","floor":39.0,"turns":3.0},{"damage":9.0,"enemies":"Nemesis","floor":40.0,"turns":5.0},{"damage":24.0,"enemies":"4 Shapes","floor":42.0,"turns":3.0},{"damage":17,"enemies":"Transient","floor":47,"turns":6},{"damage":11,"enemies":"Spire Growth","floor":48,"turns":4},{"damage":55,"enemies":"Donu and Deca","floor":50,"turns":10},{"damage":78,"enemies":"Shield and Spear","floor":54,"turns":5}],"seed_played":"7546454270131149068","potions_obtained":[{"floor":3.0,"key":"Dexterity Potion"},{"floor":10.0,"key":"LiquidMemories"},{"floor":23.0,"key":"Weak Potion"},{"floor":48,"key":"Strength Potion"}],"is_trial":false,"path_per_floor":["M","?","M","$","M","R","E","R","T","E","R","?","?","$","R","B",null,"M","?","?","?","M","E","$","?","T","$","R","M","R","M","R","B",null,"M","M","$","M","M","E","$","M","T","R","$","$","M","M","R","B",null,"R","$","E"],"character_chosen":"THE_SILENT","items_purchased":["Phantasmal Killer","Blur","Acrobatics","Leg Sweep","Dexterity Potion","Strength Potion","Backflip"],"campfire_rested":2,"item_purchase_floors":[14,24,27,27,45,53,53],"current_hp_per_floor":[59,59,59,59,57,57,31,50,50,36,36,58,58,58,58,33,58,33,33,33,33,33,33,48,48,48,63,63,55,55,55,55,37,59,59,53,66,66,66,57,66,42,42,42,57,66,49,38,57,2,50,50,65,0,0],"gold":1,"neow_bonus":"BOSS_RELIC","is_daily":false,"chose_seed":false,"campfire_upgraded":7,"win_rate":0.0,"timestamp":1613023708,"path_taken":["M","?","M","$","M","R","E","R","T","E","R","?","?","$","R","BOSS","M","?","?","?","?","E","$","?","T","$","R","M","R","M","R","BOSS","M","M","$","M","M","E","$","M","T","R","?","$","M","?","R","BOSS","R","$","E"],"items_purchased_type":["Card","Card","Card","Card","Potion","Potion","Card"],"build_version":"2020-12-22","purchased_purges":4,"victory":false,"max_hp_per_floor":[66,66,66,66,66,66,66,66,66,66,66,66,66,66,66,66,66,66,66,66,66,66,66,66,66,66,66,66,66,66,66,66,66,66,66,66,66,66,66,66,66,66,66,66,66,66,66,66,66,66,66,66,66,66,66],"relic_stats":{"Busted Crown":16,"Happy Flower":[28],"counters":[22,103],"Ornamental Fan":[88],"Astrolabe":["Cloak And Dagger","Dagger Throw","Infinite Blades"],"Pandora\u0027s Box":["Burst","Grand Finale","Leg Sweep","Choke","Quick Slash","All Out Attack","Blur","Setup","Endless Agony","Well Laid Plans"],"MealTicket":91,"Pen Nib":[5],"Orichalcum":[18],"obtain_stats":[{"Busted Crown":34,"Happy Flower":10,"Ninja Scroll":9,"Ornamental Fan":26,"Astrolabe":17,"Spirit Poop":21,"Pandora\u0027s Box":0,"MealTicket":23,"Pen Nib":40,"Orichalcum":7,"Ring of the Snake":0},{"Busted Crown":12,"Happy Flower":5,"Ninja Scroll":4,"Ornamental Fan":9,"Astrolabe":6,"Spirit Poop":7,"Pandora\u0027s Box":0,"MealTicket":9,"Pen Nib":17,"Orichalcum":4,"Ring of the Snake":0},{"Busted Crown":58,"Happy Flower":18,"Ninja Scroll":14,"Ornamental Fan":39,"Astrolabe":26,"Spirit Poop":30,"Pandora\u0027s Box":0,"MealTicket":39,"Pen Nib":75,"Orichalcum":14,"Ring of the Snake":0}]},"card_choices":[{"not_picked":["Bane","Blade Dance"],"picked":"Dagger Throw","floor":1.0},{"not_picked":["Slice","PiercingWail","Predator"],"picked":"SKIP","floor":3.0},{"not_picked":["Bane","Poisoned Stab","Slice"],"picked":"SKIP","floor":5.0},{"not_picked":["Deflect","Glass Knife","Cloak And Dagger"],"picked":"SKIP","floor":7.0},{"not_picked":["Dagger Spray","Deadly Poison"],"picked":"Expertise","floor":10.0},{"not_picked":["Backflip","Sucker Punch","Cloak And Dagger"],"picked":"SKIP","floor":18.0},{"not_picked":["Bane","Blade Dance"],"picked":"Acrobatics","floor":22.0},{"not_picked":["Outmaneuver","Unload","Poisoned Stab"],"picked":"SKIP","floor":23.0},{"not_picked":["Blade Dance+1","Flying Knee","Expertise+1"],"picked":"SKIP","floor":29.0},{"not_picked":["Leg Sweep","Outmaneuver"],"picked":"Escape Plan+1","floor":31.0},{"not_picked":["Flying Knee+1"],"picked":"SKIP","floor":35.0},{"not_picked":["Slice"],"picked":"SKIP","floor":36.0},{"not_picked":[],"picked":"Terror","floor":38.0},{"not_picked":[],"picked":"Concentrate","floor":39.0},{"not_picked":["Blade Dance"],"picked":"SKIP","floor":40.0},{"not_picked":["All Out Attack"],"picked":"SKIP","floor":42.0},{"not_picked":[],"picked":"Dagger Throw","floor":47},{"not_picked":["Backflip+1"],"picked":"SKIP","floor":48}],"player_experience":1419040,"relics_obtained":[{"floor":7.0,"key":"Orichalcum"},{"floor":9.0,"key":"Ninja Scroll"},{"floor":10.0,"key":"Happy Flower"},{"floor":23.0,"key":"MealTicket"},{"floor":26.0,"key":"Ornamental Fan"},{"floor":40.0,"key":"Pen Nib"}],"event_choices":[{"damage_healed":0.0,"max_hp_gain":0.0,"max_hp_loss":0.0,"gold_gain":150.0,"event_name":"Liars Game","player_choice":"AGREE","floor":2.0,"gold_loss":0.0,"damage_taken":0.0,"cards_obtained":["Doubt"]},{"damage_healed":22.0,"max_hp_gain":0.0,"max_hp_loss":0.0,"gold_gain":0.0,"event_name":"Big Fish","player_choice":"Banana","floor":12.0,"gold_loss":0.0,"damage_taken":0.0},{"damage_healed":0.0,"max_hp_gain":0.0,"max_hp_loss":0.0,"gold_gain":0.0,"event_name":"Golden Idol","player_choice":"Ignored","floor":13.0,"gold_loss":0.0,"damage_taken":0.0},{"damage_healed":0.0,"max_hp_gain":0.0,"max_hp_loss":0.0,"gold_gain":0.0,"cards_transformed":["Infinite Blades","Quick Slash"],"event_name":"Drug Dealer","player_choice":"Became Test Subject","floor":19.0,"gold_loss":0.0,"damage_taken":0.0,"cards_obtained":["Leg Sweep","Venomology"]},{"damage_healed":0.0,"max_hp_gain":0.0,"max_hp_loss":0.0,"gold_gain":0.0,"event_name":"Forgotten Altar","player_choice":"Smashed Altar","floor":20.0,"gold_loss":0.0,"damage_taken":0.0,"cards_obtained":["Decay"]},{"cards_removed":["Decay"],"damage_healed":0.0,"max_hp_gain":0.0,"max_hp_loss":0.0,"gold_gain":0.0,"event_name":"Bonfire Elementals","player_choice":"Offered Curse","floor":21.0,"gold_loss":0.0,"damage_taken":0.0,"relics_obtained":["Spirit Poop"]},{"damage_healed":0.0,"max_hp_gain":0.0,"max_hp_loss":0.0,"gold_gain":250.0,"event_name":"The Joust","player_choice":"Bet on Owner","floor":25.0,"gold_loss":50.0,"damage_taken":0.0}],"is_beta":false,"boss_relics":[{"not_picked":["Runic Dome","SlaversCollar"],"picked":"Astrolabe"},{"not_picked":["Black Star","Philosopher\u0027s Stone"],"picked":"Busted Crown"}],"items_purged_floors":[4,14,37,41],"is_endless":false,"potions_floor_spawned":[3,10,23,29,35,38,48],"killed_by":"Shield and Spear","ascension_level":19}}