{"host":"ls51t9cob9m2p2s9","time":1613053250,"event":{"mods":["2.2 Compatiblity","AchievementEnabler","Bard","BaseMod","Beaked The Cultist","Become a monster ???","Better Third Choice","Challenge The Spire","Colored Powertips","Conspire","Downfall","Gremlin Mod","Hermit","Highlight Path","Lobotomy","Marisa????????","Mimic Mod","Minty Spire (QoL Compilation)","Quick Restart","Random Character Button","Rare Cards Sparkle","Reliquary","Replay The Spire","Shop Mod","StSLib","The Disciple","The Hierophant","TheBandit","TheHeartMod","Thieving Mod","Uncapped","Wandering Minibosses"],"gold_per_floor":[99,99,111,286,286,186,220,247,147,162,176,176,205,237,272,372,372,272,288,333,433,433,433,433],"floor_reached":22,"language":"ENG","playtime":2831,"items_purged":[],"score":227,"play_id":"e91215c2-fa8a-4287-9d08-f0419d067e90","local_time":"20210211142050","is_ascension_mode":true,"campfire_choices":[{"floor":1.0,"key":"RECALL"},{"data":"sneckomod:SnekBite","floor":6.0,"key":"SMITH"},{"data":"sneckomod:SnekBeam","floor":9.0,"key":"SMITH"},{"data":"sneckomod:TailWhip","floor":12.0,"key":"SMITH"},{"data":"sneckomod:UnendingSupply","floor":18.0,"key":"SMITH"}],"circlet_count":0,"master_deck":["sneckomod:Strike","sneckomod:Strike","sneckomod:Strike","sneckomod:Defend+1","sneckomod:Defend","sneckomod:Defend","sneckomod:TailWhip+1","sneckomod:SnekBite+1","sneckomod:Unknown","sneckomod:Unknown","sneckomod:PureSnecko","Doubt","sneckomod:UnknownCommonSkill","sneckomod:SnekBeam+1","sneckomod:UnknownUncommonAttack","sneckomod:UnknownClassGUARDIAN","sneckomod:SerpentMind","sneckomod:UnendingSupply+1","sneckomod:ImprovisedGuard","sneckomod:UnknownRareSkill","sneckomod:UnknownUncommonPower","sneckomod:CheapStock+1","sneckomod:SoulCleanse+1"],"relics":["Sozu","downfall:HeartBlessingRed","Vajra","downfall:HeartBlessingBlue","Counterbalance","bronze:MakeshiftBattery","downfall:HeartBlessingGreen","Happy Flower","Replay:Kaleidoscope","Frozen Egg 2"],"acts_visited":["Exordium","TheCity"],"potions_floor_usage":[],"damage_taken":[{"damage":0.0,"enemies":"Small Slimes","floor":3.0,"turns":2.0},{"damage":3.0,"enemies":"conspire:RoseBush","floor":7.0,"turns":5.0},{"damage":8.0,"enemies":"Replay:BlueRogue","floor":8.0,"turns":4.0},{"damage":2.0,"enemies":"conspire:RoseBush","floor":10.0,"turns":2.0},{"damage":0.0,"enemies":"2 Louse","floor":11.0,"turns":2.0},{"damage":18.0,"enemies":"Lagavulin","floor":13.0,"turns":5.0},{"damage":11.0,"enemies":"3 Louse","floor":14.0,"turns":2.0},{"damage":16.0,"enemies":"2 Fungi Beasts","floor":15.0,"turns":3.0},{"damage":17.0,"enemies":"SI_SHIV_ARCHETYPE","floor":16.0,"turns":7.0},{"damage":18,"enemies":"conspire:FuzzyDice","floor":19,"turns":6},{"damage":34,"enemies":"conspire:MimicChest","floor":20,"turns":8},{"damage":35,"enemies":"Colosseum Nobs","floor":21,"turns":6},{"damage":22,"enemies":"Chosen","floor":22,"turns":4}],"seed_played":"7185414768383726688","potions_obtained":[],"is_trial":false,"path_per_floor":["R","?","M","?","?","R","MIM","E","R","M","M","R","E","M","M","B",null,"R","M","?","?","M"],"character_chosen":"THE_SNECKO","items_purchased":[],"campfire_rested":0,"item_purchase_floors":[],"current_hp_per_floor":[90,95,95,95,95,95,94,86,96,94,94,94,76,65,49,32,105,105,87,53,18,0,0,0],"gold":433,"neow_bonus":"BOSS_RELIC","is_daily":false,"chose_seed":false,"campfire_upgraded":4,"win_rate":0.0,"timestamp":1613053250,"path_taken":["R","?","M","?","?","R","MIM","E","R","M","M","R","E","M","M","BOSS","R","M","?","?","M"],"items_purchased_type":[],"build_version":"2020-12-22","purchased_purges":0,"victory":false,"max_hp_per_floor":[90,95,95,95,95,95,95,95,105,105,105,105,105,105,105,105,105,105,105,105,105,105,105,105],"card_choices":[{"not_picked":["sneckomod:UnknownColorless","sneckomod:UnknownBlock"],"picked":"sneckomod:PureSnecko","floor":3.0},{"not_picked":["sneckomod:UnknownStrength","sneckomod:UnknownCommonAttack"],"picked":"sneckomod:UnknownCommonSkill","floor":7.0},{"not_picked":["sneckomod:UnknownExhaust","sneckomod:QuickMove"],"picked":"sneckomod:SnekBeam","floor":8.0},{"not_picked":["sneckomod:UnknownClassHEXA_GHOST_PURPLE","sneckomod:UnknownClassRED"],"picked":"sneckomod:UnknownUncommonAttack","floor":10.0},{"not_picked":["sneckomod:UnknownClassRED","sneckomod:UnknownStrength"],"picked":"sneckomod:UnknownClassGUARDIAN","floor":11.0},{"not_picked":["sneckomod:UnknownClassBLUE","sneckomod:QuickBite"],"picked":"sneckomod:SerpentMind","floor":13.0},{"not_picked":["sneckomod:TrashToTreasure","sneckomod:DefensiveFlair"],"picked":"sneckomod:UnendingSupply","floor":14.0},{"not_picked":["sneckomod:Unknown1Cost","sneckomod:SoulRoll"],"picked":"sneckomod:ImprovisedGuard","floor":15.0},{"not_picked":["sneckomod:SoulExchange","sneckomod:Cheat"],"picked":"sneckomod:UnknownRareSkill","floor":16.0},{"not_picked":["sneckomod:UnknownCommonAttack","sneckomod:UnknownStrike+1"],"picked":"sneckomod:UnknownUncommonPower","floor":19},{"not_picked":["sneckomod:QuickMove+1","sneckomod:SoulDraw+1"],"picked":"sneckomod:CheapStock+1","floor":20},{"not_picked":["sneckomod:IronFang","sneckomod:SoulRoll+1"],"picked":"sneckomod:SoulCleanse+1","floor":21}],"player_experience":428671,"relics_obtained":[{"floor":8.0,"key":"Vajra"},{"floor":13.0,"key":"Counterbalance"},{"floor":20,"key":"Happy Flower"},{"floor":21,"key":"Replay:Kaleidoscope"},{"floor":21,"key":"Frozen Egg 2"}],"event_choices":[{"damage_healed":0.0,"max_hp_gain":5.0,"max_hp_loss":0.0,"gold_gain":0.0,"event_name":"Big Fish","player_choice":"Donut","floor":2.0,"gold_loss":0.0,"damage_taken":0.0}],"is_beta":false,"boss_relics":[{"not_picked":["Busted Crown","SlaversCollar"],"picked":"bronze:MakeshiftBattery"}],"items_purged_floors":[],"is_endless":false,"potions_floor_spawned":[8,10,11,14,15,19],"killed_by":"Chosen","ascension_level":1}}