{"host":"rolltorest","time":1613085558,"event":{"mods":["BaseMod","Minty Spire (QoL Compilation)","Relic Stats","Slay the Relics Exporter","StSLib"],"gold_per_floor":[115,390,402,57,76,101,114,141,167,167,194,206,239,259,259,331,381,392,404,414,414,414,414,414],"floor_reached":23,"language":"ENG","playtime":586,"items_purged":["Regret"],"score":596,"play_id":"a4bf414d-c449-4442-8c51-80f611cfea30","local_time":"20210211151918","is_ascension_mode":true,"campfire_choices":[{"data":"EmptyFist","floor":10,"key":"SMITH"},{"data":"Adaptation","floor":15,"key":"SMITH"}],"circlet_count":0,"master_deck":["AscendersBane","Strike_P+1","Strike_P","Strike_P","Strike_P","Defend_P","Defend_P","Defend_P","Defend_P","Eruption+1","Vigilance","Crescendo","SandsOfTime+1","Fasting2","EmptyFist+1","Indignation","Consecrate","ClearTheMind","Conclude","Adaptation+1","Blasphemy","ForeignInfluence+1","BowlingBash"],"relics":["PureWater","NeowsBlessing","Meat on the Bone","Nunchaku","Whetstone","Blood Vial","Ancient Tea Set","Singing Bowl","Tiny House","Nilry\u0027s Codex"],"acts_visited":["Exordium","TheCity"],"potions_floor_usage":[8,18,18,20,23,23],"damage_taken":[{"damage":0,"enemies":"2 Louse","floor":1,"turns":2},{"damage":0,"enemies":"Cultist","floor":3,"turns":1},{"damage":0,"enemies":"Small Slimes","floor":5,"turns":1},{"damage":17,"enemies":"Lagavulin","floor":6,"turns":6},{"damage":13,"enemies":"3 Louse","floor":7,"turns":3},{"damage":0,"enemies":"3 Sentries","floor":8,"turns":3},{"damage":10,"enemies":"Lagavulin","floor":11,"turns":5},{"damage":4,"enemies":"Exordium Thugs","floor":12,"turns":2},{"damage":24,"enemies":"3 Sentries","floor":13,"turns":4},{"damage":4,"enemies":"Looter","floor":14,"turns":3},{"damage":0,"enemies":"Slime Boss","floor":16,"turns":4},{"damage":6,"enemies":"2 Thieves","floor":18,"turns":2},{"damage":63,"enemies":"3 Byrds","floor":19,"turns":5},{"damage":11,"enemies":"Snake Plant","floor":20,"turns":2},{"damage":0,"enemies":"Book of Stabbing","floor":23,"turns":2}],"seed_played":"-8866551919797816454","potions_obtained":[{"floor":3,"key":"Dexterity Potion"},{"floor":5,"key":"FearPotion"},{"floor":7,"key":"AttackPotion"},{"floor":14,"key":"AttackPotion"},{"floor":16,"key":"Swift Potion"},{"floor":18,"key":"Energy Potion"},{"floor":19,"key":"SpeedPotion"},{"floor":20,"key":"BottledMiracle"},{"floor":22,"key":"Swift Potion"},{"floor":22,"key":"DuplicationPotion"}],"is_trial":false,"path_per_floor":["M","?","M","$","M","E","M","E","T","R","E","M","E","M","R","B",null,"M","M","M","?","?","E"],"character_chosen":"WATCHER","items_purchased":["Meat on the Bone"],"campfire_rested":0,"item_purchase_floors":[4],"current_hp_per_floor":[61,61,61,61,61,44,43,43,43,43,35,45,35,45,45,47,70,66,17,22,1,1,3,3],"gold":414,"neow_bonus":"THREE_ENEMY_KILL","is_daily":false,"chose_seed":false,"campfire_upgraded":2,"win_rate":0.0,"timestamp":1613085558,"path_taken":["M","?","M","$","?","E","M","E","T","R","E","M","E","M","R","BOSS","M","?","M","?","?","E"],"items_purchased_type":["Relic"],"build_version":"2020-12-18","purchased_purges":1,"victory":false,"max_hp_per_floor":[68,68,68,68,68,68,68,68,68,68,68,68,68,68,68,68,75,75,75,77,77,77,77,77],"relic_stats":{"Blood Vial":18,"Nunchaku":[5],"Singing Bowl":4,"counters":[15,45],"Whetstone":["SandsOfTime","Eruption"],"obtain_stats":[{"Blood Vial":9,"Nunchaku":6,"Tiny House":17,"NeowsBlessing":0,"Singing Bowl":13,"Nilry\u0027s Codex":21,"Whetstone":8,"PureWater":0,"Ancient Tea Set":11,"Meat on the Bone":4},{"Blood Vial":6,"Nunchaku":4,"Tiny House":11,"NeowsBlessing":0,"Singing Bowl":9,"Nilry\u0027s Codex":14,"Whetstone":6,"PureWater":0,"Ancient Tea Set":7,"Meat on the Bone":2},{"Blood Vial":16,"Nunchaku":10,"Tiny House":34,"NeowsBlessing":0,"Singing Bowl":27,"Nilry\u0027s Codex":43,"Whetstone":16,"PureWater":0,"Ancient Tea Set":21,"Meat on the Bone":3}],"Meat on the Bone":72},"card_choices":[{"not_picked":["Sanctity","JustLucky"],"picked":"Crescendo","floor":1},{"not_picked":["Evaluate","SignatureMove","DeceiveReality"],"picked":"SKIP","floor":3},{"not_picked":["Halt","Worship"],"picked":"SandsOfTime","floor":5},{"not_picked":["ClearTheMind","Evaluate"],"picked":"Fasting2","floor":6},{"not_picked":["SpiritShield","Collect"],"picked":"EmptyFist","floor":7},{"not_picked":["Protect","JustLucky"],"picked":"Indignation","floor":8},{"not_picked":["JustLucky","EmptyMind"],"picked":"Consecrate","floor":11},{"not_picked":["FollowUp","Worship"],"picked":"ClearTheMind","floor":12},{"not_picked":["MentalFortress","Brilliance"],"picked":"Conclude","floor":13},{"not_picked":["ReachHeaven","Protect"],"picked":"Adaptation","floor":14},{"not_picked":["Vault","Omniscience"],"picked":"Blasphemy","floor":16},{"not_picked":["Nirvana","SignatureMove","WindmillStrike"],"picked":"Singing Bowl","floor":17},{"not_picked":["Crescendo","EmptyMind"],"picked":"ForeignInfluence+1","floor":18},{"not_picked":["CarveReality+1","SignatureMove"],"picked":"BowlingBash","floor":19},{"not_picked":["Perseverance","FlyingSleeves","EmptyFist"],"picked":"Singing Bowl","floor":20}],"player_experience":1961639,"relics_obtained":[{"floor":6,"key":"Nunchaku"},{"floor":8,"key":"Whetstone"},{"floor":9,"key":"Blood Vial"},{"floor":11,"key":"Ancient Tea Set"},{"floor":13,"key":"Singing Bowl"},{"floor":21,"key":"Nilry\u0027s Codex"}],"event_choices":[{"damage_healed":0,"gold_gain":275,"player_choice":"Desecrate","damage_taken":0,"max_hp_gain":0,"max_hp_loss":0,"event_name":"Golden Shrine","floor":2,"gold_loss":0,"cards_obtained":["Regret"]},{"damage_healed":0,"gold_gain":0,"player_choice":"Obtained Book","damage_taken":21,"max_hp_gain":0,"max_hp_loss":0,"event_name":"Cursed Tome","floor":21,"gold_loss":0},{"damage_healed":0,"gold_gain":0,"player_choice":"Got Potions","damage_taken":0,"max_hp_gain":0,"max_hp_loss":0,"event_name":"Lab","floor":22,"gold_loss":0}],"is_beta":true,"boss_relics":[{"not_picked":["Busted Crown","Snecko Eye"],"picked":"Tiny House"}],"items_purged_floors":[4],"is_endless":false,"potions_floor_spawned":[3,5,6,7,14,16,18,19,20],"killed_by":"Book of Stabbing","ascension_level":20}}