{"host":"fj5i6t4nkss7815d","time":1613028496,"event":{"mods":["AchievementEnabler","BaseMod","Minty Spire (QoL Compilation)","Quick Restart","Relic Stats"],"gold_per_floor":[116,134,148,164,180,180,180],"floor_reached":6,"language":"ENG","playtime":345,"items_purged":[],"score":80,"play_id":"65d54f2d-84f7-408b-bb99-ccadf3ff1961","local_time":"20210210232816","is_ascension_mode":true,"campfire_choices":[],"circlet_count":0,"master_deck":["AscendersBane","Strike_B","Strike_B","Strike_B","Strike_B","Defend_B","Defend_B","Defend_B","Defend_B","Zap","Dualcast","Parasite","Biased Cognition","Streamline","Gash","White Noise","Ball Lightning","Lockon"],"relics":["Cracked Core"],"acts_visited":["Exordium"],"potions_floor_usage":[4,4],"damage_taken":[{"damage":7.0,"enemies":"Jaw Worm","floor":1.0,"turns":3.0},{"damage":9.0,"enemies":"Small Slimes","floor":2.0,"turns":3.0},{"damage":2.0,"enemies":"2 Louse","floor":3.0,"turns":2.0},{"damage":9,"enemies":"Exordium Thugs","floor":4,"turns":3},{"damage":9,"enemies":"Red Slaver","floor":5,"turns":3},{"damage":35,"enemies":"Lagavulin","floor":6,"turns":3}],"seed_played":"-638883651880991051","potions_obtained":[{"floor":2.0,"key":"SpeedPotion"},{"floor":3.0,"key":"DistilledChaos"}],"is_trial":false,"path_per_floor":["M","M","M","M","M","E"],"character_chosen":"DEFECT","items_purchased":[],"campfire_rested":0,"item_purchase_floors":[],"current_hp_per_floor":[57,48,46,37,28,0,0],"gold":180,"neow_bonus":"THREE_RARE_CARDS","is_daily":false,"chose_seed":false,"campfire_upgraded":0,"win_rate":0.0,"timestamp":1613028496,"path_taken":["M","M","M","M","M","E"],"items_purchased_type":[],"build_version":"2020-12-22","purchased_purges":0,"victory":false,"max_hp_per_floor":[71,71,71,71,71,71,71],"relic_stats":{"counters":[6,17],"obtain_stats":[{"Cracked Core":0},{"Cracked Core":0},{"Cracked Core":0}]},"card_choices":[{"not_picked":["Fission","Multi-Cast"],"picked":"Biased Cognition","floor":0.0},{"not_picked":["Stack","Ball Lightning"],"picked":"Streamline","floor":1.0},{"not_picked":["Stack","Hologram"],"picked":"Gash","floor":2.0},{"not_picked":["Capacitor","Ball Lightning"],"picked":"White Noise","floor":3.0},{"not_picked":["Blizzard","Redo"],"picked":"Ball Lightning","floor":4},{"not_picked":["Reprogram","Static Discharge"],"picked":"Lockon","floor":5}],"player_experience":1043743,"relics_obtained":[],"event_choices":[],"is_beta":false,"boss_relics":[],"items_purged_floors":[],"is_endless":false,"potions_floor_spawned":[2,3],"killed_by":"Lagavulin","ascension_level":20}}