{"host":"1izdfj84a6wseks8","time":1613056988,"event":{"mods":["2.2 Compatiblity","ATMod(阿瑾Mod)","AchievementEnabler","Act Like it!","Arknights","BaseMod","Better Vampires","Challenge The Spire","Colored Map","Colored Powertips","Curses Come First","DeckTracker","Energized Spire","Gensokyo","Good Game Mod","Highlight Path","Infinite Spire","KinomotoSakuraMod(木之本樱)","Koishi","KomeijiMod","LagranYue(拉格朗・月)","Lobotomy","LobotomyExtend","Luminous","Marisa（F雨　魔理沙）","Minty Spire (QoL Compilation)","Potion Indicator Mod","Rare Cards Sparkle","Reimu（博丽灵梦）","Relic Filter Mod","Relic Stats","Reliquary","Remilia（蕾米莉亚）","Shop Mod","Slay the Relics Exporter","StSLib","TestMod","The Alterego","The Animator","The Bug Knight","The Servant 0.9.4","Waifu the Spire","WarShipGirlsR/战舰少女R mod","Warlord Emblem","Yakumo Yukari mod","Youmu（魂魄妖梦）","Yuyuko","【功能Mod】混沌之环修复补丁","篝火指南"],"gold_per_floor":[362,374,384,395,495,544,89,103,103],"floor_reached":8,"language":"ZHS","playtime":1317,"items_purged":["rmod:defend"],"score":58,"play_id":"ad9391c4-cf1a-41d4-b685-90094fdec45f","local_time":"20210211232308","is_ascension_mode":false,"campfire_choices":[],"circlet_count":0,"master_deck":["rmod:strick","rmod:strick","rmod:strick","rmod:strick","rmod:defend","rmod:defend","rmod:defend","rmod:basicallowance","rmod:maingunfire","AT_CelerityRune","MatsuyoiReflectingSatelliteSlash","Shame","rmod:rockthrower","rmod:goodsister","rmod:wife","rmod:spoils","rmod:firesupport","rmod:circuitoustactics","testmod-SubstituteBySubterfuge"],"relics":["rmod:firstchargereward","AT_ATBox","REME:ComplimentaryCards","testmod-TestBox","LagranYue:RandomDrawCardRelic","testmod-HeartOfDaVinci","LetterFromLob","Shuriken","MerchantsRug","Boot"],"acts_visited":["Gensokyo:Gensokyo"],"potions_floor_usage":[],"damage_taken":[{"damage":0,"enemies":"Gensokyo:3_Fairies","floor":1,"turns":5},{"damage":8,"enemies":"Gensokyo:2_Kodama","floor":2,"turns":3},{"damage":11,"enemies":"Gensokyo:Gryphon","floor":3,"turns":4},{"damage":0,"enemies":"Gensokyo:2_Rabbits","floor":4,"turns":5},{"damage":49,"enemies":"Gensokyo:Aya","floor":6,"turns":7},{"damage":20,"enemies":"Gensokyo:Mamizou","floor":8,"turns":6}],"seed_played":"-2368198963501243953","potions_obtained":[{"floor":1,"key":"DistilledChaos"},{"floor":2,"key":"Ancient Potion"}],"is_trial":false,"path_per_floor":["M","M","M","M","?","E","R","E"],"character_chosen":"PRAEFECT","items_purchased":["MerchantsRug","Boot","rmod:circuitoustactics","testmod-SubstituteBySubterfuge"],"campfire_rested":0,"item_purchase_floors":[7,7,7,7],"current_hp_per_floor":[75,67,56,56,56,7,7,0,0],"gold":103,"neow_bonus":"TWO_FIFTY_GOLD","is_daily":false,"chose_seed":false,"campfire_upgraded":0,"win_rate":0.0,"timestamp":1613056988,"path_taken":["M","M","M","M","?","E","R","E"],"items_purchased_type":["Relic","Relic","Card","Card"],"build_version":"2020-12-22","purchased_purges":1,"victory":false,"max_hp_per_floor":[75,75,75,75,75,75,75,75,75],"relic_stats":{"counters":[6,30],"Shuriken":[1],"Boot":[4],"obtain_stats":[{"MerchantsRug":7,"REME:ComplimentaryCards":0,"AT_ATBox":0,"testmod-TestBox":0,"LagranYue:RandomDrawCardRelic":0,"Shuriken":6,"rmod:firstchargereward":0,"LetterFromLob":1,"Boot":7,"testmod-HeartOfDaVinci":0},{"MerchantsRug":5,"REME:ComplimentaryCards":0,"AT_ATBox":0,"testmod-TestBox":0,"LagranYue:RandomDrawCardRelic":0,"Shuriken":5,"rmod:firstchargereward":0,"LetterFromLob":1,"Boot":5,"testmod-HeartOfDaVinci":0},{"MerchantsRug":24,"REME:ComplimentaryCards":0,"AT_ATBox":0,"testmod-TestBox":0,"LagranYue:RandomDrawCardRelic":0,"Shuriken":24,"rmod:firstchargereward":0,"LetterFromLob":5,"Boot":24,"testmod-HeartOfDaVinci":0}]},"card_choices":[{"not_picked":["rmod:aluminumsupply","rmod:fuelsupply"],"picked":"rmod:rockthrower","floor":1},{"not_picked":["rmod:diamondstrike","rmod:guardianhero"],"picked":"rmod:goodsister","floor":2},{"not_picked":["rmod:fuelsupply","rmod:steelsupply"],"picked":"rmod:wife","floor":3},{"not_picked":["rmod:firesupport","rmod:aluminumsupply"],"picked":"rmod:spoils","floor":4},{"not_picked":["rmod:aggressivemary","rmod:fletcherpendant"],"picked":"rmod:firesupport","floor":6}],"player_experience":44633,"relics_obtained":[{"floor":1,"key":"LetterFromLob"},{"floor":6,"key":"Shuriken"}],"event_choices":[],"is_beta":false,"boss_relics":[],"items_purged_floors":[7],"is_endless":false,"potions_floor_spawned":[1,2],"killed_by":"Gensokyo:Mamizou","ascension_level":0}}