{"host":"ormi09wwzv7sq47a","time":1613085677,"event":{"mods":["2.2 Compatiblity","AchievementEnabler","Act Like it!","BaseMod","Bestiary","Better Altar","Better Note","Better Sensory Stone","Better Silent Start","Better Skull","Better Third Choice","Better Vampires","BetterRewards","Block Reminder","Card Forge","Colored Map","Colored Powertips","Curses Come First","DeckTracker","Downfall","Highlight Path","Minty Spire (QoL Compilation)","Permanent Neow","Quick Restart","Rare Cards Sparkle","Relic Stats","Shop Mod","StSLib","The Jungle"],"gold_per_floor":[112,127,147,160,176,176,211,211,211,240,240,251,251,269,269,343,343,359,369,294,294,52,52,62,62,109,109,129,156,156,156,156,227,227,241,241,241,10,21,55,55,71,71,71,90,124,124,137,137,137,137,137,14,47,47,47],"floor_reached":55,"language":"ENG","playtime":5889,"items_purged":["Bash","Strike_R","Defend_R"],"score":1828,"play_id":"6f2b854f-f40b-48ea-9b1d-591734edf288","local_time":"20210211212117","is_ascension_mode":true,"campfire_choices":[{"data":"Feed","floor":6.0,"key":"SMITH"},{"data":"Whirlwind","floor":8.0,"key":"SMITH"},{"data":"Perfected Strike","floor":11.0,"key":"SMITH"},{"data":"Perfected Strike","floor":15.0,"key":"SMITH"},{"data":"Sadistic Nature","floor":23.0,"key":"SMITH"},{"data":"Corruption","floor":25.0,"key":"SMITH"},{"data":"Dark Embrace","floor":27.0,"key":"SMITH"},{"data":"Entrench","floor":32.0,"key":"SMITH"},{"floor":41.0,"key":"RECALL"},{"data":"Fiend Fire","floor":47,"key":"SMITH"},{"data":"Flame Barrier","floor":49,"key":"SMITH"},{"data":"Disarm","floor":52,"key":"SMITH"}],"circlet_count":0,"master_deck":["AscendersBane","Strike_R+1","Strike_R+1","Strike_R+1","Strike_R+1","Defend_R+1","Defend_R+1","Armaments","Perfected Strike+1","Thunderclap","Perfected Strike+1","Shrug It Off","Spot Weakness","Wild Strike+1","Dark Embrace+1","Entrench+1","Feed+1","Whirlwind+1","Shrug It Off","Intimidate","Bloodletting","Perfected Strike+1","Burning Pact","Sadistic Nature+1","Corruption+1","Evolve","True Grit","Perfected Strike+1","Perfected Strike+1","Feel No Pain+1","Fiend Fire+1","Heavy Blade","Feel No Pain+1","Seeing Red","Shrug It Off","Armaments+1","Iron Wave+1","Disarm+1","Battle Trance","Flame Barrier+1","Uppercut+1","Dark Embrace","Disarm"],"relics":["Black Blood","Hammer of Thor","Seething Fire","Anvil of the Gods","Turnip","Medical Kit","Centennial Puzzle","Membership Card","Mercury Hourglass","MealTicket","Prayer Wheel","MerchantsRug","Matryoshka","hexamod:CandleOfCauterizing","StrikeDummy","Shovel","Mark of Pain","Whetstone","Strange Spoon","Toy Ornithopter","Bronze Scales","Oddly Smooth Stone","Letter Opener","Blood Vial","Lantern","Pen Nib","FossilizedHelix","Paper Frog","Pear","Sling","Bottled Flame"],"acts_visited":["Exordium","TheCity","TheBeyond","TheEnding"],"potions_floor_usage":[45,45,50,54],"damage_taken":[{"damage":0.0,"enemies":"Jaw Worm","floor":1.0,"turns":3.0},{"damage":2.0,"enemies":"Small Slimes","floor":2.0,"turns":2.0},{"damage":0.0,"enemies":"2 Louse","floor":3.0,"turns":1.0},{"damage":1.0,"enemies":"Exordium Thugs","floor":4.0,"turns":3.0},{"damage":0.0,"enemies":"Blue Slaver","floor":5.0,"turns":3.0},{"damage":12.0,"enemies":"3 Sentries","floor":7.0,"turns":2.0},{"damage":24.0,"enemies":"Lagavulin","floor":10.0,"turns":6.0},{"damage":0.0,"enemies":"Exordium Wildlife","floor":12.0,"turns":2.0},{"damage":0.0,"enemies":"3 Louse","floor":14.0,"turns":2.0},{"damage":7.0,"enemies":"Slime Boss","floor":16.0,"turns":5.0},{"damage":11.0,"enemies":"Spheric Guardian","floor":18.0,"turns":3.0},{"damage":3.0,"enemies":"Shell Parasite","floor":19.0,"turns":2.0},{"damage":3.0,"enemies":"Snake Plant","floor":24.0,"turns":1.0},{"damage":23.0,"enemies":"Shelled Parasite and Fungi","floor":28.0,"turns":2.0},{"damage":10.0,"enemies":"Gremlin Leader","floor":29.0,"turns":5.0},{"damage":33.0,"enemies":"Automaton","floor":33.0,"turns":6.0},{"damage":27.0,"enemies":"3 Darklings","floor":35.0,"turns":4.0},{"damage":7.0,"enemies":"Orb Walker","floor":39.0,"turns":2.0},{"damage":19.0,"enemies":"Giant Head","floor":40.0,"turns":6.0},{"damage":3.0,"enemies":"Sphere and 2 Shapes","floor":42.0,"turns":4.0},{"damage":6,"enemies":"Jaw Worm Horde","floor":45,"turns":4},{"damage":26,"enemies":"Nemesis","floor":46,"turns":7},{"damage":31,"enemies":"4 Shapes","floor":48,"turns":3},{"damage":61,"enemies":"Awakened One","floor":50,"turns":10},{"damage":88,"enemies":"Shield and Spear","floor":54,"turns":6},{"damage":48,"enemies":"The Heart","floor":55,"turns":5}],"seed_played":"-1223994866132414613","potions_obtained":[{"floor":2.0,"key":"SteroidPotion"},{"floor":3.0,"key":"Block Potion"},{"floor":10.0,"key":"DuplicationPotion"},{"floor":16.0,"key":"Guardian:BlockOnCardUsePotion"},{"floor":19.0,"key":"AttackPotion"},{"floor":29.0,"key":"Weak Potion"},{"floor":33.0,"key":"BloodPotion"},{"floor":40.0,"key":"Block Potion"},{"floor":42.0,"key":"Block Potion"},{"floor":46,"key":"EssenceOfSteel"},{"floor":48,"key":"DistilledChaos"},{"floor":54,"key":"SpeedPotion"}],"is_trial":false,"path_per_floor":["M","M","M","M","M","R","E","R","T","E","R","M","?","M","R","B",null,"M","M","?","?","$","R","M","R","T","R","M","E","?","?","R","B",null,"M","?","?","$","M","E","R","M","T","T","M","E","R","M","R","B",null,"R","$","E","B"],"character_chosen":"IRONCLAD","items_purchased":["Medical Kit","Armaments","Perfected Strike","Thunderclap","Centennial Puzzle","Membership Card","Mercury Hourglass","MealTicket","MerchantsRug","DuplicationPotion","Whetstone","Strange Spoon","Toy Ornithopter","Lantern","Pen Nib","Seeing Red","Shrug It Off","Sling","Dark Embrace"],"campfire_rested":0,"item_purchase_floors":[0,0,0,0,0,0,0,0,0,0,22,22,22,38,38,38,38,53,53],"current_hp_per_floor":[56,60,66,71,77,77,75,75,75,57,57,67,67,77,77,76,95,94,97,97,97,105,105,109,109,109,109,92,88,88,54,54,34,90,103,103,103,104,104,101,101,108,108,108,108,104,104,87,87,45,100,100,115,46,0,0],"gold":47,"neow_bonus":"","is_daily":false,"chose_seed":false,"campfire_upgraded":11,"win_rate":0.0,"timestamp":1613085677,"path_taken":["M","M","M","M","M","R","E","R","T","E","R","M","?","M","R","BOSS","M","M","?","?","$","R","M","R","T","R","M","E","?","?","R","BOSS","M","?","?","$","M","E","R","?","T","?","M","E","R","M","R","BOSS","R","$","E","BOSS"],"items_purchased_type":["Relic","Card","Card","Card","Relic","Relic","Relic","Relic","Relic","Potion","Relic","Relic","Relic","Relic","Relic","Card","Card","Relic","Card"],"build_version":"2020-12-22","purchased_purges":3,"victory":false,"max_hp_per_floor":[89,89,89,89,89,89,93,93,93,93,93,97,97,101,101,101,101,105,105,105,105,105,105,109,109,109,109,109,109,109,109,109,109,109,109,104,104,104,104,108,108,108,108,108,108,118,118,118,118,118,118,118,118,122,122,122],"relic_stats":{"counters":[366,1565],"Black Blood":1723,"Pen Nib":[7],"Whetstone":["Guardian:Strike_Guardian","Guardian:Strike_Guardian","Strike_R","Strike_R","Perfected Strike","Wild Strike"],"Letter Opener":[163],"Medical Kit":[93],"Mercury Hourglass":[369],"Blood Vial":14,"Strange Spoon":[57],"Centennial Puzzle":[63],"Shovel":0,"Bronze Scales":[243],"MealTicket":24,"Prayer Wheel":16,"Turnip":[16],"obtain_stats":[{"Whetstone":23,"Ginger":45,"Boot":24,"Sling":38,"Old Coin":10,"Blood Vial":41,"Sundial":47,"MealTicket":43,"Kunai":38,"Slimebound:AggressiveSlimeRelic":38,"MerchantsRug":38,"Pear":20,"betterAltar:BloodRelic":30,"Blue Candle":10,"Velvet Choker":34,"Eternal Feather":6,"Pen Nib":21,"Guardian:PocketSentry":40,"Akabeko":9,"Bird Faced Urn":54,"MutagenicStrength":21,"Snecko Eye":17,"Mark of Pain":17,"StrikeDummy":25,"Unceasing Top":0,"Regal Pillow":0,"Lantern":3,"Torii":12,"Singing Bowl":24,"sneckomod:BlankCard":9,"Magic Flower":26,"StoneCalendar":24,"Bag of Preparation":10,"Smiling Mask":41,"Ancient Tea Set":44,"Burning Blood":0,"Matryoshka":26,"Shovel":10,"WingedGreaves":36,"InkBottle":11,"Paper Frog":29,"Golden Idol":3,"Self Forming Clay":28,"Guardian:GemstoneGun":0,"bronze:DecasWashers":26,"Thread and Needle":0,"PreservedInsect":40,"champ:DeflectingBracers":39,"Seething Fire":0,"MawBank":24,"Ornamental Fan":9,"Turnip":42,"Slimebound:AbsorbEndCombat":0,"Bottled Lightning":41,"Champion Belt":24,"hexamod:BolsterEngine":26,"Toy Ornithopter":44,"champ:DuelingGlove":0,"Tiny House":34,"Calipers":48,"Nilry\u0027s Codex":19,"CeramicFish":0,"Vajra":48,"Hammer of Thor":0,"Sozu":17,"Centennial Puzzle":27,"HornCleat":30,"DollysMirror":0,"Philosopher\u0027s Stone":34,"Prayer Wheel":36,"Toxic Egg 2":11,"Girya":0,"Happy Flower":11,"Astrolabe":17,"Dead Branch":44,"Oddly Smooth Stone":27,"Letter Opener":0,"War Paint":4,"Question Card":26,"sneckomod:SneckoTalon":17,"Du-Vu Doll":43,"Bottled Flame":54,"Anvil of the Gods":0,"Brimstone":29,"Shuriken":21,"Bronze Scales":47,"Molten Egg 2":26,"bronze:MakeshiftBattery":34,"Meat on the Bone":48,"Pocketwatch":0,"Darkstone Periapt":28,"Black Blood":17,"Mango":0,"Incense Burner":0,"Juzu Bracelet":41,"Empty Cage":17,"ClockworkSouvenir":38,"Nunchaku":12,"TheAbacus":47,"Slimebound:StickyStick":48,"Mummified Hand":0,"Gambling Chip":12,"Pantograph":54,"Tiny Chest":0,"Red Mask":31,"hexamod:CandleOfCauterizing":9,"Odd Mushroom":14,"Orichalcum":26,"Medical Kit":0,"White Beast Statue":8,"Mercury Hourglass":54,"Peace Pipe":0,"Strange Spoon":22,"CaptainsWheel":45,"Anchor":54,"Bag of Marbles":3,"Coffee Dripper":34,"Membership Card":0,"FossilizedHelix":0,"TungstenRod":42},{"Whetstone":30,"Ginger":282,"Boot":168,"Sling":309,"Old Coin":23,"Blood Vial":39,"Sundial":151,"MealTicket":39,"Kunai":38,"Slimebound:AggressiveSlimeRelic":38,"MerchantsRug":38,"Pear":12,"betterAltar:BloodRelic":143,"Blue Candle":50,"Velvet Choker":88,"Eternal Feather":4,"Pen Nib":82,"Guardian:PocketSentry":92,"Akabeko":5,"Bird Faced Urn":72,"MutagenicStrength":166,"Snecko Eye":107,"Mark of Pain":165,"StrikeDummy":31,"Unceasing Top":18,"Regal Pillow":18,"Lantern":20,"Torii":239,"Singing Bowl":244,"sneckomod:BlankCard":213,"Magic Flower":110,"StoneCalendar":57,"Bag of Preparation":265,"Smiling Mask":118,"Ancient Tea Set":312,"Burning Blood":0,"Matryoshka":31,"Shovel":162,"WingedGreaves":308,"InkBottle":6,"Paper Frog":169,"Golden Idol":2,"Self Forming Clay":169,"Guardian:GemstoneGun":260,"bronze:DecasWashers":325,"Thread and Needle":127,"PreservedInsect":177,"champ:DeflectingBracers":310,"Seething Fire":0,"MawBank":222,"Ornamental Fan":22,"Turnip":67,"Slimebound:AbsorbEndCombat":0,"Bottled Lightning":66,"Champion Belt":110,"hexamod:BolsterEngine":57,"Toy Ornithopter":120,"champ:DuelingGlove":316,"Tiny House":228,"Calipers":233,"Nilry\u0027s Codex":324,"CeramicFish":287,"Vajra":41,"Hammer of Thor":0,"Sozu":10,"Centennial Puzzle":86,"HornCleat":248,"DollysMirror":127,"Philosopher\u0027s Stone":35,"Prayer Wheel":37,"Toxic Egg 2":23,"Girya":127,"Happy Flower":77,"Astrolabe":53,"Dead Branch":93,"Oddly Smooth Stone":32,"Letter Opener":18,"War Paint":2,"Question Card":245,"sneckomod:SneckoTalon":268,"Du-Vu Doll":178,"Bottled Flame":365,"Anvil of the Gods":0,"Brimstone":86,"Shuriken":109,"Bronze Scales":69,"Molten Egg 2":15,"bronze:MakeshiftBattery":278,"Meat on the Bone":41,"Pocketwatch":287,"Darkstone Periapt":110,"Black Blood":193,"Mango":183,"Incense Burner":0,"Juzu Bracelet":332,"Empty Cage":26,"ClockworkSouvenir":38,"Nunchaku":51,"TheAbacus":41,"Slimebound:StickyStick":257,"Mummified Hand":260,"Gambling Chip":24,"Pantograph":97,"Tiny Chest":316,"Red Mask":277,"hexamod:CandleOfCauterizing":346,"Odd Mushroom":9,"Orichalcum":168,"Medical Kit":0,"White Beast Statue":5,"Mercury Hourglass":182,"Peace Pipe":73,"Strange Spoon":352,"CaptainsWheel":94,"Anchor":126,"Bag of Marbles":46,"Coffee Dripper":61,"Membership Card":18,"FossilizedHelix":44,"TungstenRod":149},{"Whetstone":105,"Ginger":1230,"Boot":768,"Sling":1343,"Old Coin":85,"Blood Vial":132,"Sundial":685,"MealTicket":132,"Kunai":129,"Slimebound:AggressiveSlimeRelic":129,"MerchantsRug":129,"Pear":52,"betterAltar:BloodRelic":643,"Blue Candle":181,"Velvet Choker":369,"Eternal Feather":13,"Pen Nib":349,"Guardian:PocketSentry":380,"Akabeko":19,"Bird Faced Urn":311,"MutagenicStrength":761,"Snecko Eye":449,"Mark of Pain":757,"StrikeDummy":108,"Unceasing Top":73,"Regal Pillow":73,"Lantern":77,"Torii":1045,"Singing Bowl":1065,"sneckomod:BlankCard":953,"Magic Flower":460,"StoneCalendar":219,"Bag of Preparation":1158,"Smiling Mask":498,"Ancient Tea Set":1352,"Burning Blood":0,"Matryoshka":108,"Shovel":740,"WingedGreaves":1341,"InkBottle":25,"Paper Frog":772,"Golden Idol":6,"Self Forming Clay":772,"Guardian:GemstoneGun":1142,"bronze:DecasWashers":1422,"Thread and Needle":536,"PreservedInsect":806,"champ:DeflectingBracers":1345,"Seething Fire":0,"MawBank":979,"Ornamental Fan":81,"Turnip":279,"Slimebound:AbsorbEndCombat":0,"Bottled Lightning":274,"Champion Belt":460,"hexamod:BolsterEngine":219,"Toy Ornithopter":504,"champ:DuelingGlove":1373,"Tiny House":994,"Calipers":1007,"Nilry\u0027s Codex":1417,"CeramicFish":1254,"Vajra":139,"Hammer of Thor":0,"Sozu":45,"Centennial Puzzle":364,"HornCleat":1084,"DollysMirror":536,"Philosopher\u0027s Stone":121,"Prayer Wheel":127,"Toxic Egg 2":85,"Girya":536,"Happy Flower":333,"Astrolabe":198,"Dead Branch":383,"Oddly Smooth Stone":110,"Letter Opener":73,"War Paint":6,"Question Card":1072,"sneckomod:SneckoTalon":1175,"Du-Vu Doll":809,"Bottled Flame":1560,"Anvil of the Gods":0,"Brimstone":364,"Shuriken":456,"Bronze Scales":289,"Molten Egg 2":59,"bronze:MakeshiftBattery":1216,"Meat on the Bone":139,"Pocketwatch":1254,"Darkstone Periapt":460,"Black Blood":871,"Mango":832,"Incense Burner":0,"Juzu Bracelet":1439,"Empty Cage":95,"ClockworkSouvenir":129,"Nunchaku":186,"TheAbacus":139,"Slimebound:StickyStick":1121,"Mummified Hand":1142,"Gambling Chip":89,"Pantograph":402,"Tiny Chest":1373,"Red Mask":1207,"hexamod:CandleOfCauterizing":1481,"Odd Mushroom":35,"Orichalcum":768,"Medical Kit":0,"White Beast Statue":19,"Mercury Hourglass":825,"Peace Pipe":319,"Strange Spoon":1500,"CaptainsWheel":386,"Anchor":528,"Bag of Marbles":164,"Coffee Dripper":245,"Membership Card":73,"FossilizedHelix":156,"TungstenRod":676}],"Toy Ornithopter":19},"card_choices":[{"not_picked":["True Grit","Hemokinesis"],"picked":"Perfected Strike","floor":1.0},{"not_picked":["Reckless Charge","Uppercut"],"picked":"Shrug It Off","floor":1.0},{"not_picked":["Dual Wield","Headbutt"],"picked":"Spot Weakness","floor":2.0},{"not_picked":["Pummel","Havoc"],"picked":"Wild Strike","floor":2.0},{"not_picked":["Body Slam","Sentinel"],"picked":"Dark Embrace","floor":3.0},{"not_picked":["Armaments","Havoc","Metallicize"],"picked":"SKIP","floor":3.0},{"not_picked":["Spot Weakness","Combust"],"picked":"Entrench","floor":4.0},{"not_picked":["Sentinel","Anger"],"picked":"Feed","floor":4.0},{"not_picked":["Pommel Strike","Iron Wave"],"picked":"Whirlwind","floor":5.0},{"not_picked":["Body Slam","Wild Strike"],"picked":"Shrug It Off","floor":5.0},{"not_picked":["Pommel Strike","Bludgeon"],"picked":"Intimidate","floor":7.0},{"not_picked":["Armaments","Carnage"],"picked":"Bloodletting","floor":10.0},{"not_picked":["Heavy Blade","Entrench"],"picked":"Perfected Strike","floor":12.0},{"not_picked":["Combust","Anger"],"picked":"Burning Pact","floor":12.0},{"not_picked":["Panacea","Dark Shackles"],"picked":"Sadistic Nature","floor":13.0},{"not_picked":["Twin Strike","Wild Strike","Blood for Blood"],"picked":"SKIP","floor":14.0},{"not_picked":["Thunderclap","Entrench","Clothesline"],"picked":"SKIP","floor":14.0},{"not_picked":["Fiend Fire","Berserk"],"picked":"Corruption","floor":16.0},{"not_picked":["Twin Strike","Cleave"],"picked":"Evolve","floor":18.0},{"not_picked":["Pommel Strike+1","Rupture"],"picked":"True Grit","floor":18.0},{"not_picked":["True Grit","Rupture"],"picked":"Perfected Strike+1","floor":19.0},{"not_picked":["Carnage","Clash","Iron Wave"],"picked":"SKIP","floor":19.0},{"not_picked":["Wild Strike","Whirlwind+1","Thunderclap"],"picked":"SKIP","floor":24.0},{"not_picked":["Blood for Blood","Clash","Flex"],"picked":"SKIP","floor":24.0},{"not_picked":["Headbutt","Clothesline"],"picked":"Perfected Strike+1","floor":28.0},{"not_picked":["Corruption","Wild Strike","Headbutt"],"picked":"SKIP","floor":28.0},{"not_picked":["Sever Soul","Havoc"],"picked":"Feel No Pain+1","floor":29.0},{"not_picked":["Bludgeon","Immolate"],"picked":"Fiend Fire","floor":33.0},{"not_picked":["Combust+1","Clash+1"],"picked":"Heavy Blade","floor":35.0},{"not_picked":["Entrench","Flex","Havoc"],"picked":"SKIP","floor":35.0},{"not_picked":["Reckless Charge","Warcry","Cleave+1"],"picked":"SKIP","floor":39.0},{"not_picked":["Armaments","Pommel Strike+1","Anger+1"],"picked":"SKIP","floor":39.0},{"not_picked":["Searing Blow","Sever Soul"],"picked":"Armaments+1","floor":40.0},{"not_picked":["Bludgeon","Havoc"],"picked":"Iron Wave+1","floor":42.0},{"not_picked":["Clothesline+1","Flex+1"],"picked":"Disarm","floor":42.0},{"not_picked":["Headbutt","Twin Strike"],"picked":"Battle Trance","floor":45},{"not_picked":["Clothesline","Headbutt"],"picked":"Flame Barrier","floor":45},{"not_picked":["Rampage","Double Tap","Blood for Blood"],"picked":"SKIP","floor":46},{"not_picked":["Shockwave","Perfected Strike"],"picked":"Uppercut+1","floor":48},{"not_picked":["Iron Wave+1","Pommel Strike","Sentinel"],"picked":"SKIP","floor":48},{"not_picked":["Intimidate","Warcry"],"picked":"Disarm","floor":54}],"player_experience":1055970,"relics_obtained":[{"floor":7.0,"key":"Matryoshka"},{"floor":9.0,"key":"hexamod:CandleOfCauterizing"},{"floor":9.0,"key":"StrikeDummy"},{"floor":10.0,"key":"Shovel"},{"floor":26.0,"key":"Bronze Scales"},{"floor":26.0,"key":"Oddly Smooth Stone"},{"floor":29.0,"key":"Letter Opener"},{"floor":40.0,"key":"FossilizedHelix"},{"floor":44.0,"key":"Paper Frog"},{"floor":46,"key":"Pear"},{"floor":54,"key":"Bottled Flame"}],"event_choices":[{"damage_healed":0.0,"max_hp_gain":0.0,"max_hp_loss":0.0,"gold_gain":1.0,"event_name":"betterStone:BetterStone","player_choice":"1","floor":13.0,"gold_loss":0.0,"damage_taken":0.0},{"cards_removed":["Defend_R"],"damage_healed":0.0,"max_hp_gain":0.0,"max_hp_loss":0.0,"gold_gain":0.0,"event_name":"Beggar","player_choice":"Gave Gold","floor":20.0,"gold_loss":75.0,"damage_taken":0.0},{"damage_healed":0.0,"max_hp_gain":0.0,"max_hp_loss":6.0,"gold_gain":0.0,"event_name":"betterThird:BetterWriting","player_choice":"Simplicity","floor":21.0,"gold_loss":0.0,"damage_taken":0.0},{"damage_healed":0.0,"max_hp_gain":0.0,"max_hp_loss":0.0,"gold_gain":0.0,"event_name":"The Mausoleum","player_choice":"Ignored","floor":30.0,"gold_loss":0.0,"damage_taken":0.0},{"damage_healed":0.0,"max_hp_gain":88.0,"max_hp_loss":54.0,"gold_gain":0.0,"event_name":"betterAltar:BetterAltar","player_choice":" Vial ","floor":31.0,"potions_obtained":[],"relics_lost":[],"gold_loss":0.0,"damage_taken":34.0,"relics_obtained":["Blood Vial"]},{"damage_healed":0.0,"max_hp_gain":0.0,"max_hp_loss":5.0,"gold_gain":0.0,"event_name":"Winding Halls","player_choice":"Max HP","floor":36.0,"gold_loss":0.0,"damage_taken":0.0},{"damage_healed":0.0,"max_hp_gain":0.0,"max_hp_loss":0.0,"gold_gain":0.0,"event_name":"Duplicator","player_choice":"Copied","floor":37.0,"gold_loss":0.0,"damage_taken":0.0,"cards_obtained":["Feel No Pain"]}],"is_beta":false,"boss_relics":[{"not_picked":["Pandora\u0027s Box","Runic Dome"],"picked":"Mark of Pain"},{"not_picked":["Astrolabe","Black Star"],"picked":"Black Blood"}],"items_purged_floors":[0,0,0],"is_endless":false,"potions_floor_spawned":[2,3,10,16,18,19,29,33,40,42,46,48,54],"killed_by":"The Heart","ascension_level":17}}