{"host":"3jpcvpprzj9sjffh","time":1613039379,"event":{"mods":["AchievementEnabler","BaseMod","Colored Map","Minty Spire (QoL Compilation)","Rare Cards Sparkle","SuperFastMode","everything is the same but u backflip on backflip"],"gold_per_floor":[110,123,198,198,198,223,223,235,235,235,255,68,88,101,101,204,204,224,235,160,12,27,27,56,56,130,150,150,167,197,212,212,212,212],"floor_reached":33,"language":"KOR","playtime":1521,"items_purged":[],"score":314,"play_id":"065b4fde-0cfd-4a9e-a229-8b5d0e2ad0ff","local_time":"20210211192939","is_ascension_mode":false,"campfire_choices":[{"data":"Inflame","floor":7,"key":"SMITH"},{"data":"Entrench","floor":15,"key":"SMITH"},{"data":"Bloodletting","floor":23,"key":"SMITH"},{"floor":25,"key":"REST"},{"floor":28,"key":"REST"},{"floor":32,"key":"REST"}],"circlet_count":0,"master_deck":["Strike_R","Strike_R+1","Strike_R","Strike_R","Defend_R","Defend_R","Defend_R","Bash","Heavy Blade+1","Flex","Inflame+1","Armaments+1","Bloodletting+1","Feel No Pain","Entrench+1","Pommel Strike","Double Tap","Thunderclap","Searing Blow+1","Body Slam+1","Reaper","Spot Weakness","Evolve+1"],"relics":["Burning Blood","NeowsBlessing","HornCleat","Shuriken","Snecko Eye","TheAbacus","Ornamental Fan","Singing Bowl"],"acts_visited":["Exordium","TheCity"],"potions_floor_usage":[13,16,16,16,16,16,16,24,24,30,31],"damage_taken":[{"damage":0,"enemies":"Jaw Worm","floor":1,"turns":1},{"damage":0,"enemies":"Small Slimes","floor":2,"turns":1},{"damage":0,"enemies":"Gremlin Nob","floor":6,"turns":1},{"damage":7,"enemies":"2 Louse","floor":8,"turns":2},{"damage":13,"enemies":"Red Slaver","floor":11,"turns":2},{"damage":7,"enemies":"3 Louse","floor":13,"turns":4},{"damage":7,"enemies":"Looter","floor":14,"turns":4},{"damage":40,"enemies":"Hexaghost","floor":16,"turns":8},{"damage":0,"enemies":"Spheric Guardian","floor":18,"turns":3},{"damage":10,"enemies":"Chosen","floor":19,"turns":3},{"damage":7,"enemies":"3 Cultists","floor":22,"turns":5},{"damage":61,"enemies":"Gremlin Leader","floor":24,"turns":7},{"damage":32,"enemies":"Chosen and Byrds","floor":27,"turns":7},{"damage":4,"enemies":"Centurion and Healer","floor":29,"turns":4},{"damage":31,"enemies":"Slavers","floor":30,"turns":4},{"damage":35,"enemies":"Shelled Parasite and Fungi","floor":31,"turns":6},{"damage":70,"enemies":"Collector","floor":33,"turns":7}],"seed_played":"5298239149808069526","potions_obtained":[{"floor":2,"key":"EntropicBrew"},{"floor":8,"key":"SneckoOil"},{"floor":13,"key":"Explosive Potion"},{"floor":18,"key":"Explosive Potion"},{"floor":29,"key":"ElixirPotion"},{"floor":30,"key":"GamblersBrew"},{"floor":31,"key":"SteroidPotion"}],"is_trial":false,"path_per_floor":["M","M","?","?","?","E","R","M","T","?","M","$","M","M","R","B",null,"M","M","?","$","M","R","E","R","T","M","R","M","E","M","R","B"],"character_chosen":"IRONCLAD","items_purchased":["Bloodletting","Feel No Pain","Entrench","TheAbacus"],"campfire_rested":3,"item_purchase_floors":[12,12,12,21],"current_hp_per_floor":[80,80,69,53,53,59,59,58,58,58,51,51,50,49,49,15,80,80,76,76,76,75,75,20,44,44,30,54,56,52,25,49,0,0],"gold":212,"neow_bonus":"THREE_ENEMY_KILL","is_daily":false,"chose_seed":false,"campfire_upgraded":3,"win_rate":0.0,"timestamp":1613039379,"path_taken":["M","M","?","?","?","E","R","M","T","?","M","$","?","M","R","BOSS","M","M","?","$","M","R","E","R","T","M","R","M","E","M","R","BOSS"],"items_purchased_type":["Card","Card","Card","Relic"],"build_version":"2020-12-22","purchased_purges":0,"victory":false,"max_hp_per_floor":[80,80,80,80,80,80,80,80,80,80,80,80,80,80,80,80,80,80,80,80,80,80,80,80,80,80,80,80,80,80,82,82,82,82],"card_choices":[{"not_picked":["Clash","Headbutt"],"picked":"Heavy Blade","floor":1},{"not_picked":["True Grit","Dropkick"],"picked":"Flex","floor":2},{"not_picked":["Warcry","Sentinel"],"picked":"Inflame","floor":6},{"not_picked":["Metallicize","Clothesline"],"picked":"Armaments","floor":8},{"not_picked":["Sentinel","Shrug It Off","Bloodletting"],"picked":"SKIP","floor":11},{"not_picked":["Carnage","Headbutt","Perfected Strike"],"picked":"SKIP","floor":13},{"not_picked":["Clothesline","Headbutt"],"picked":"Pommel Strike","floor":14},{"not_picked":["Juggernaut","Bludgeon"],"picked":"Double Tap","floor":16},{"not_picked":["Searing Blow","Headbutt"],"picked":"Thunderclap","floor":18},{"not_picked":["Power Through","Pommel Strike"],"picked":"Searing Blow+1","floor":19},{"not_picked":["Evolve+1","Pommel Strike+1"],"picked":"Body Slam+1","floor":22},{"not_picked":["Spot Weakness+1","Sword Boomerang"],"picked":"Reaper","floor":24},{"not_picked":["Feel No Pain","Power Through"],"picked":"Spot Weakness","floor":27},{"not_picked":["Anger","Cleave","Clash"],"picked":"SKIP","floor":29},{"not_picked":["Entrench","Burning Pact"],"picked":"Evolve+1","floor":30},{"not_picked":["Searing Blow","Warcry","Perfected Strike+1"],"picked":"Singing Bowl","floor":31}],"player_experience":312697,"relics_obtained":[{"floor":6,"key":"HornCleat"},{"floor":9,"key":"Shuriken"},{"floor":24,"key":"Ornamental Fan"},{"floor":30,"key":"Singing Bowl"}],"event_choices":[{"damage_healed":0,"gold_gain":75,"player_choice":"Gather Gold","damage_taken":11,"max_hp_gain":0,"max_hp_loss":0,"event_name":"World of Goop","floor":3,"gold_loss":0},{"damage_healed":0,"gold_gain":0,"player_choice":"Entered Light","damage_taken":16,"max_hp_gain":0,"max_hp_loss":0,"event_name":"Shining Light","floor":4,"gold_loss":0,"cards_upgraded":["Strike_R","Heavy Blade"]},{"cards_removed":["Defend_R"],"damage_healed":0,"gold_gain":0,"player_choice":"Forget","damage_taken":0,"max_hp_gain":0,"max_hp_loss":0,"event_name":"Living Wall","floor":5,"gold_loss":0},{"damage_healed":0,"gold_gain":0,"player_choice":"Forge","damage_taken":0,"max_hp_gain":0,"max_hp_loss":0,"event_name":"Accursed Blacksmith","floor":10,"gold_loss":0,"cards_upgraded":["Armaments"]},{"cards_removed":["Strike_R"],"damage_healed":0,"gold_gain":0,"player_choice":"Gave Gold","damage_taken":0,"max_hp_gain":0,"max_hp_loss":0,"event_name":"Beggar","floor":20,"gold_loss":75}],"is_beta":false,"boss_relics":[{"not_picked":["Empty Cage","Runic Dome"],"picked":"Snecko Eye"}],"items_purged_floors":[],"is_endless":false,"potions_floor_spawned":[2,8,13,18,29,30,31],"killed_by":"Collector","ascension_level":0}}