{"host":"Doisman","time":1613068333,"event":{"mods":["AchievementEnabler","BaseMod","Better Note","Curses Come First","Minty Spire (QoL Compilation)","Permanent Neow","Quick Restart","Relic Stats","Replay The Spire","StSLib","slay the spire mod where everything is the same but ironclad has a cowboy hat"],"gold_per_floor":[113,113,131,56,73,73,108,108,132,132,132,159,159,0,0,18,18,146,146,146,146,146,146,146,146,146,146,146,146,146,146,46,46,46,46,46,46,46,46,46,46,46,46,46,46,46,46,11,11,11,11,11],"floor_reached":53,"language":"ENG","playtime":2394,"items_purged":["Doubt","Strike_R"],"score":881,"play_id":"3dc7218c-48df-46d4-9c5d-d2ee90e1d3e9","local_time":"20210211123213","is_ascension_mode":true,"campfire_choices":[{"data":"Inflame","floor":6,"key":"SMITH"},{"data":"Shockwave","floor":8,"key":"SMITH"},{"data":"Disarm","floor":17,"key":"SMITH"},{"data":"Rupture","floor":25,"key":"SMITH"},{"data":"Infernal Blade","floor":27,"key":"SMITH"},{"data":"Defend_R","floor":30,"key":"SMITH"},{"data":"Defend_R","floor":34,"key":"SMITH"},{"data":"Defend_R","floor":42,"key":"SMITH"},{"data":"Defend_R","floor":44,"key":"SMITH"},{"floor":46,"key":"REST"},{"data":"Strike_R","floor":51,"key":"SMITH"}],"circlet_count":0,"master_deck":["Strike_R+1","Strike_R+1","Strike_R+1","Strike_R+1","Defend_R+1","Defend_R+1","Defend_R+1","Defend_R+1","Bash+1","Inflame+1","Rupture+1","Infernal Blade+1","Shockwave+1","Disarm+1","Disarm+1","Reaper+1","True Grit+1","Shrug It Off+1","Shrug It Off+1","J.A.X.+1","Dual Wield+1","ReplayTheSpireMod:Stacked+1","Iron Wave+1","Offering+1","Shockwave+1","Battle Trance+1","Shockwave+1","Dual Wield+1","Impervious+1"],"relics":["SlaversCollar","ReplayTheSpireMod:CursedCoin","Blood Vial","Whetstone","Toxic Egg 2","Golden Idol","Ectoplasm","Boot","Kunai","Replay:Kaleidoscope","Ooze Armor","Replay:Wax Seal","ReplayFunnel","Lantern"],"acts_visited":["Exordium","TheCity","TheBeyond"],"potions_floor_usage":[16,39,39,40,52,52,52],"damage_taken":[{"damage":0,"enemies":"Small Slimes","floor":1,"turns":3},{"damage":1,"enemies":"Cultist","floor":3,"turns":3},{"damage":6,"enemies":"Jaw Worm","floor":5,"turns":2},{"damage":20,"enemies":"Gremlin Nob","floor":7,"turns":4},{"damage":12,"enemies":"Lagavulin","floor":12,"turns":4},{"damage":14,"enemies":"Exordium Thugs","floor":16,"turns":4},{"damage":0,"enemies":"Hexaghost","floor":18,"turns":11},{"damage":4,"enemies":"3 Byrds","floor":20,"turns":6},{"damage":3,"enemies":"Chosen","floor":24,"turns":6},{"damage":5,"enemies":"Centurion and Healer","floor":26,"turns":6},{"damage":46,"enemies":"Slavers","floor":31,"turns":8},{"damage":26,"enemies":"Shelled Parasite and Fungi","floor":33,"turns":10},{"damage":46,"enemies":"Collector","floor":35,"turns":12},{"damage":10,"enemies":"Orb Walker","floor":37,"turns":3},{"damage":19,"enemies":"3 Darklings","floor":38,"turns":5},{"damage":41,"enemies":"Transient","floor":39,"turns":5},{"damage":43,"enemies":"Sphere and 2 Shapes","floor":41,"turns":7},{"damage":21,"enemies":"Nemesis","floor":43,"turns":7},{"damage":26,"enemies":"3 Darklings","floor":47,"turns":5},{"damage":20,"enemies":"Writhing Mass","floor":49,"turns":9},{"damage":17,"enemies":"Giant Head","floor":50,"turns":8},{"damage":44,"enemies":"Awakened One","floor":52,"turns":20}],"seed_played":"-5594402148829010710","potions_obtained":[{"floor":5,"key":"Elixir"},{"floor":12,"key":"SteroidPotion"},{"floor":18,"key":"ColorlessPotion"},{"floor":24,"key":"ElixirPotion"},{"floor":33,"key":"Adrenaline Potion"},{"floor":39,"key":"FearPotion"},{"floor":40,"key":"BloodPotion"},{"floor":40,"key":"Doom Potion"},{"floor":40,"key":"Death Potion"},{"floor":47,"key":"HeartOfIron"}],"is_trial":false,"path_per_floor":["M","?","M","$","M","R","E","R","T","PTL","PTL","E","?","$","?","M","R","B",null,"M","?","?","T","M","R","M","R","T","?","R","E","$","M","R","B",null,"M","M","M","?","M","R","E","R","T","R","M","$","M","E","R","B",null],"character_chosen":"IRONCLAD","items_purchased":["ReplayTheSpireMod:CursedCoin","Rupture","Infernal Blade","Reaper","True Grit+1","Dual Wield+1"],"campfire_rested":1,"item_purchase_floors":[4,4,4,14,14,48],"current_hp_per_floor":[80,80,79,79,73,73,53,53,53,53,53,43,23,23,23,29,29,41,80,80,80,80,80,80,80,75,75,75,75,75,55,55,73,73,80,80,70,80,51,47,72,72,53,53,53,77,80,80,80,80,80,80],"gold":11,"neow_bonus":"BOSS_RELIC","is_daily":false,"chose_seed":false,"campfire_upgraded":10,"win_rate":0.0,"timestamp":1613068333,"path_taken":["M","?","?","?","M","R","E","R","T","PTL","PTL","E","?","$","?","M","R","BOSS","M","?","?","?","?","R","M","R","T","?","R","E","$","?","R","BOSS","M","M","M","?","?","R","E","R","T","R","M","?","?","E","R","BOSS"],"items_purchased_type":["Relic","Card","Card","Card","Card","Card"],"build_version":"2020-12-18","purchased_purges":2,"victory":true,"max_hp_per_floor":[80,80,80,80,80,80,80,80,80,80,80,80,80,80,80,80,80,80,80,80,80,80,80,80,80,80,80,80,80,80,80,80,80,80,80,80,80,80,80,80,80,80,80,80,80,80,80,80,80,80,80,80],"relic_stats":{"Blood Vial":20,"counters":[22,148],"Golden Idol":159,"Ectoplasm":607,"Whetstone":["Strike_R","Strike_R"],"Kunai":[11],"Boot":[20],"obtain_stats":[{"ReplayFunnel":45,"Lantern":50,"ReplayTheSpireMod:CursedCoin":4,"Golden Idol":13,"Whetstone":9,"Replay:Kaleidoscope":31,"Boot":23,"Burning Blood":0,"Blood Vial":7,"SlaversCollar":0,"Ooze Armor":36,"Ectoplasm":19,"Kunai":28,"Toxic Egg 2":12,"Replay:Wax Seal":43},{"ReplayFunnel":18,"Lantern":21,"ReplayTheSpireMod:CursedCoin":2,"Golden Idol":5,"Whetstone":4,"Replay:Kaleidoscope":11,"Boot":8,"Burning Blood":0,"Blood Vial":4,"SlaversCollar":0,"Ooze Armor":13,"Ectoplasm":7,"Kunai":10,"Toxic Egg 2":5,"Replay:Wax Seal":18},{"ReplayFunnel":106,"Lantern":128,"ReplayTheSpireMod:CursedCoin":6,"Golden Idol":16,"Whetstone":12,"Replay:Kaleidoscope":57,"Boot":37,"Burning Blood":0,"Blood Vial":12,"SlaversCollar":0,"Ooze Armor":79,"Ectoplasm":31,"Kunai":49,"Toxic Egg 2":16,"Replay:Wax Seal":106}]},"card_choices":[{"not_picked":["Clash","Power Through"],"picked":"Inflame","floor":1},{"not_picked":["Defy Death","Heavy Blade","True Grit"],"picked":"SKIP","floor":3},{"not_picked":["Infernal Blade","Second Wind"],"picked":"Shockwave","floor":5},{"not_picked":["Thunderclap","True Grit"],"picked":"Disarm","floor":7},{"not_picked":["ReplayTheSpireMod:LeadingStrike","Sever Soul"],"picked":"Disarm+1","floor":12},{"not_picked":["Rampage","Headbutt"],"picked":"Shrug It Off+1","floor":16},{"not_picked":["Clothesline","Thunderclap"],"picked":"Shrug It Off+1","floor":20},{"not_picked":["Warcry+1","Run Through+1"],"picked":"Dual Wield+1","floor":24},{"not_picked":["Warcry+1","Twin Strike"],"picked":"ReplayTheSpireMod:Stacked+1","floor":26},{"not_picked":["Sword Boomerang","Anger"],"picked":"Iron Wave+1","floor":31},{"not_picked":["Clash","Carnage","Run Through+1"],"picked":"SKIP","floor":33},{"not_picked":["Eclipse+1","Brutality"],"picked":"Offering+1","floor":35},{"not_picked":["Iron Wave","Searing Blow"],"picked":"Shockwave+1","floor":37},{"not_picked":["Heavy Blade+1","Dual Wield+1","Wild Strike"],"picked":"SKIP","floor":38},{"not_picked":["Replay:Undeath\u0027s Touch+1","Sentinel+1","Body Slam+1"],"picked":"SKIP","floor":39},{"not_picked":["Cleave+1","Wild Strike+1","Pommel Strike"],"picked":"SKIP","floor":41},{"not_picked":["Fiend Fire","Seeing Red+1"],"picked":"Battle Trance+1","floor":43},{"not_picked":["Sever Soul+1","Abandon+1"],"picked":"Shockwave+1","floor":47},{"not_picked":["Anger","Body Slam+1","Perfected Strike"],"picked":"SKIP","floor":49},{"not_picked":["Cleave+1","Battle Trance+1"],"picked":"Impervious+1","floor":50}],"player_experience":1119862,"relics_obtained":[{"floor":7,"key":"Blood Vial"},{"floor":9,"key":"Whetstone"},{"floor":12,"key":"Toxic Egg 2"},{"floor":23,"key":"Boot"},{"floor":28,"key":"Kunai"},{"floor":31,"key":"Replay:Kaleidoscope"},{"floor":43,"key":"Replay:Wax Seal"},{"floor":45,"key":"ReplayFunnel"},{"floor":50,"key":"Lantern"}],"event_choices":[{"damage_healed":0,"gold_gain":0,"player_choice":"Upgraded","damage_taken":0,"max_hp_gain":0,"max_hp_loss":0,"event_name":"Upgrade Shrine","floor":2,"gold_loss":0,"cards_upgraded":["Bash"]},{"damage_healed":0,"gold_gain":0,"player_choice":"Take Damage","damage_taken":20,"relics_obtained":["Golden Idol"],"max_hp_gain":0,"max_hp_loss":0,"event_name":"Golden Idol","floor":13,"gold_loss":0},{"damage_healed":0,"gold_gain":0,"player_choice":"Ignored","damage_taken":0,"max_hp_gain":0,"max_hp_loss":0,"event_name":"betterNote:BetterNote","floor":21,"gold_loss":0,"cards_obtained":["Die Die Die"]},{"damage_healed":0,"gold_gain":0,"player_choice":"Obtain J.A.X.","damage_taken":0,"max_hp_gain":0,"max_hp_loss":0,"event_name":"Drug Dealer","floor":22,"gold_loss":0,"cards_obtained":["J.A.X."]},{"damage_healed":0,"gold_gain":0,"player_choice":"Upgraded","damage_taken":0,"max_hp_gain":0,"max_hp_loss":0,"event_name":"Upgrade Shrine","floor":29,"gold_loss":0,"cards_upgraded":["Reaper"]}],"is_beta":true,"boss_relics":[{"not_picked":["Snecko Eye","Runic Dome"],"picked":"Ectoplasm"},{"not_picked":["Pandora\u0027s Box","Fusion Hammer"],"picked":"Ooze Armor"}],"items_purged_floors":[4,32],"is_endless":false,"potions_floor_spawned":[5,12,18,24,33,39,41,47],"ascension_level":1}}