{"host":"8is2j71l4wmybkoi","time":1613038278,"event":{"mods":["AchievementEnabler","BaseMod","Colored Map","Minty Spire (QoL Compilation)","Rare Cards Sparkle","StSLib","SuperFastMode"],"gold_per_floor":[109,122,122,136,61,113,113,143,221,237,17,48,67,99,99,171,171,188,207,221,235,235,270,280,280,280,311,323,323,358,375,375,450,450,470,488,488,488,488,517,517,551,551,180,195,212,245,263,263,263,263,263,163,196,196,196],"floor_reached":55,"language":"KOR","playtime":2742,"items_purged":["Bash","Whirlwind"],"score":1530,"play_id":"05d9717a-fa20-4ee6-ba81-70a6ec7a6dac","local_time":"20210211191118","is_ascension_mode":true,"campfire_choices":[{"data":"Mayhem","floor":7.0,"key":"SMITH"},{"data":"Body Slam","floor":15.0,"key":"SMITH"},{"data":"Seeing Red","floor":29.0,"key":"SMITH"},{"data":"Uppercut","floor":32.0,"key":"SMITH"},{"floor":41.0,"key":"RECALL"},{"data":"Evolve","floor":49.0,"key":"SMITH"},{"data":"Fire Breathing","floor":52.0,"key":"SMITH"}],"circlet_count":0,"master_deck":["AscendersBane","Mayhem+1","Shrug It Off","Fire Breathing+1","Reckless Charge","Shrug It Off","Body Slam+1","Uppercut+1","Evolve+1","Double Tap","Carnage","Seeing Red+1","Thunderclap","Power Through","Thunderclap","Battle Trance","Impervious","Disarm","Immolate","Jack Of All Trades","Violence","Master of Strategy","Disarm+1","Dual Wield"],"relics":["Burning Blood","Champion Belt","Red Skull","HornCleat","Akabeko","Bag of Preparation","Centennial Puzzle","Pandora\u0027s Box","Orichalcum","Toy Ornithopter","Gremlin Horn","Cursed Key","Regal Pillow","CaptainsWheel","Orrery","Happy Flower","Strawberry","Bottled Flame"],"acts_visited":["Exordium","TheCity","TheBeyond","TheEnding"],"potions_floor_usage":[55,55],"damage_taken":[{"damage":5.0,"enemies":"Small Slimes","floor":1.0,"turns":4.0},{"damage":6.0,"enemies":"Cultist","floor":2.0,"turns":4.0},{"damage":2.0,"enemies":"2 Louse","floor":4.0,"turns":3.0},{"damage":22.0,"enemies":"Lagavulin","floor":6.0,"turns":6.0},{"damage":17.0,"enemies":"3 Sentries","floor":8.0,"turns":6.0},{"damage":0.0,"enemies":"Large Slime","floor":10.0,"turns":4.0},{"damage":5.0,"enemies":"Lagavulin","floor":12.0,"turns":6.0},{"damage":0.0,"enemies":"3 Louse","floor":13.0,"turns":3.0},{"damage":0.0,"enemies":"3 Sentries","floor":14.0,"turns":4.0},{"damage":11.0,"enemies":"Hexaghost","floor":16.0,"turns":6.0},{"damage":0.0,"enemies":"3 Byrds","floor":18.0,"turns":4.0},{"damage":0.0,"enemies":"Spheric Guardian","floor":19.0,"turns":3.0},{"damage":12.0,"enemies":"Cultist and Chosen","floor":20.0,"turns":3.0},{"damage":7.0,"enemies":"Sentry and Sphere","floor":21.0,"turns":4.0},{"damage":7.0,"enemies":"Book of Stabbing","floor":23.0,"turns":4.0},{"damage":0.0,"enemies":"Snecko","floor":24.0,"turns":5.0},{"damage":3.0,"enemies":"Gremlin Leader","floor":27.0,"turns":4.0},{"damage":3.0,"enemies":"Snake Plant","floor":28.0,"turns":3.0},{"damage":4.0,"enemies":"Book of Stabbing","floor":30.0,"turns":5.0},{"damage":6.0,"enemies":"Cultist and Chosen","floor":31.0,"turns":4.0},{"damage":37.0,"enemies":"Champ","floor":33.0,"turns":9.0},{"damage":4.0,"enemies":"3 Shapes","floor":35.0,"turns":1.0},{"damage":0.0,"enemies":"Orb Walker","floor":36.0,"turns":3.0},{"damage":0.0,"enemies":"Reptomancer","floor":40.0,"turns":5.0},{"damage":0.0,"enemies":"Nemesis","floor":42.0,"turns":5.0},{"damage":5.0,"enemies":"Jaw Worm Horde","floor":45.0,"turns":2.0},{"damage":0.0,"enemies":"4 Shapes","floor":46.0,"turns":2.0},{"damage":22.0,"enemies":"Giant Head","floor":47.0,"turns":6.0},{"damage":0.0,"enemies":"Maw","floor":48.0,"turns":6.0},{"damage":30.0,"enemies":"Time Eater","floor":50.0,"turns":12.0},{"damage":2.0,"enemies":"Shield and Spear","floor":54.0,"turns":5.0},{"damage":108,"enemies":"The Heart","floor":55,"turns":6}],"seed_played":"-2116308725111084589","potions_obtained":[{"floor":1.0,"key":"ColorlessPotion"},{"floor":8.0,"key":"Swift Potion"},{"floor":12.0,"key":"LiquidBronze"},{"floor":16.0,"key":"ColorlessPotion"},{"floor":18.0,"key":"LiquidMemories"},{"floor":23.0,"key":"PowerPotion"},{"floor":24.0,"key":"AttackPotion"},{"floor":33.0,"key":"LiquidMemories"},{"floor":35.0,"key":"FearPotion"},{"floor":45.0,"key":"LiquidMemories"}],"is_trial":false,"path_per_floor":["M","M","?","M","?","E","R","E","T","M","$","E","M","E","R","B",null,"M","M","M","M","?","E","M","?","T","E","M","R","E","M","R","B",null,"M","M","?","?","?","E","R","E","T","$","M","M","E","M","R","B",null,"R","$","E","B"],"character_chosen":"IRONCLAD","items_purchased":["Uppercut","Akabeko","Orrery","Happy Flower"],"campfire_rested":0,"item_purchase_floors":[11,11,44,44],"current_hp_per_floor":[51,51,51,55,55,39,39,28,28,34,34,35,41,47,47,42,67,73,75,69,68,68,67,73,73,73,75,75,75,75,75,75,44,67,69,75,75,65,65,71,71,75,75,75,75,75,66,72,72,48,74,74,74,78,0,0],"gold":196,"neow_bonus":"RANDOM_COLORLESS_2","is_daily":false,"chose_seed":false,"campfire_upgraded":6,"win_rate":0.0,"timestamp":1613038278,"path_taken":["M","M","?","?","?","E","R","E","T","M","$","E","M","E","R","BOSS","M","M","M","M","?","E","M","?","T","E","M","R","E","M","R","BOSS","M","M","?","?","?","E","R","E","T","$","M","M","E","M","R","BOSS","R","$","E","BOSS"],"items_purchased_type":["Card","Relic","Relic","Relic"],"build_version":"2020-12-22","purchased_purges":2,"victory":false,"max_hp_per_floor":[75,75,75,75,75,75,75,75,75,75,75,75,75,75,75,75,75,75,75,75,75,75,75,75,75,75,75,75,75,75,75,75,75,75,75,75,75,75,75,75,75,75,75,75,75,75,82,82,82,82,82,82,82,82,82,82],"card_choices":[{"not_picked":["Chrysalis","Magnetism"],"picked":"Mayhem","floor":0.0},{"not_picked":["Headbutt","Intimidate"],"picked":"Shrug It Off","floor":1.0},{"not_picked":["Twin Strike","Shrug It Off"],"picked":"Fire Breathing","floor":2.0},{"not_picked":["Clash","Iron Wave"],"picked":"Reckless Charge","floor":4.0},{"not_picked":["Brutality","Perfected Strike","Berserk"],"picked":"SKIP","floor":6.0},{"not_picked":["Heavy Blade","Iron Wave"],"picked":"Shrug It Off","floor":8.0},{"not_picked":["Iron Wave","Sever Soul"],"picked":"Body Slam","floor":10.0},{"not_picked":["Iron Wave","Wild Strike","Searing Blow"],"picked":"SKIP","floor":12.0},{"not_picked":["Intimidate","Body Slam","Perfected Strike"],"picked":"SKIP","floor":13.0},{"not_picked":["True Grit","Blood for Blood"],"picked":"Evolve","floor":14.0},{"not_picked":["Demon Form","Bludgeon"],"picked":"Double Tap","floor":16.0},{"not_picked":["Armaments","Disarm","Anger+1"],"picked":"SKIP","floor":18.0},{"not_picked":["Cleave","True Grit+1"],"picked":"Battle Trance","floor":19.0},{"not_picked":["Iron Wave","Twin Strike"],"picked":"Rage","floor":20.0},{"not_picked":["Intimidate","Metallicize"],"picked":"Impervious","floor":21.0},{"not_picked":["Shrug It Off","Iron Wave","Wild Strike"],"picked":"SKIP","floor":23.0},{"not_picked":["Clash","Clothesline","True Grit"],"picked":"SKIP","floor":24.0},{"not_picked":["Clash","Clothesline","True Grit"],"picked":"SKIP","floor":24.0},{"not_picked":["Clash","Clothesline","True Grit"],"picked":"SKIP","floor":24.0},{"not_picked":["Anger","Clash","Infernal Blade"],"picked":"SKIP","floor":27.0},{"not_picked":["Sever Soul","Evolve","Combust"],"picked":"SKIP","floor":28.0},{"not_picked":["Blood for Blood","Power Through","Pommel Strike"],"picked":"SKIP","floor":30.0},{"not_picked":["Fire Breathing+1","Clash"],"picked":"Disarm","floor":31.0},{"not_picked":["Impervious","Juggernaut"],"picked":"Immolate","floor":33.0},{"not_picked":["Body Slam","Flex","Sword Boomerang"],"picked":"SKIP","floor":35.0},{"not_picked":["Warcry+1","Armaments","Clash"],"picked":"SKIP","floor":36.0},{"not_picked":["Madness","Chrysalis"],"picked":"Jack Of All Trades","floor":38.0},{"not_picked":["Good Instincts","Thinking Ahead"],"picked":"Violence","floor":38.0},{"not_picked":["Blind","Discovery"],"picked":"Master of Strategy","floor":38.0},{"not_picked":["Rage+1","Sword Boomerang"],"picked":"Disarm+1","floor":40.0},{"not_picked":["Anger+1","Double Tap","Headbutt"],"picked":"SKIP","floor":42.0},{"not_picked":["Searing Blow","Sentinel","Evolve+1"],"picked":"SKIP","floor":45.0},{"not_picked":["Searing Blow","Sentinel","Evolve+1"],"picked":"SKIP","floor":45.0},{"not_picked":["Twin Strike","Perfected Strike+1","Body Slam"],"picked":"SKIP","floor":46.0},{"not_picked":["Headbutt+1","Fire Breathing"],"picked":"Dual Wield","floor":47.0},{"not_picked":["Dual Wield","Iron Wave","Carnage"],"picked":"SKIP","floor":48.0},{"not_picked":["Pummel+1","Searing Blow","Warcry"],"picked":"SKIP","floor":54.0}],"player_experience":1132303,"relics_obtained":[{"floor":6.0,"key":"Champion Belt"},{"floor":8.0,"key":"Red Skull"},{"floor":9.0,"key":"HornCleat"},{"floor":12.0,"key":"Bag of Preparation"},{"floor":14.0,"key":"Centennial Puzzle"},{"floor":23.0,"key":"Orichalcum"},{"floor":27.0,"key":"Toy Ornithopter"},{"floor":30.0,"key":"Gremlin Horn"},{"floor":40.0,"key":"Regal Pillow"},{"floor":42.0,"key":"CaptainsWheel"},{"floor":47.0,"key":"Strawberry"},{"floor":54.0,"key":"Bottled Flame"}],"event_choices":[{"cards_removed":["Strike_R"],"damage_healed":0.0,"max_hp_gain":0.0,"max_hp_loss":0.0,"gold_gain":0.0,"event_name":"Purifier","player_choice":"Purged","floor":3.0,"gold_loss":0.0,"damage_taken":0.0},{"cards_removed":["Strike_R"],"damage_healed":0.0,"max_hp_gain":0.0,"max_hp_loss":0.0,"gold_gain":0.0,"event_name":"The Cleric","player_choice":"Card Removal","floor":5.0,"gold_loss":75.0,"damage_taken":0.0},{"cards_removed":["Flex"],"damage_healed":0.0,"max_hp_gain":0.0,"max_hp_loss":0.0,"gold_gain":0.0,"event_name":"Back to Basics","player_choice":"Elegance","floor":22.0,"gold_loss":0.0,"damage_taken":0.0},{"damage_healed":0.0,"max_hp_gain":0.0,"max_hp_loss":0.0,"gold_gain":0.0,"event_name":"Ghosts","player_choice":"Ignored","floor":25.0,"gold_loss":0.0,"damage_taken":0.0},{"damage_healed":0.0,"max_hp_gain":0.0,"max_hp_loss":0.0,"gold_gain":0.0,"event_name":"Tomb of Lord Red Mask","player_choice":"Ignored","floor":37.0,"gold_loss":0.0,"damage_taken":0.0},{"damage_healed":0.0,"max_hp_gain":0.0,"max_hp_loss":0.0,"gold_gain":0.0,"event_name":"SensoryStone","player_choice":"Memory 3","floor":38.0,"gold_loss":0.0,"damage_taken":10.0},{"cards_removed":["Rage"],"damage_healed":0.0,"max_hp_gain":0.0,"max_hp_loss":0.0,"gold_gain":0.0,"event_name":"Falling","player_choice":"Removed Skill","floor":39.0,"gold_loss":0.0,"damage_taken":0.0}],"is_beta":false,"boss_relics":[{"not_picked":["Black Blood","Ectoplasm"],"picked":"Pandora\u0027s Box"},{"not_picked":["Velvet Choker","Busted Crown"],"picked":"Cursed Key"}],"items_purged_floors":[44,53],"is_endless":false,"potions_floor_spawned":[1,8,12,13,16,18,23,24,33,35,36,45,47,54],"killed_by":"The Heart","ascension_level":15}}