{"host":"hlz9nytggqnehs39","time":1613033854,"event":{"mods":["BaseMod","Highlight Path","Minty Spire (QoL Compilation)","Relic Stats"],"gold_per_floor":[118,118,134,148,25,35,35,35,35,69,80,106,125,125,125,226,226,242,260,41,41,41,69,69,69,144,144,159,177,177,190,190,285,285,303,49,49,49,60,92,16,16,68,101,111,128,176,188,188,188],"floor_reached":51,"language":"ENG","playtime":3745,"items_purged":["Strike_B","Writhe"],"score":1139,"play_id":"b5e60be7-e218-4cf3-b5fa-0b51c3d6a25a","local_time":"20210211095734","is_ascension_mode":true,"campfire_choices":[{"data":"Go for the Eyes","floor":7,"key":"SMITH"},{"floor":15,"key":"REST"},{"data":"Defragment","floor":24,"key":"SMITH"},{"data":"Defragment","floor":27,"key":"SMITH"},{"floor":30,"key":"REST"},{"data":"Defragment","floor":32,"key":"SMITH"},{"floor":49,"key":"REST"}],"circlet_count":0,"master_deck":["AscendersBane","Strike_B","Strike_B","Strike_B","Defend_B","Defend_B","Defend_B","Defend_B","Zap","Dualcast","Panacea","Leap","Go for the Eyes+1","Defragment+1","Ball Lightning","Undo","Echo Form","Chill+1","Static Discharge","Defragment+1","Defragment+1","Hologram+1","Force Field","Amplify","Recycle","Compile Driver","Decay","Cold Snap"],"relics":["Cracked Core","Juzu Bracelet","StrikeDummy","Bottled Tornado","Cables","Philosopher\u0027s Stone","DollysMirror","Lizard Tail","Mummified Hand","White Beast Statue","Cursed Key","Membership Card","Blood Vial","DataDisk","Toy Ornithopter","PreservedInsect","Unceasing Top"],"acts_visited":["Exordium","TheCity","TheBeyond"],"potions_floor_usage":[10,11,16,18,23,29,33,33,40,40,44,47,48,50],"damage_taken":[{"damage":2,"enemies":"2 Louse","floor":1,"turns":2},{"damage":2,"enemies":"Cultist","floor":3,"turns":4},{"damage":4,"enemies":"Jaw Worm","floor":4,"turns":4},{"damage":11,"enemies":"Blue Slaver","floor":6,"turns":4},{"damage":25,"enemies":"Lagavulin","floor":10,"turns":7},{"damage":0,"enemies":"Lots of Slimes","floor":11,"turns":2},{"damage":23,"enemies":"Gremlin Nob","floor":12,"turns":4},{"damage":0,"enemies":"Large Slime","floor":13,"turns":4},{"damage":15,"enemies":"The Guardian","floor":16,"turns":8},{"damage":0,"enemies":"Chosen","floor":18,"turns":5},{"damage":5,"enemies":"Shell Parasite","floor":19,"turns":6},{"damage":36,"enemies":"Book of Stabbing","floor":23,"turns":5},{"damage":0,"enemies":"Centurion and Healer","floor":28,"turns":7},{"damage":0,"enemies":"Cultist and Chosen","floor":29,"turns":5},{"damage":0,"enemies":"Shelled Parasite and Fungi","floor":31,"turns":6},{"damage":41,"enemies":"Champ","floor":33,"turns":8},{"damage":0,"enemies":"3 Shapes","floor":35,"turns":5},{"damage":11,"enemies":"Orb Walker","floor":39,"turns":4},{"damage":0,"enemies":"Nemesis","floor":40,"turns":9},{"damage":27,"enemies":"Giant Head","floor":44,"turns":13},{"damage":0,"enemies":"4 Shapes","floor":45,"turns":7},{"damage":0,"enemies":"3 Darklings","floor":46,"turns":43},{"damage":45,"enemies":"2 Orb Walkers","floor":47,"turns":7},{"damage":5,"enemies":"Jaw Worm Horde","floor":48,"turns":6},{"damage":58,"enemies":"Awakened One","floor":50,"turns":38}],"seed_played":"-1809759430344935280","potions_obtained":[{"floor":4,"key":"Explosive Potion"},{"floor":11,"key":"LiquidBronze"},{"floor":13,"key":"CultistPotion"},{"floor":16,"key":"DistilledChaos"},{"floor":18,"key":"Block Potion"},{"floor":19,"key":"Explosive Potion"},{"floor":28,"key":"DuplicationPotion"},{"floor":29,"key":"Dexterity Potion"},{"floor":31,"key":"LiquidMemories"},{"floor":33,"key":"PotionOfCapacity"},{"floor":35,"key":"SteroidPotion"},{"floor":40,"key":"Regen Potion"},{"floor":44,"key":"FairyPotion"},{"floor":45,"key":"LiquidMemories"},{"floor":47,"key":"Dexterity Potion"},{"floor":48,"key":"DuplicationPotion"}],"is_trial":false,"path_per_floor":["M","?","M","M","$","M","R","$","T","E","M","E","M","T","R","B",null,"M","M","$","?","?","E","R","?","T","R","M","M","R","M","R","B",null,"M","$","?","?","M","E","$","?","T","E","M","M","?","M","R","B",null],"character_chosen":"DEFECT","items_purchased":["Strength Potion","Defragment","DollysMirror","Membership Card","DuplicationPotion","Compile Driver","DataDisk"],"campfire_rested":3,"item_purchase_floors":[5,20,20,36,36,36,41],"current_hp_per_floor":[66,75,73,69,69,58,58,58,58,33,33,10,10,10,32,17,61,61,56,56,56,56,20,20,20,20,20,20,20,42,42,42,1,57,57,57,57,57,46,46,46,46,46,41,43,45,7,9,31,10],"gold":188,"neow_bonus":"RANDOM_COLORLESS","is_daily":false,"chose_seed":false,"campfire_upgraded":4,"win_rate":0.0,"timestamp":1613033854,"path_taken":["M","?","M","M","$","M","R","?","T","E","M","E","M","?","R","BOSS","M","M","$","?","?","E","R","?","T","R","M","M","R","M","R","BOSS","M","$","?","?","M","E","$","?","T","E","M","M","?","M","R","BOSS"],"items_purchased_type":["Potion","Card","Relic","Relic","Potion","Card","Relic"],"build_version":"2020-12-22","purchased_purges":2,"victory":true,"max_hp_per_floor":[75,75,75,75,75,75,75,75,75,75,75,75,75,75,75,75,75,75,75,75,75,75,75,75,75,75,75,75,75,75,75,75,75,75,75,75,75,75,75,75,75,75,75,75,75,75,75,75,75,75],"relic_stats":{"Blood Vial":12,"Lizard Tail":0,"counters":[25,213],"Mummified Hand":[76],"PreservedInsect":0,"Juzu Bracelet":3,"Cursed Key":1,"obtain_stats":[{"PreservedInsect":44,"Juzu Bracelet":9,"Bottled Tornado":12,"Cursed Key":34,"White Beast Statue":26,"Cables":14,"Blood Vial":40,"Lizard Tail":22,"DataDisk":41,"DollysMirror":20,"Mummified Hand":23,"Philosopher\u0027s Stone":17,"Membership Card":36,"Cracked Core":0,"StrikeDummy":10,"Toy Ornithopter":43,"Unceasing Top":47},{"PreservedInsect":20,"Juzu Bracelet":4,"Bottled Tornado":7,"Cursed Key":16,"White Beast Statue":12,"Cables":8,"Blood Vial":19,"Lizard Tail":11,"DataDisk":19,"DollysMirror":11,"Mummified Hand":12,"Philosopher\u0027s Stone":9,"Membership Card":17,"Cracked Core":0,"StrikeDummy":5,"Toy Ornithopter":19,"Unceasing Top":23},{"PreservedInsect":112,"Juzu Bracelet":14,"Bottled Tornado":27,"Cursed Key":81,"White Beast Statue":55,"Cables":31,"Blood Vial":99,"Lizard Tail":50,"DataDisk":99,"DollysMirror":50,"Mummified Hand":55,"Philosopher\u0027s Stone":39,"Membership Card":86,"Cracked Core":0,"StrikeDummy":21,"Toy Ornithopter":99,"Unceasing Top":169}],"Toy Ornithopter":20,"Unceasing Top":[12],"Cables":[172,56,116,0,0]},"card_choices":[{"not_picked":["Forethought","Dramatic Entrance"],"picked":"Panacea","floor":0},{"not_picked":["Coolheaded","Cold Snap"],"picked":"Leap","floor":1},{"not_picked":["Heatsinks","Turbo","Meteor Strike"],"picked":"SKIP","floor":3},{"not_picked":["Gash","Coolheaded"],"picked":"Go for the Eyes","floor":4},{"not_picked":["Cold Snap","Darkness"],"picked":"Defragment","floor":6},{"not_picked":["FTL","Leap","Hologram"],"picked":"SKIP","floor":10},{"not_picked":["Recycle","Turbo"],"picked":"Ball Lightning","floor":11},{"not_picked":["Double Energy","Leap","Machine Learning"],"picked":"SKIP","floor":12},{"not_picked":["Self Repair","Sweeping Beam"],"picked":"Undo","floor":13},{"not_picked":["Creative AI","Thunder Strike"],"picked":"Echo Form","floor":16},{"not_picked":["Rebound","Hologram"],"picked":"Chill+1","floor":18},{"not_picked":["Storm","Redo+1"],"picked":"Static Discharge","floor":19},{"not_picked":["Leap","Steam Power"],"picked":"Hologram+1","floor":23},{"not_picked":["Blizzard","FTL","Reprogram"],"picked":"SKIP","floor":28},{"not_picked":["Stack","Hyperbeam","Rip and Tear"],"picked":"SKIP","floor":29},{"not_picked":["Turbo","Hologram"],"picked":"Force Field","floor":31},{"not_picked":["Multi-Cast","Fission"],"picked":"Amplify","floor":33},{"not_picked":["Rebound","Doom and Gloom"],"picked":"Recycle","floor":35},{"not_picked":["Self Repair","Rebound","Hologram"],"picked":"SKIP","floor":39},{"not_picked":["Consume","Sweeping Beam","Ball Lightning"],"picked":"SKIP","floor":40},{"not_picked":["Aggregate","Heatsinks","Reprogram"],"picked":"SKIP","floor":44},{"not_picked":["Redo","Compile Driver","Leap"],"picked":"SKIP","floor":45},{"not_picked":["Rebound","Chaos"],"picked":"Cold Snap","floor":46},{"not_picked":["Barrage","Gash+1","Hologram"],"picked":"SKIP","floor":48}],"player_experience":432372,"relics_obtained":[{"floor":9,"key":"Juzu Bracelet"},{"floor":10,"key":"StrikeDummy"},{"floor":12,"key":"Bottled Tornado"},{"floor":14,"key":"Cables"},{"floor":23,"key":"Mummified Hand"},{"floor":26,"key":"White Beast Statue"},{"floor":40,"key":"Blood Vial"},{"floor":43,"key":"Toy Ornithopter"},{"floor":44,"key":"PreservedInsect"},{"floor":47,"key":"Unceasing Top"}],"event_choices":[{"damage_healed":9,"gold_gain":0,"player_choice":"Full Heal","damage_taken":0,"max_hp_gain":0,"max_hp_loss":0,"event_name":"Wheel of Change","floor":2,"gold_loss":0},{"damage_healed":0,"gold_gain":0,"player_choice":"Got Potions","damage_taken":0,"max_hp_gain":0,"max_hp_loss":0,"event_name":"Lab","floor":21,"gold_loss":0},{"damage_healed":0,"gold_gain":0,"player_choice":"Opened","damage_taken":0,"relics_obtained":["Lizard Tail"],"max_hp_gain":0,"max_hp_loss":0,"event_name":"The Mausoleum","floor":22,"gold_loss":0,"cards_obtained":["Writhe"]},{"damage_healed":0,"gold_gain":0,"player_choice":"Ignored","damage_taken":0,"max_hp_gain":0,"max_hp_loss":0,"event_name":"Vampires","floor":25,"gold_loss":0},{"damage_healed":0,"gold_gain":0,"player_choice":"Ignored","damage_taken":0,"max_hp_gain":0,"max_hp_loss":0,"event_name":"Tomb of Lord Red Mask","floor":37,"gold_loss":0},{"damage_healed":0,"gold_gain":0,"player_choice":"Ignored","damage_taken":0,"max_hp_gain":0,"max_hp_loss":0,"event_name":"SecretPortal","floor":38,"gold_loss":0},{"damage_healed":0,"gold_gain":0,"player_choice":"0 cards matched","damage_taken":0,"max_hp_gain":0,"max_hp_loss":0,"event_name":"Match and Keep!","floor":42,"gold_loss":0,"cards_obtained":[]},{"damage_healed":0,"gold_gain":0,"player_choice":"Fight","damage_taken":0,"max_hp_gain":0,"max_hp_loss":0,"event_name":"Mysterious Sphere","floor":47,"gold_loss":0}],"is_beta":false,"boss_relics":[{"not_picked":["Runic Dome","Runic Pyramid"],"picked":"Philosopher\u0027s Stone"},{"not_picked":["Sozu","Pandora\u0027s Box"],"picked":"Cursed Key"}],"items_purged_floors":[5,36],"is_endless":false,"potions_floor_spawned":[4,11,13,16,18,19,28,29,31,33,35,39,40,44,45,46,47,48],"ascension_level":12}}