{"host":"gjbmv0wqve0qfw94","time":1613070921,"event":{"mods":["BaseMod","Colored Map","Colored Powertips","DeckTracker","Googly Eyes","Minty Spire (QoL Compilation)","StSLib"],"gold_per_floor":[110,127,137,152,152,152,165,198,221,248,259,275,275,288,288,362,362,382,401,401,411,320,320,352,352,352,8,18,18,18],"floor_reached":29,"language":"ENG","playtime":2770,"items_purged":["BowlingBash"],"score":618,"play_id":"e9136862-ef9a-4ad5-8bb9-f4ce3fe9c362","local_time":"20210211201521","is_ascension_mode":true,"campfire_choices":[{"data":"Devotion","floor":6.0,"key":"SMITH"},{"data":"TalkToTheHand","floor":13,"key":"SMITH"},{"data":"Tantrum","floor":15,"key":"SMITH"},{"data":"Eruption","floor":23,"key":"SMITH"},{"floor":25,"key":"REST"}],"circlet_count":0,"master_deck":["AscendersBane","Strike_P+1","Strike_P+1","Strike_P+1","Strike_P+1","Defend_P+1","Defend_P+1","Defend_P+1","Defend_P+1","Eruption+1","Vigilance","Devotion+1","ThirdEye","ReachHeaven","Tantrum+1","Prostrate","Conclude","ThirdEye","TalkToTheHand+1","Evaluate","Brilliance","LikeWater+1","DeceiveReality","Meditate","PanicButton","WheelKick"],"relics":["PureWater","Strawberry","Lantern","Blood Vial","Sozu","Toy Ornithopter","StrikeDummy","Singing Bowl"],"acts_visited":["Exordium","TheCity"],"potions_floor_usage":[10,12,24],"damage_taken":[{"damage":0.0,"enemies":"2 Louse","floor":1.0,"turns":3.0},{"damage":0.0,"enemies":"Jaw Worm","floor":2.0,"turns":5.0},{"damage":0.0,"enemies":"Cultist","floor":3.0,"turns":3.0},{"damage":23.0,"enemies":"Exordium Thugs","floor":4.0,"turns":5.0},{"damage":14.0,"enemies":"3 Louse","floor":7.0,"turns":3.0},{"damage":10,"enemies":"Lagavulin","floor":8,"turns":5},{"damage":8,"enemies":"3 Sentries","floor":10,"turns":3},{"damage":6,"enemies":"Looter","floor":11,"turns":3},{"damage":0,"enemies":"Lots of Slimes","floor":12,"turns":2},{"damage":0,"enemies":"Exordium Wildlife","floor":14,"turns":2},{"damage":0,"enemies":"Slime Boss","floor":16,"turns":6},{"damage":15,"enemies":"Shell Parasite","floor":18,"turns":6},{"damage":15,"enemies":"Spheric Guardian","floor":19,"turns":6},{"damage":24,"enemies":"Snake Plant","floor":21,"turns":6},{"damage":21,"enemies":"Book of Stabbing","floor":24,"turns":7},{"damage":8,"enemies":"Sentry and Sphere","floor":28,"turns":5},{"damage":41,"enemies":"Slavers","floor":29,"turns":4}],"seed_played":"3888782203382404503","potions_obtained":[{"floor":1.0,"key":"BottledMiracle"},{"floor":2.0,"key":"Strength Potion"},{"floor":4.0,"key":"Weak Potion"},{"floor":11,"key":"ColorlessPotion"}],"is_trial":false,"path_per_floor":["M","M","M","M","?","R","M","E","T","E","M","M","R","M","R","B",null,"M","M","?","M","?","R","E","R","T","$","M","E"],"character_chosen":"WATCHER","items_purchased":["Meditate","PanicButton","WheelKick"],"campfire_rested":1,"item_purchase_floors":[27,27,27],"current_hp_per_floor":[61,61,61,38,43,43,29,26,26,18,14,16,16,18,18,20,65,52,39,39,17,17,17,3,27,27,27,23,0,0],"gold":18,"neow_bonus":"ONE_RANDOM_RARE_CARD","is_daily":false,"chose_seed":false,"campfire_upgraded":4,"win_rate":0.0,"timestamp":1613070921,"path_taken":["M","M","M","M","?","R","M","E","T","E","M","M","R","M","R","BOSS","M","M","?","M","?","R","E","R","T","$","?","E"],"items_purchased_type":["Card","Card","Card"],"build_version":"2020-12-22","purchased_purges":1,"victory":false,"max_hp_per_floor":[68,68,68,68,73,73,73,80,80,80,80,80,80,80,80,80,80,80,80,80,80,80,80,80,80,80,80,82,82,82],"card_choices":[{"not_picked":["InnerPeace","DeceiveReality"],"picked":"ThirdEye","floor":1.0},{"not_picked":["Consecrate","CutThroughFate"],"picked":"ReachHeaven","floor":2.0},{"not_picked":["Crescendo","Collect"],"picked":"Tantrum","floor":3.0},{"not_picked":["Perseverance","Study"],"picked":"Prostrate","floor":4.0},{"not_picked":["MentalFortress","SashWhip"],"picked":"Conclude","floor":7.0},{"not_picked":["Halt","FollowUp","Tantrum"],"picked":"SKIP","floor":8},{"not_picked":["DevaForm","BattleHymn"],"picked":"ThirdEye","floor":10},{"not_picked":["ClearTheMind","MentalFortress"],"picked":"TalkToTheHand","floor":11},{"not_picked":["Nirvana","SandsOfTime"],"picked":"Evaluate","floor":12},{"not_picked":["FollowUp","Perseverance","Evaluate"],"picked":"SKIP","floor":14},{"not_picked":["Blasphemy","Devotion"],"picked":"Brilliance","floor":16},{"not_picked":["FlurryOfBlows","JustLucky"],"picked":"LikeWater+1","floor":18},{"not_picked":["Halt","Tantrum"],"picked":"BowlingBash","floor":19},{"not_picked":["JustLucky","PathToVictory","Prostrate"],"picked":"SKIP","floor":21},{"not_picked":["EmptyFist","FlurryOfBlows"],"picked":"DeceiveReality","floor":24},{"not_picked":["Meditate","Nirvana","Conclude+1"],"picked":"Singing Bowl","floor":28}],"player_experience":1224401,"relics_obtained":[{"floor":8,"key":"Strawberry"},{"floor":9,"key":"Lantern"},{"floor":10,"key":"Blood Vial"},{"floor":24,"key":"StrikeDummy"},{"floor":26,"key":"Singing Bowl"}],"event_choices":[{"damage_healed":0.0,"max_hp_gain":5.0,"max_hp_loss":0.0,"gold_gain":0.0,"event_name":"Big Fish","player_choice":"Donut","floor":5.0,"gold_loss":0.0,"damage_taken":0.0},{"damage_healed":0,"gold_gain":0,"player_choice":"Simplicity","damage_taken":0,"max_hp_gain":0,"max_hp_loss":0,"event_name":"Back to Basics","floor":20,"gold_loss":0,"cards_upgraded":["Strike_P","Strike_P","Strike_P","Strike_P","Defend_P","Defend_P","Defend_P","Defend_P"]},{"damage_healed":0,"gold_gain":0,"player_choice":"Paid Gold","damage_taken":0,"relics_obtained":["Toy Ornithopter"],"max_hp_gain":0,"max_hp_loss":0,"event_name":"WeMeetAgain","floor":22,"gold_loss":91}],"is_beta":false,"boss_relics":[{"not_picked":["Snecko Eye","Calling Bell"],"picked":"Sozu"}],"items_purged_floors":[27],"is_endless":false,"potions_floor_spawned":[1,2,4,7,8,11,18,24],"killed_by":"Slavers","ascension_level":20}}