{"host":"4cz9gr89nglr7k8k","time":1613071103,"event":{"mods":["BaseMod","Minty Spire (QoL Compilation)","Relic Stats","Slay-I"],"gold_per_floor":[117,42,42,55,74,104,104,117,117,117,176,326,359,377,377,454,454,474,502,17,27,27,27,27,39,39,39,50,62,62,62,62,139,139,157,157,157,182,182,182,16,16,16,16,16,32,50,50,50],"floor_reached":48,"language":"DEU","playtime":1316,"items_purged":["Doubt"],"score":922,"play_id":"da3748d0-ff90-49c1-93c4-71c44a94e5f9","local_time":"20210211201823","is_ascension_mode":true,"campfire_choices":[{"floor":7,"key":"REST"},{"floor":10,"key":"REST"},{"floor":15,"key":"REST"},{"floor":23,"key":"REST"},{"floor":27,"key":"REST"},{"data":"Immolate","floor":30,"key":"SMITH"},{"data":"Spot Weakness","floor":32,"key":"SMITH"},{"data":"Perfected Strike","floor":40,"key":"SMITH"},{"data":"Perfected Strike","floor":44,"key":"SMITH"}],"circlet_count":0,"master_deck":["AscendersBane","Strike_R","Strike_R","Strike_R","Strike_R","Strike_R","Defend_R","Defend_R","Defend_R","Bash","Sever Soul+1","Clash","Flex","Dropkick","Anger+1","Perfected Strike+1","Thunderclap","Twin Strike","Immolate+1","Shrug It Off","Shrug It Off","Spot Weakness+1","Burning Pact+1","Sword Boomerang","Perfected Strike+1","Clash+1","Twin Strike+1","Writhe","Warcry","Discovery","Clothesline","Headbutt"],"relics":["Burning Blood","NeowsBlessing","White Beast Statue","Bottled Lightning","Eternal Feather","Orichalcum","Busted Crown","Red Mask","Boot","Whetstone","Black Star","Mango","Nunchaku","TungstenRod","Pear"],"acts_visited":["Exordium","TheCity","TheBeyond"],"potions_floor_usage":[13,13,16,16,19,19,33,33,48,48],"damage_taken":[{"damage":0,"enemies":"2 Louse","floor":1,"turns":1},{"damage":0,"enemies":"Small Slimes","floor":4,"turns":1},{"damage":0,"enemies":"Cultist","floor":5,"turns":1},{"damage":65,"enemies":"3 Sentries","floor":6,"turns":9},{"damage":13,"enemies":"3 Louse","floor":8,"turns":3},{"damage":31,"enemies":"Gremlin Nob","floor":11,"turns":4},{"damage":15,"enemies":"Lagavulin","floor":13,"turns":5},{"damage":10,"enemies":"2 Fungi Beasts","floor":14,"turns":3},{"damage":40,"enemies":"Hexaghost","floor":16,"turns":8},{"damage":6,"enemies":"Spheric Guardian","floor":18,"turns":3},{"damage":23,"enemies":"Masked Bandits","floor":19,"turns":3},{"damage":21,"enemies":"2 Thieves","floor":21,"turns":4},{"damage":42,"enemies":"Centurion and Healer","floor":25,"turns":4},{"damage":5,"enemies":"3 Cultists","floor":28,"turns":3},{"damage":18,"enemies":"Cultist and Chosen","floor":29,"turns":5},{"damage":69,"enemies":"Automaton","floor":33,"turns":8},{"damage":19,"enemies":"3 Shapes","floor":35,"turns":3},{"damage":0,"enemies":"Mind Bloom Boss Battle","floor":38,"turns":6},{"damage":48,"enemies":"3 Darklings","floor":46,"turns":5},{"damage":31,"enemies":"Jaw Worm Horde","floor":47,"turns":4}],"seed_played":"-4775715989643213743","potions_obtained":[{"floor":8,"key":"SkillPotion"},{"floor":11,"key":"LiquidBronze"},{"floor":13,"key":"BlessingOfTheForge"},{"floor":14,"key":"LiquidBronze"},{"floor":16,"key":"ColorlessPotion"},{"floor":18,"key":"EssenceOfSteel"},{"floor":19,"key":"PowerPotion"},{"floor":21,"key":"AttackPotion"},{"floor":33,"key":"Block Potion"},{"floor":35,"key":"Explosive Potion"},{"floor":46,"key":"DuplicationPotion"}],"is_trial":false,"path_per_floor":["M","?","?","M","M","E","R","M","T","R","?","?","E","M","R","B",null,"M","?","$","M","?","R","?","M","T","R","M","M","R","?","R","B",null,"M","?","?","?","?","R","$","T","T","R","?","M","M","M"],"character_chosen":"IRONCLAD","items_purchased":["Spot Weakness","Boot","Magnetism","Nunchaku"],"campfire_rested":5,"item_purchase_floors":[20,20,20,41],"current_hp_per_floor":[74,74,63,69,75,16,38,31,31,53,28,28,19,15,46,12,59,59,42,42,27,42,75,85,49,49,85,85,73,85,85,85,22,69,56,56,73,93,93,99,99,99,109,109,109,67,42,0,0],"gold":50,"neow_bonus":"THREE_ENEMY_KILL","is_daily":false,"chose_seed":false,"campfire_upgraded":4,"win_rate":0.0,"timestamp":1613071103,"path_taken":["M","?","?","M","?","E","R","M","T","R","?","?","E","M","R","BOSS","M","?","$","M","?","R","?","?","T","R","M","M","R","?","R","BOSS","M","?","?","?","?","R","$","?","T","R","?","M","M","?"],"items_purchased_type":["Card","Relic","Card","Relic"],"build_version":"2020-12-22","purchased_purges":1,"victory":false,"max_hp_per_floor":[75,75,75,75,75,75,75,75,75,75,75,75,75,75,75,75,75,75,75,75,75,75,75,85,85,85,85,85,85,85,85,85,85,85,85,85,85,99,99,99,99,99,109,109,109,109,109,109,109],"relic_stats":{"Nunchaku":[3],"Busted Crown":24,"counters":[21,90],"Eternal Feather":51,"Black Star":0,"Whetstone":["Anger","Sever Soul"],"Orichalcum":[174],"Boot":[29],"obtain_stats":[{"Pear":43,"NeowsBlessing":0,"Eternal Feather":11,"Mango":38,"Whetstone":26,"Orichalcum":13,"Boot":20,"Burning Blood":0,"White Beast Statue":6,"Nunchaku":41,"Busted Crown":17,"Red Mask":19,"Black Star":34,"Bottled Lightning":9,"TungstenRod":42},{"Pear":18,"NeowsBlessing":0,"Eternal Feather":6,"Mango":18,"Whetstone":13,"Orichalcum":7,"Boot":11,"Burning Blood":0,"White Beast Statue":4,"Nunchaku":18,"Busted Crown":9,"Red Mask":11,"Black Star":16,"Bottled Lightning":5,"TungstenRod":18},{"Pear":74,"NeowsBlessing":0,"Eternal Feather":19,"Mango":74,"Whetstone":49,"Orichalcum":24,"Boot":41,"Burning Blood":0,"White Beast Statue":12,"Nunchaku":74,"Busted Crown":35,"Red Mask":41,"Black Star":65,"Bottled Lightning":15,"TungstenRod":74}],"Burning Blood":119,"TungstenRod":15},"card_choices":[{"not_picked":["Warcry","Clothesline"],"picked":"Sever Soul","floor":1},{"not_picked":["True Grit","Havoc"],"picked":"Clash","floor":4},{"not_picked":["Anger","Rupture"],"picked":"Flex","floor":5},{"not_picked":["Warcry","Juggernaut"],"picked":"Dropkick","floor":6},{"not_picked":["Feel No Pain","Sword Boomerang"],"picked":"Anger","floor":8},{"not_picked":["Cleave","Evolve"],"picked":"Perfected Strike","floor":11},{"not_picked":["Infernal Blade","Warcry"],"picked":"Thunderclap","floor":13},{"not_picked":["Body Slam","Ghostly Armor"],"picked":"Twin Strike","floor":14},{"not_picked":["Corruption","Brutality"],"picked":"Immolate","floor":16},{"not_picked":[],"picked":"Shrug It Off","floor":18},{"not_picked":[],"picked":"Shrug It Off","floor":19},{"not_picked":[],"picked":"Burning Pact+1","floor":21},{"not_picked":[],"picked":"Sword Boomerang","floor":25},{"not_picked":[],"picked":"Perfected Strike","floor":28},{"not_picked":[],"picked":"Clash+1","floor":29},{"not_picked":[],"picked":"Corruption","floor":33},{"not_picked":[],"picked":"Twin Strike+1","floor":35},{"not_picked":[],"picked":"Warcry","floor":38},{"not_picked":[],"picked":"Discovery","floor":39},{"not_picked":[],"picked":"Clothesline","floor":46},{"not_picked":[],"picked":"Headbutt","floor":47}],"player_experience":1549517,"relics_obtained":[{"floor":6,"key":"White Beast Statue"},{"floor":9,"key":"Bottled Lightning"},{"floor":11,"key":"Eternal Feather"},{"floor":13,"key":"Orichalcum"},{"floor":19,"key":"Red Mask"},{"floor":26,"key":"Whetstone"},{"floor":38,"key":"Mango"},{"floor":42,"key":"TungstenRod"},{"floor":43,"key":"Pear"}],"event_choices":[{"cards_removed":["Defend_R"],"damage_healed":0,"gold_gain":0,"player_choice":"Card Removal","damage_taken":0,"max_hp_gain":0,"max_hp_loss":0,"event_name":"The Cleric","floor":2,"gold_loss":75},{"damage_healed":0,"gold_gain":0,"player_choice":"Damaged","damage_taken":11,"max_hp_gain":0,"max_hp_loss":0,"event_name":"Wheel of Change","floor":3,"gold_loss":0},{"damage_healed":0,"gold_gain":0,"player_choice":"Searched \u00271\u0027 times","damage_taken":0,"max_hp_gain":0,"max_hp_loss":0,"event_name":"Dead Adventurer","floor":11,"gold_loss":0},{"damage_healed":0,"gold_gain":150,"player_choice":"AGREE","damage_taken":0,"max_hp_gain":0,"max_hp_loss":0,"event_name":"Liars Game","floor":12,"gold_loss":0,"cards_obtained":["Doubt"]},{"damage_healed":0,"gold_gain":0,"player_choice":"Fought Bandits","damage_taken":0,"max_hp_gain":0,"max_hp_loss":0,"event_name":"Masked Bandits","floor":19,"gold_loss":0},{"damage_healed":15,"gold_gain":0,"player_choice":"Heal","damage_taken":0,"max_hp_gain":0,"max_hp_loss":0,"event_name":"The Library","floor":22,"gold_loss":0},{"cards_removed":["Magnetism"],"damage_healed":0,"gold_gain":0,"player_choice":"Offered Rare","damage_taken":0,"max_hp_gain":10,"max_hp_loss":0,"event_name":"Bonfire Elementals","floor":24,"gold_loss":0},{"damage_healed":0,"gold_gain":0,"player_choice":"Ignored","damage_taken":0,"max_hp_gain":0,"max_hp_loss":0,"event_name":"The Mausoleum","floor":31,"gold_loss":0},{"damage_healed":0,"gold_gain":0,"player_choice":"Ignored","damage_taken":0,"max_hp_gain":0,"max_hp_loss":0,"event_name":"Mysterious Sphere","floor":36,"gold_loss":0},{"damage_healed":17,"gold_gain":0,"player_choice":"Writhe","damage_taken":0,"max_hp_gain":0,"max_hp_loss":0,"event_name":"Winding Halls","floor":37,"gold_loss":0,"cards_obtained":["Writhe"]},{"damage_healed":0,"gold_gain":0,"player_choice":"Fight","damage_taken":0,"max_hp_gain":0,"max_hp_loss":0,"event_name":"MindBloom","floor":38,"gold_loss":0},{"damage_healed":0,"gold_gain":0,"player_choice":"Memory 1","damage_taken":0,"max_hp_gain":0,"max_hp_loss":0,"event_name":"SensoryStone","floor":39,"gold_loss":0},{"cards_removed":["Corruption"],"damage_healed":0,"gold_gain":0,"player_choice":"Removed Power","damage_taken":0,"max_hp_gain":0,"max_hp_loss":0,"event_name":"Falling","floor":45,"gold_loss":0}],"is_beta":false,"boss_relics":[{"not_picked":["Ectoplasm","Runic Dome"],"picked":"Busted Crown"},{"not_picked":["SacredBark","Calling Bell"],"picked":"Black Star"}],"items_purged_floors":[20],"is_endless":false,"potions_floor_spawned":[8,11,13,14,16,18,19,21,25,28,29,33,35,38,46,47],"killed_by":"Sphere and 2 Shapes","ascension_level":20}}