{"host":"kipy315whq7pv20a","time":1613039838,"event":{"mods":["BaseMod","Downfall","Minty Spire (QoL Compilation)","Replay The Spire","StSLib"],"gold_per_floor":[110,110,35,110,60,92,92,15,93,108,124,149,177,201,213,225,225],"floor_reached":16,"language":"ENG","playtime":912,"items_purged":["Regret"],"score":127,"play_id":"cf08ebb5-7151-4493-86f0-62e87f928c1e","local_time":"20210211113718","is_ascension_mode":true,"campfire_choices":[{"data":"Dramatic Entrance","floor":7,"key":"SMITH"},{"floor":15,"key":"REST"}],"circlet_count":0,"master_deck":["Strike_R","Strike_R","Strike_R","Strike_R","Strike_R","Defend_R","Defend_R","Defend_R+1","Defend_R","Bash","Dramatic Entrance+1","Dropkick","Shrug It Off","Exhume","Disarm","Searing Blow","Infernal Blade","Infernal Blade"],"relics":["Burning Blood","PreservedInsect","Gremlin Food","Iron Hammer","MawBank"],"acts_visited":["Exordium"],"potions_floor_usage":[16,16,16],"damage_taken":[{"damage":7,"enemies":"Jaw Worm","floor":1,"turns":2},{"damage":21,"enemies":"Replay:BlueRogue","floor":6,"turns":7},{"damage":0,"enemies":"2 Louse","floor":10,"turns":1},{"damage":0,"enemies":"Cultist","floor":11,"turns":2},{"damage":17,"enemies":"Lagavulin","floor":12,"turns":5},{"damage":1,"enemies":"Exordium Thugs","floor":13,"turns":3},{"damage":4,"enemies":"Large Slime","floor":14,"turns":2},{"damage":82,"enemies":"Slime Boss","floor":16,"turns":13}],"seed_played":"-726866784534158075","potions_obtained":[{"floor":10,"key":"Dexterity Potion"},{"floor":13,"key":"sneckomod:MuddlingPotion"},{"floor":14,"key":"SkillPotion"}],"is_trial":false,"path_per_floor":["M","?","$","?","$","E","R","$","T","M","M","E","M","M","R","B"],"character_chosen":"IRONCLAD","items_purchased":["Shrug It Off","Disarm"],"campfire_rested":1,"item_purchase_floors":[5,8],"current_hp_per_floor":[79,79,79,68,68,53,53,53,53,59,65,54,59,61,80,0,0],"gold":225,"neow_bonus":"RANDOM_COLORLESS","is_daily":false,"chose_seed":false,"campfire_upgraded":1,"win_rate":0.0,"timestamp":1613039838,"path_taken":["M","?","$","?","?","E","R","$","T","M","M","E","M","M","R","BOSS"],"items_purchased_type":["Card","Card"],"build_version":"2020-12-22","purchased_purges":1,"victory":false,"max_hp_per_floor":[80,80,80,80,80,80,80,80,80,80,80,80,80,80,80,80,80],"card_choices":[{"not_picked":["Enlightenment","Purity"],"picked":"Dramatic Entrance","floor":0},{"not_picked":["Burning Pact","Warcry"],"picked":"Dropkick","floor":1},{"not_picked":["ReplayTheSpireMod:Limb From Limb","Perfected Strike"],"picked":"Exhume","floor":6},{"not_picked":["Sword Boomerang","Perfected Strike"],"picked":"Searing Blow","floor":10},{"not_picked":["Rage","Body Slam","Clothesline"],"picked":"SKIP","floor":11},{"not_picked":["Feed","Iron Wave"],"picked":"Infernal Blade","floor":12},{"not_picked":["Run Through","ReplayTheSpireMod:Corrosion Curse"],"picked":"Infernal Blade","floor":13},{"not_picked":["Cleave","Berserk","Thunderclap"],"picked":"SKIP","floor":14}],"player_experience":194745,"relics_obtained":[{"floor":6,"key":"Gremlin Food"},{"floor":9,"key":"Iron Hammer"},{"floor":12,"key":"MawBank"}],"event_choices":[{"damage_healed":0,"gold_gain":0,"player_choice":"Box","damage_taken":0,"relics_obtained":["PreservedInsect"],"max_hp_gain":0,"max_hp_loss":0,"event_name":"Big Fish","floor":2,"gold_loss":0,"cards_obtained":["Regret"]},{"damage_healed":0,"gold_gain":75,"player_choice":"Gather Gold","damage_taken":11,"max_hp_gain":0,"max_hp_loss":0,"event_name":"World of Goop","floor":4,"gold_loss":0}],"is_beta":false,"boss_relics":[],"items_purged_floors":[3],"is_endless":false,"potions_floor_spawned":[10,13,14],"killed_by":"Slime Boss","ascension_level":3}}