{"host":"hzswyuuwdl03wwzr","time":1613016339,"event":{"mods":["100% Spire Juice","ATMod(∞¢Ë™Mod)","AchievementEnabler","Act Like it!","BaseMod","Bossed Relics","CapriCore","Hallownest","Lobotomy","LobotomyExtend","Luminous","Marisa£®ÏF”Í°°ƒß¿Ì…≥£©","Minty Spire (QoL Compilation)","MostiFishMod","Pale of the Ancients","Quick Restart","Reimu£®≤©¿ˆ¡È√Œ£©","Reliquary","Replay The Spire","StSLib","The Cursed","The Hierophant","The Immortal","The Runesmith","WarShipGirlsR/’ΩΩ¢…Ÿ≈ÆR mod","Warlord Emblem","Youmu£®ªÍ∆«—˝√Œ£©","Yuyuko","°æπ¶ƒ‹Mod°øªÏ„Á÷Æª∑–ﬁ∏¥≤π∂°","°æ“≈ŒÔø®≈∆°øREMEMod"],"gold_per_floor":[111,125,125,135,135,135,165,165,165,20,40,40,66,86,86,189,189,189,189],"floor_reached":18,"language":"ZHS","playtime":462,"items_purged":[],"score":195,"play_id":"2da618d9-73b6-42a0-830f-4b6600e0117c","local_time":"20210211120539","is_ascension_mode":false,"campfire_choices":[{"data":"SanzenSekai","floor":6,"key":"SMITH"},{"data":"HellRealmSword","floor":8,"key":"SMITH"},{"data":"REME_Flogging","floor":15,"key":"SMITH"}],"circlet_count":0,"master_deck":["Strike_YM","Strike_YM","Strike_YM","Strike_YM","Defend_YM","Defend_YM","Defend_YM","Defend_YM","SlashOfPresentWorld","WheelOfPainOfLivingAndDead","SanzenSekai+1","HellRealmSword+1","REME_Flogging+1"],"relics":["MiniYoumu","AT_ATBox","REME_ComplimentaryCards","DaveBox","FeatherPendant","SynthV:TestCard","LetterFromLob","Hallownest:DreamNailRelic","Peace Pipe","MostiFishMod:AdaptiveDefenses","Replay:Wax Seal"],"acts_visited":["Hallownest:Greenpath","TheCity"],"potions_floor_usage":[16],"damage_taken":[{"damage":4,"enemies":"Hallownest:2_Tiktiks_and_1_Crawlid","floor":1,"turns":4},{"damage":2,"enemies":"2_ Uuma","floor":2,"turns":2},{"damage":2,"enemies":"Hallownest:2_MossCreeps","floor":4,"turns":3},{"damage":2,"enemies":"Hallownest:eliteMossKnight","floor":7,"turns":2},{"damage":2,"enemies":"Hallownest:Wandering_and_Horned","floor":11,"turns":3},{"damage":22,"enemies":"Hallownest:eliteCrystalGuardian","floor":13,"turns":4},{"damage":2,"enemies":"Hallownest:MossCreep_and_Mosskin","floor":14,"turns":3},{"damage":8,"enemies":"Hallownest:BossHornet","floor":16,"turns":3},{"damage":56,"enemies":"3 Byrds","floor":18,"turns":2}],"seed_played":"-6736085202203717244","potions_obtained":[{"floor":1,"key":"Venom Potion"},{"floor":4,"key":"SwordSoul"},{"floor":13,"key":"Energy Potion"},{"floor":14,"key":"Block Potion"},{"floor":16,"key":"GamblersBrew"}],"is_trial":false,"path_per_floor":["M","M","?","M","$","R","E","R","T","$","M","?","E","M","R","B",null,"M"],"character_chosen":"YOUMU","items_purchased":["MostiFishMod:AdaptiveDefenses"],"campfire_rested":0,"item_purchase_floors":[10],"current_hp_per_floor":[78,76,76,74,74,74,72,72,72,72,70,70,62,60,60,52,82,26,26],"gold":189,"neow_bonus":"TEN_PERCENT_HP_BONUS","is_daily":false,"chose_seed":false,"campfire_upgraded":3,"win_rate":0.0,"timestamp":1613016339,"path_taken":["M","M","?","?","$","R","E","R","T","$","M","?","E","M","R","BOSS","M"],"items_purchased_type":["Relic"],"build_version":"2020-12-22","purchased_purges":0,"victory":false,"max_hp_per_floor":[82,82,82,82,82,82,82,82,82,82,82,82,82,82,82,82,82,82,82],"card_choices":[{"not_picked":["ObsessionWithThePresentWorld","DispleasureOfTheSevenHakus","SlashClearingTheSixSenses"],"picked":"SKIP","floor":1},{"not_picked":["SpiritCuttingSword","TwoHundredYojanaInOneSlash","CherryBlossomFlashing","SlashOfDepartureFromHesitation"],"picked":"SanzenSekai","floor":2},{"not_picked":["LowerRealmReflectionSlash","HellGodSword","SwordOfBindingDesires","FlashingScatteredFlowers","SwordExtraction"],"picked":"SKIP","floor":4},{"not_picked":["FlashingScatteredFlowers","SlashOfDelusionalInnerEye","LightFlashOfTheNetherworld","CherryBlossomFlashing"],"picked":"HellRealmSword","floor":7},{"not_picked":["SlashOfDelusionalInnerEye","BizarrenessOfSixRealms","HeartExcerptSlash","ThoughtCuttingSword","SpiritCuttingSword"],"picked":"SKIP","floor":11},{"not_picked":["LifeCuttingSword","CrescentMoonSlash","HumanRealmSword","SpiritCuttingSword","SlashOfSaigyouSpringWind"],"picked":"SKIP","floor":13},{"not_picked":["TwoHundredYojanaInOneSlash","LowerRealmReflectionSlash","SlashOfDepartureFromHesitation","SpiritMediumsBind","FourBirthsSword"],"picked":"SKIP","floor":14}],"player_experience":39664,"relics_obtained":[{"floor":1,"key":"SynthV:TestCard"},{"floor":1,"key":"LetterFromLob"},{"floor":7,"key":"Peace Pipe"},{"floor":13,"key":"Replay:Wax Seal"}],"event_choices":[],"is_beta":false,"boss_relics":[{"not_picked":["AT_TrinityForce","reliquary:KinkedSpring"],"picked":"MiniYoumu"}],"items_purged_floors":[],"is_endless":false,"potions_floor_spawned":[1,4,13,14,16],"killed_by":"3 Byrds","ascension_level":0}}