{"host":"qbjtml023iza03hb","time":1613052329,"event":{"mods":["AchievementEnabler","BaseMod","Better Sensory Stone","Hermit","Minty Spire (QoL Compilation)","StSLib","The Animator","The Cursed"],"gold_per_floor":[114,18,28,39,55,55,55,55,81,93,18,30,56,67,67,163,163,178,93,93,93,104,104,135,135,135,167,184,184,184],"floor_reached":29,"language":"FRA","playtime":1551,"items_purged":["Strike_B"],"score":317,"play_id":"5e9b607f-f99c-476d-a466-3037cee0dd2e","local_time":"20210211150529","is_ascension_mode":true,"campfire_choices":[{"data":"Hologram","floor":8.0,"key":"SMITH"},{"data":"Streamline","floor":15.0,"key":"SMITH"},{"data":"Hyperbeam","floor":23.0,"key":"SMITH"},{"data":"Streamline","floor":25,"key":"SMITH"}],"circlet_count":0,"master_deck":["Strike_B","Strike_B","Strike_B","Defend_B","Defend_B","Defend_B","Zap","Dualcast","Cold Snap","Panacea","Hologram","Streamline+1","Go for the Eyes","Good Instincts","Hologram+1","Streamline+1","Hologram","Beam Cell","Hyperbeam+1","Hologram","Hologram","Conserve Battery"],"relics":["Cracked Core","NeowsBlessing","Lantern","Strawberry","Snecko Eye","Kunai","Nilry\u0027s Codex","Ginger","Incense Burner","Orichalcum"],"acts_visited":["Exordium","TheCity"],"potions_floor_usage":[24,27,28,29],"damage_taken":[{"damage":0.0,"enemies":"Cultist","floor":1.0,"turns":1.0},{"damage":0.0,"enemies":"Jaw Worm","floor":3.0,"turns":1.0},{"damage":0.0,"enemies":"Small Slimes","floor":4.0,"turns":1.0},{"damage":13.0,"enemies":"Exordium Thugs","floor":5.0,"turns":5.0},{"damage":0.0,"enemies":"Large Slime","floor":10.0,"turns":3.0},{"damage":4.0,"enemies":"3 Louse","floor":12.0,"turns":3.0},{"damage":10.0,"enemies":"3 Sentries","floor":13.0,"turns":9.0},{"damage":7.0,"enemies":"Red Slaver","floor":14.0,"turns":3.0},{"damage":26.0,"enemies":"Slime Boss","floor":16.0,"turns":5.0},{"damage":0.0,"enemies":"Spheric Guardian","floor":18.0,"turns":2.0},{"damage":11.0,"enemies":"Shell Parasite","floor":22.0,"turns":2.0},{"damage":12,"enemies":"Book of Stabbing","floor":24,"turns":3},{"damage":35,"enemies":"Slavers","floor":27,"turns":4},{"damage":0,"enemies":"Snake Plant","floor":28,"turns":1},{"damage":7,"enemies":"Shelled Parasite and Fungi","floor":29,"turns":2}],"seed_played":"3312433815034555010","potions_obtained":[{"floor":3.0,"key":"SpeedPotion"},{"floor":10.0,"key":"AttackPotion"},{"floor":12.0,"key":"LiquidMemories"},{"floor":13.0,"key":"Explosive Potion"},{"floor":14.0,"key":"GamblersBrew"},{"floor":16.0,"key":"Explosive Potion"},{"floor":22.0,"key":"SkillPotion"},{"floor":24,"key":"PotionOfCapacity"},{"floor":27,"key":"Block Potion"},{"floor":28,"key":"Fruit Juice"}],"is_trial":false,"path_per_floor":["M","$","M","M","M","?","?","R","T","M","$","M","E","M","R","B",null,"M","?","?","?","M","R","E","R","T","E","M","M"],"character_chosen":"DEFECT","items_purchased":["Panacea"],"campfire_rested":0,"item_purchase_floors":[2],"current_hp_per_floor":[75,75,75,75,62,55,55,55,55,55,55,51,48,41,41,15,82,82,82,66,60,49,49,37,37,37,2,7,0,0],"gold":184,"neow_bonus":"THREE_ENEMY_KILL","is_daily":false,"chose_seed":false,"campfire_upgraded":4,"win_rate":0.0,"timestamp":1613052329,"path_taken":["M","?","M","M","M","?","?","R","T","M","$","?","E","M","R","BOSS","M","?","?","?","M","R","E","R","T","E","M","M"],"items_purchased_type":["Card"],"build_version":"2020-12-22","purchased_purges":1,"victory":false,"max_hp_per_floor":[75,75,75,75,75,75,75,75,75,75,75,75,82,82,82,82,82,82,82,82,82,82,82,82,82,82,82,87,87,87],"card_choices":[{"not_picked":["Turbo","Double Energy"],"picked":"Cold Snap","floor":1.0},{"not_picked":["Leap","Auto Shields"],"picked":"Hologram","floor":3.0},{"not_picked":["Lockon","Consume"],"picked":"Streamline","floor":4.0},{"not_picked":["Steam","Ball Lightning"],"picked":"Go for the Eyes","floor":5.0},{"not_picked":["Amplify","Cold Snap"],"picked":"Streamline","floor":10.0},{"not_picked":["Barrage","Sweeping Beam"],"picked":"Hologram","floor":12.0},{"not_picked":["Conserve Battery","Coolheaded"],"picked":"Beam Cell","floor":13.0},{"not_picked":["Thunder Strike","Barrage","Redo"],"picked":"SKIP","floor":14.0},{"not_picked":["Creative AI","Electrodynamics"],"picked":"Hyperbeam","floor":16.0},{"not_picked":["Redo","Cold Snap"],"picked":"Hologram","floor":18.0},{"not_picked":["Turbo+1","Gash"],"picked":"Hologram","floor":22.0},{"not_picked":["Consume+1","Rebound","Chill"],"picked":"SKIP","floor":24},{"not_picked":["Barrage","Fusion","Stack"],"picked":"SKIP","floor":27},{"not_picked":["Blizzard","Recycle"],"picked":"Conserve Battery","floor":28}],"player_experience":566557,"relics_obtained":[{"floor":9.0,"key":"Lantern"},{"floor":13.0,"key":"Strawberry"},{"floor":20.0,"key":"Nilry\u0027s Codex"},{"floor":24,"key":"Ginger"},{"floor":26,"key":"Incense Burner"},{"floor":27,"key":"Orichalcum"}],"event_choices":[{"cards_removed":["Defend_B"],"damage_healed":0.0,"max_hp_gain":0.0,"max_hp_loss":0.0,"gold_gain":0.0,"event_name":"Golden Wing","player_choice":"Card Removal","floor":6.0,"gold_loss":0.0,"damage_taken":7.0},{"damage_healed":0.0,"max_hp_gain":0.0,"max_hp_loss":0.0,"gold_gain":0.0,"event_name":"Match and Keep!","player_choice":"2 cards matched","floor":7.0,"gold_loss":0.0,"damage_taken":0.0,"cards_obtained":["Good Instincts","Hologram"]},{"damage_healed":0.0,"max_hp_gain":0.0,"max_hp_loss":0.0,"gold_gain":0.0,"event_name":"Match and Keep!","player_choice":"2 cards matched","floor":7.0,"gold_loss":0.0,"damage_taken":0.0,"cards_obtained":["Good Instincts","Hologram"]},{"damage_healed":0.0,"max_hp_gain":0.0,"max_hp_loss":0.0,"gold_gain":0.0,"event_name":"Addict","player_choice":"Obtained Relic","floor":19.0,"gold_loss":85.0,"damage_taken":0.0,"relics_obtained":["Kunai"]},{"damage_healed":0.0,"max_hp_gain":0.0,"max_hp_loss":0.0,"gold_gain":0.0,"event_name":"Cursed Tome","player_choice":"Obtained Book","floor":20.0,"gold_loss":0.0,"damage_taken":16.0},{"damage_healed":0.0,"max_hp_gain":0.0,"max_hp_loss":0.0,"gold_gain":0.0,"event_name":"Knowing Skull","player_choice":"","floor":21.0,"potions_obtained":[],"gold_loss":0.0,"damage_taken":6.0,"cards_obtained":[]}],"is_beta":false,"boss_relics":[{"not_picked":["Calling Bell","Coffee Dripper"],"picked":"Snecko Eye"}],"items_purged_floors":[11],"is_endless":false,"potions_floor_spawned":[3,10,12,13,14,16,22,24,27,28],"killed_by":"Shelled Parasite and Fungi","ascension_level":2}}