{"host":"n2havra2dgtcizuw","time":1613053372,"event":{"mods":["100% Spire Juice","ATMod(阿瑾Mod)","Bard","BaseMod","Downfall","Marisa（F雨　魔理沙）","Minty Spire (QoL Compilation)","Permanent Neow","Reliquary","Remilia（蕾米莉亚）","Replay The Spire","RumiaBox-露米娅的神秘盒子","StSLib","TestMod","The Alterego","The Animator","The Servant 0.9.4","[IsaacMod]以撒尖塔"],"gold_per_floor":[112,43,54,1,1,1,58,106,106,106,106,106,151,192,192,291,291,306,42,42,52,101,136,136,136,136,171,186,186,30,46,46,147,147,162,173,173,187,204,204,44,93,93,107,107,107,140,540,540,540],"floor_reached":51,"language":"ZHS","playtime":2629,"items_purged":[],"score":1045,"play_id":"3ace6c19-85c1-477f-8ff2-4f0c6feb561e","local_time":"20210211222252","is_ascension_mode":false,"campfire_choices":[{"data":"1","floor":6,"key":"LIFT"},{"floor":15,"key":"REST"},{"data":"2","floor":25,"key":"LIFT"},{"data":"3","floor":29,"key":"LIFT"},{"data":"Apotheosis","floor":40,"key":"SMITH"},{"data":"Ragnarok","floor":49,"key":"SMITH"}],"circlet_count":0,"master_deck":["Strike_P","Strike_P","Strike_P","Strike_P","Defend_P","Defend_P","Defend_P","Defend_P","Eruption","Vigilance","BettingIsNotGood","Injury","Decay","ReplayTheSpireMod:Doomed","AT_ChampionKick","AT_ChampionStep","AT_OneInchPunch","ForeignInfluence","FlurryOfBlows","SignatureMove","CutThroughFate","SashWhip+1","Sickly","BowlingBash","FollowUp","Judgement","BowlingBash","Apotheosis+1","Replay:Battleflow","Tantrum","PathToVictory+1","Adaptation","Replay:BluntJabs+1","Replay:Vibes+1","Prostrate+1","Scrawl","LessonLearned","Weave+1","FearNoEvil","Parasite","FearNoEvil+1","BattleHymn+1","Conclude+1","Ragnarok+1","Replay:BluntJabs","ThirdEye+1","Worship","MasterReality"],"relics":["PureWater","testmod-TestBox","AT_ATBox","Bag of Preparation","testmod-Laevatain","BelialBook","Girya","Replay:Bottled Flurry","ZombieArmy","Ornamental Fan","reliquary:IridiumChain","ReplayTheSpireMod:Ring of Challenge","AT_TrinityForce","Pear","Blue Candle","Ccalipers","Baka2","AT_RedTearstoneRing","testmod-Register","EasyGame_NEW","ReplayTheSpireMod:Lightbulb","Smiling Mask","testmod-BalancedPeriapt"],"acts_visited":["Exordium","TheCity","TheBeyond"],"potions_floor_usage":[14,22,33,46,50,50,50,50,50],"damage_taken":[{"damage":12,"enemies":"Cultist","floor":1,"turns":3},{"damage":0,"enemies":"Small Slimes","floor":3,"turns":1},{"damage":3,"enemies":"2 Louse","floor":5,"turns":2},{"damage":9,"enemies":"Lagavulin Event","floor":7,"turns":3},{"damage":28,"enemies":"Gremlin Nob","floor":8,"turns":4},{"damage":1,"enemies":"Looter","floor":13,"turns":1},{"damage":3,"enemies":"3 Louse","floor":14,"turns":2},{"damage":2,"enemies":"Fading Forest","floor":16,"turns":9},{"damage":0,"enemies":"2 Thieves","floor":18,"turns":2},{"damage":0,"enemies":"Chosen","floor":21,"turns":1},{"damage":4,"enemies":"3 Cultists","floor":22,"turns":3},{"damage":3,"enemies":"Gremlin Leader","floor":23,"turns":3},{"damage":0,"enemies":"Slavers","floor":27,"turns":1},{"damage":19,"enemies":"Sentry and Sphere","floor":28,"turns":3},{"damage":0,"enemies":"Snecko","floor":31,"turns":1},{"damage":0,"enemies":"Collector","floor":33,"turns":3},{"damage":0,"enemies":"3 Darklings","floor":35,"turns":2},{"damage":0,"enemies":"3 Shapes","floor":36,"turns":1},{"damage":0,"enemies":"Writhing Mass","floor":38,"turns":2},{"damage":0,"enemies":"Sphere and 2 Shapes","floor":39,"turns":2},{"damage":9,"enemies":"Giant Head","floor":42,"turns":6},{"damage":6,"enemies":"3 Darklings","floor":44,"turns":2},{"damage":22,"enemies":"Transient","floor":46,"turns":5},{"damage":0,"enemies":"Nemesis","floor":47,"turns":1},{"damage":41,"enemies":"Donu and Deca","floor":50,"turns":3}],"seed_played":"-4307480678150073205","potions_obtained":[{"floor":1,"key":"Dexterity Potion"},{"floor":5,"key":"Explosive Potion"},{"floor":14,"key":"Adrenaline Potion"},{"floor":21,"key":"SkillPotion"},{"floor":22,"key":"LiquidMemories"},{"floor":33,"key":"testmod-EscapePotion"},{"floor":47,"key":"EntropicBrew"}],"is_trial":false,"path_per_floor":["M","$","M","$","M","R","?","E","T","?","T","?","M","M","R","B",null,"M","$","?","M","M","E","?","R","T","E","M","R","$","M","R","B",null,"M","M","?","M","M","R","$","E","T","M","?","M","E","?","R","B",null],"character_chosen":"WATCHER","items_purchased":["AT_OneInchPunch","FlurryOfBlows","Apotheosis","Replay:Battleflow","testmod-Register","Ragnarok"],"campfire_rested":1,"item_purchase_floors":[2,4,19,19,30,41],"current_hp_per_floor":[60,60,60,60,62,62,53,25,25,25,25,25,24,21,42,50,72,82,82,82,82,78,75,75,75,75,75,61,61,61,61,61,61,82,82,82,82,82,82,82,82,73,73,67,82,60,63,63,63,22],"gold":540,"neow_bonus":"RANDOM_COMMON_RELIC","is_daily":false,"chose_seed":false,"campfire_upgraded":2,"win_rate":0.0,"timestamp":1613053372,"path_taken":["M","?","M","$","M","R","?","E","T","?","?","?","M","M","R","BOSS","M","$","?","?","M","E","?","R","T","E","M","R","?","?","R","BOSS","M","M","?","?","M","R","$","E","T","M","?","?","E","?","R","BOSS"],"items_purchased_type":["Card","Card","Card","Card","Relic","Card"],"build_version":"2020-12-22","purchased_purges":0,"victory":true,"max_hp_per_floor":[72,72,72,72,72,72,72,72,72,72,72,72,72,72,72,72,72,82,82,82,82,82,82,82,82,82,82,82,82,82,82,82,82,82,82,82,82,82,82,82,82,82,82,82,82,82,85,85,85,85],"card_choices":[{"not_picked":[],"picked":"BettingIsNotGood","floor":0},{"not_picked":["EmptyBody","Replay:ManipulateFuture"],"picked":"AT_ChampionStep","floor":1},{"not_picked":["Replay:ManipulateFuture","CutThroughFate"],"picked":"ForeignInfluence","floor":3},{"not_picked":["Fasting2","FlyingSleeves"],"picked":"SignatureMove","floor":5},{"not_picked":["EmptyMind","ConjureBlade"],"picked":"CutThroughFate","floor":7},{"not_picked":["FlurryOfBlows","Evaluate"],"picked":"SashWhip","floor":8},{"not_picked":["Replay:BluntJabs","InnerPeace"],"picked":"BowlingBash","floor":13},{"not_picked":["Meditate","Study"],"picked":"FollowUp","floor":14},{"not_picked":["Omniscience","AT_MachinaRedman"],"picked":"Judgement","floor":16},{"not_picked":["Evaluate+1","SignatureMove"],"picked":"BowlingBash","floor":18},{"not_picked":["AT_SoftenMuscles","ClearTheMind"],"picked":"PathToVictory+1","floor":21},{"not_picked":["SashWhip","CrushJoints"],"picked":"Adaptation","floor":22},{"not_picked":["EmptyMind+1","Replay:AtTheReady"],"picked":"Replay:BluntJabs+1","floor":23},{"not_picked":["Replay:ManipulateFuture","SignatureMove"],"picked":"Replay:Vibes+1","floor":27},{"not_picked":["Replay:Hum+1","Replay:Battleflow+1"],"picked":"Prostrate+1","floor":28},{"not_picked":["Collect","BowlingBash"],"picked":"Scrawl","floor":31},{"not_picked":["Vault","Ragnarok"],"picked":"LessonLearned","floor":33},{"not_picked":["Halt+1","CutThroughFate"],"picked":"Weave+1","floor":35},{"not_picked":["WheelKick","SashWhip+1"],"picked":"FearNoEvil","floor":36},{"not_picked":["Evaluate+1","CutThroughFate+1"],"picked":"BattleHymn+1","floor":38},{"not_picked":["Study","Replay:AtTheReady+1"],"picked":"Conclude+1","floor":39},{"not_picked":["BattleHymn+1","ForeignInfluence"],"picked":"Replay:BluntJabs","floor":42},{"not_picked":["Halt","Protect"],"picked":"ThirdEye+1","floor":44},{"not_picked":["Pray+1","Halt+1"],"picked":"Worship","floor":46},{"not_picked":["Fasting2+1","BowlingBash+1"],"picked":"MasterReality","floor":47}],"player_experience":736916,"relics_obtained":[{"floor":1,"key":"Baka"},{"floor":3,"key":"Girya"},{"floor":7,"key":"Replay:Bottled Flurry"},{"floor":8,"key":"ZombieArmy"},{"floor":9,"key":"Ornamental Fan"},{"floor":11,"key":"reliquary:IridiumChain"},{"floor":12,"key":"ReplayTheSpireMod:Ring of Challenge"},{"floor":18,"key":"Pear"},{"floor":23,"key":"Blue Candle"},{"floor":26,"key":"Ccalipers"},{"floor":27,"key":"Baka2"},{"floor":27,"key":"AT_RedTearstoneRing"},{"floor":42,"key":"ReplayTheSpireMod:Lightbulb"},{"floor":43,"key":"Smiling Mask"},{"floor":47,"key":"testmod-BalancedPeriapt"}],"event_choices":[{"damage_healed":0,"gold_gain":30,"player_choice":"Searched \u00272\u0027 times","damage_taken":0,"max_hp_gain":0,"max_hp_loss":0,"event_name":"Dead Adventurer","floor":7,"gold_loss":0},{"damage_healed":0,"gold_gain":0,"player_choice":"Read","damage_taken":0,"max_hp_gain":0,"max_hp_loss":0,"event_name":"The Library","floor":20,"gold_loss":0,"cards_obtained":["Tantrum"]},{"damage_healed":0,"gold_gain":0,"player_choice":"Ignored","damage_taken":0,"max_hp_gain":0,"max_hp_loss":0,"event_name":"Ghosts","floor":24,"gold_loss":0},{"damage_healed":15,"gold_gain":0,"player_choice":"Full Heal","damage_taken":0,"max_hp_gain":0,"max_hp_loss":0,"event_name":"Wheel of Change","floor":45,"gold_loss":0},{"damage_healed":0,"gold_gain":400,"player_choice":"Sell","damage_taken":0,"max_hp_gain":0,"max_hp_loss":0,"event_name":"恩洛斯的盘子","floor":48,"relics_lost":["HushsDoor"],"gold_loss":0}],"is_beta":false,"boss_relics":[{"not_picked":["testmod-StringDisintegrator","MagicMushroom"],"picked":"AT_TrinityForce"},{"not_picked":[]},{"not_picked":["Snecko Eye","testmod-KeyOfTheVoid"],"picked":"EasyGame_NEW"},{"not_picked":[]}],"items_purged_floors":[],"is_endless":false,"potions_floor_spawned":[1,5,14,21,22,27,33,36,38,47],"ascension_level":0}}