{"host":"0cnf9zf1gia27zti","time":1613053306,"event":{"mods":["BaseMod","Better Third Choice","BetterRewards","Card Forge","ChefMod","Colored Map","Colored Powertips","Conspire","Downfall","Googly Eyes","Infinite Spire","Minty Spire (QoL Compilation)","Practice Mode","Quick Restart","Replay The Spire","Shade Mod","Spicy Shops","StSLib","The Marked"],"gold_per_floor":[109,121,141,4,4,4,18,18,41,70,98,125,151,190,190,279,279,305,305,305,200,150,150,172,198,198,198,226,268,268,293,293,379,379,405,152,201,226,252,290,362,402,402,404,454,454,454,478,478,484,484,484,20,80,114],"floor_reached":56,"language":"ENG","playtime":2637,"items_purged":[],"score":2916,"play_id":"d6648987-f80b-4516-83eb-9f58401553f2","local_time":"20210211142146","is_ascension_mode":true,"campfire_choices":[{"data":"Mayhem","floor":6,"key":"SMITH"},{"data":"Heavy Blade","floor":15,"key":"SMITH"},{"data":"Thinking Ahead","floor":23,"key":"SMITH"},{"data":"Bash","floor":27,"key":"SMITH"},{"data":"Warcry","floor":30,"key":"SMITH"},{"data":"Spot Weakness","floor":32,"key":"SMITH"},{"floor":46,"key":"RECALL"},{"floor":49,"key":"REST"},{"data":"Iron Wave","floor":52,"key":"SMITH"}],"circlet_count":0,"master_deck":["AscendersBane","Strike_R","Strike_R+1","Defend_R","Bash+1","Inflame+1","Heavy Blade+1","Inflame+1","Inflame+1","Iron Wave","Shrug It Off","Shrug It Off+1","Mayhem+1","Spot Weakness+1","Mind Blast","Heavy Blade+1","Iron Wave+1","Demonic Infusion","Thinking Ahead+1","Warcry+1","Exhume+1","Inflame+1","Limit Break+1","Whirlwind+1","Spot Weakness+1","Madness+1","Madness+1","Limit Break+1","Warcry+1","Inflame"],"relics":["Burning Blood","Hammer of Thor","Seething Fire","Anvil of the Gods","Omamori","Happy Flower","Guide Book","Gremlin Food","Membership Card","Sling","ReplayTheSpireMod:CursedCoin","Pantograph","infinitespire:Lucky Rock","Red Skull","Kunai","Odd Mushroom","Replay:Bandana","ReplayTheSpireMod:TigerMarble","Eternal Feather","SlaversCollar","MutagenicStrength","Juzu Bracelet","Black Star","DollysMirror","Chemical X","Pen Nib","Toy Ornithopter","TungstenRod","infinitespire:Midas Blood","Incense Burner","Toxic Egg 2","MealTicket","Gremlin Horn","Pondfish Scales","Onion Ring","Strange Spoon","Counterbalance","Durian"],"acts_visited":["Exordium","TheCity","TheBeyond","TheEnding"],"potions_floor_usage":[12,29,33,35,37,40,40,40,41,50,54],"damage_taken":[{"damage":0,"enemies":"Cultist","floor":1,"turns":4},{"damage":2,"enemies":"Jaw Worm","floor":2,"turns":2},{"damage":0,"enemies":"2 Louse","floor":3,"turns":2},{"damage":8,"enemies":"Blue Slaver","floor":7,"turns":2},{"damage":7,"enemies":"3 Sentries","floor":10,"turns":4},{"damage":0,"enemies":"The Mushroom Lair","floor":11,"turns":4},{"damage":0,"enemies":"Lagavulin","floor":12,"turns":4},{"damage":0,"enemies":"Gremlin Nob","floor":14,"turns":1},{"damage":0,"enemies":"Slime Boss","floor":16,"turns":3},{"damage":0,"enemies":"2 Thieves","floor":18,"turns":3},{"damage":0,"enemies":"Chosen","floor":24,"turns":3},{"damage":12,"enemies":"Snake Plant","floor":25,"turns":3},{"damage":0,"enemies":"Snecko","floor":28,"turns":2},{"damage":10,"enemies":"Book of Stabbing","floor":29,"turns":3},{"damage":7,"enemies":"3 Cultists","floor":31,"turns":5},{"damage":9,"enemies":"Automaton","floor":33,"turns":6},{"damage":6,"enemies":"Orb Walker","floor":35,"turns":3},{"damage":18,"enemies":"3 Darklings","floor":37,"turns":3},{"damage":12,"enemies":"Sphere and 2 Shapes","floor":38,"turns":4},{"damage":5,"enemies":"4 Shapes","floor":39,"turns":3},{"damage":8,"enemies":"Giant Head","floor":40,"turns":4},{"damage":0,"enemies":"2 Orb Walkers","floor":41,"turns":1},{"damage":5,"enemies":"Nemesis","floor":42,"turns":1},{"damage":12,"enemies":"Giant Head","floor":45,"turns":5},{"damage":11,"enemies":"Transient","floor":48,"turns":5},{"damage":0,"enemies":"Time Eater","floor":50,"turns":4},{"damage":18,"enemies":"Shield and Spear","floor":54,"turns":2},{"damage":78,"enemies":"The Heart","floor":55,"turns":6}],"seed_played":"5116653853607810992","potions_obtained":[{"floor":3,"key":"ElixirPotion"},{"floor":7,"key":"Reflective Coating"},{"floor":14,"key":"Elixir"},{"floor":25,"key":"Regen Potion"},{"floor":29,"key":"Swift Potion"},{"floor":33,"key":"Swift Potion"},{"floor":35,"key":"EssenceOfSteel"},{"floor":37,"key":"DuplicationPotion"},{"floor":39,"key":"EntropicBrew"},{"floor":42,"key":"hexamod:SoulburnPotion"}],"is_trial":false,"path_per_floor":["M","M","M","$","?","R","M","$","T","E","?","E","T","E","R","B",null,"M","?","?","$","?","R","M","M","T","R","M","E","R","M","R","B",null,"M","$","M","M","M","E","?","E","T","?","E","R","?","M","R","B",null,"R","$","E","B",null],"character_chosen":"IRONCLAD","items_purchased":["Omamori","Happy Flower","Inflame","Heavy Blade","Guide Book","Inflame","Gremlin Food","Inflame","Iron Wave","Membership Card","Shrug It Off","Mayhem","Sling","ReplayTheSpireMod:CursedCoin","Pantograph","infinitespire:Lucky Rock","Mind Blast","Thinking Ahead","DollysMirror","Limit Break","Whirlwind","Chemical X","Pondfish Scales","Onion Ring","Strange Spoon","Warcry+1","Inflame","EssenceOfSteel"],"campfire_rested":1,"item_purchase_floors":[0,0,0,0,0,0,0,0,0,0,0,0,0,4,4,4,4,21,36,36,36,36,53,53,53,53,53,53],"current_hp_per_floor":[74,75,75,75,75,75,73,73,73,72,75,75,75,75,75,75,75,75,75,75,75,75,75,75,69,69,75,75,71,75,74,75,72,74,74,74,62,57,58,56,67,68,68,55,49,64,64,59,76,76,76,76,76,69,9],"gold":114,"neow_bonus":"","is_daily":false,"chose_seed":false,"campfire_upgraded":7,"win_rate":0.0,"timestamp":1613053306,"path_taken":["M","M","M","$","?","R","M","$","T","E","?","E","?","E","R","BOSS","M","?","?","$","?","R","M","M","T","R","M","E","R","M","R","BOSS","M","$","M","M","M","E","?","E","T","?","E","R","?","M","R","BOSS","R","$","E","BOSS"],"items_purchased_type":["Relic","Relic","Card","Card","Relic","Card","Relic","Card","Card","Relic","Card","Card","Relic","Relic","Relic","Relic","Card","Card","Relic","Card","Card","Relic","Relic","Relic","Relic","Card","Card","Potion"],"build_version":"2020-12-22","purchased_purges":0,"victory":true,"max_hp_per_floor":[75,75,75,75,75,75,75,75,75,75,75,75,75,75,75,75,75,75,75,75,75,75,75,75,75,75,75,75,75,75,75,75,75,75,75,75,75,76,76,76,76,76,76,76,76,76,76,76,76,76,76,76,76,81,81],"card_choices":[{"not_picked":["Wild Strike","Sword Boomerang"],"picked":"Spot Weakness","floor":1},{"not_picked":["Searing Blow","Armaments","Burning Pact"],"picked":"SKIP","floor":2},{"not_picked":["Body Slam","Armaments","Clash"],"picked":"SKIP","floor":3},{"not_picked":["Pummel","Perfected Strike","Armaments"],"picked":"SKIP","floor":7},{"not_picked":["Double Tap","Blood for Blood","Flex"],"picked":"SKIP","floor":10},{"not_picked":["Reckless Charge","Cleave"],"picked":"Heavy Blade","floor":11},{"not_picked":["Sentinel","Replay:Undeath\u0027s Touch","Flex"],"picked":"SKIP","floor":12},{"not_picked":["Havoc","Perfected Strike"],"picked":"Iron Wave","floor":14},{"not_picked":["Double Tap","Barricade"],"picked":"Demonic Infusion","floor":16},{"not_picked":["Clothesline","Flex","infinitespire:OneForAll"],"picked":"SKIP","floor":18},{"not_picked":["Clothesline","Armaments","Anger"],"picked":"SKIP","floor":24},{"not_picked":["Combust","Havoc","Pommel Strike"],"picked":"SKIP","floor":25},{"not_picked":["conspire:Purge","Clothesline","Twin Strike"],"picked":"SKIP","floor":28},{"not_picked":["Battle Trance+1","Bloodletting"],"picked":"Warcry","floor":29},{"not_picked":["Headbutt","Sever Soul","Pummel"],"picked":"SKIP","floor":31},{"not_picked":["Berserk","Eclipse"],"picked":"Exhume","floor":33},{"not_picked":["True Grit","Cleave+1","Rage"],"picked":"SKIP","floor":35},{"not_picked":["Sword Boomerang+1","Thunderclap","Perfected Strike"],"picked":"SKIP","floor":37},{"not_picked":["Evolve","Wild Strike"],"picked":"Spot Weakness+1","floor":38},{"not_picked":["Spot Weakness","Entrench+1","Headbutt+1"],"picked":"SKIP","floor":39},{"not_picked":["Dark Embrace","Impervious","Headbutt"],"picked":"SKIP","floor":40},{"not_picked":["Headbutt+1","Body Slam+1","conspire:HitWhereItHurts"],"picked":"SKIP","floor":42},{"not_picked":["Sword Boomerang","Iron Wave","Brutality"],"picked":"SKIP","floor":45},{"not_picked":["Replay:Undeath\u0027s Touch","Wild Strike+1","Burning Pact+1"],"picked":"SKIP","floor":48},{"not_picked":["Twin Strike","Body Slam","Sever Soul+1"],"picked":"SKIP","floor":54}],"player_experience":3805711,"relics_obtained":[{"floor":9,"key":"Red Skull"},{"floor":10,"key":"Kunai"},{"floor":11,"key":"Odd Mushroom"},{"floor":12,"key":"Replay:Bandana"},{"floor":13,"key":"ReplayTheSpireMod:TigerMarble"},{"floor":14,"key":"Eternal Feather"},{"floor":29,"key":"Juzu Bracelet"},{"floor":40,"key":"Pen Nib"},{"floor":40,"key":"Toy Ornithopter"},{"floor":41,"key":"TungstenRod"},{"floor":42,"key":"infinitespire:Midas Blood"},{"floor":42,"key":"Incense Burner"},{"floor":43,"key":"Toxic Egg 2"},{"floor":45,"key":"MealTicket"},{"floor":45,"key":"Gremlin Horn"},{"floor":54,"key":"Counterbalance"},{"floor":54,"key":"Durian"}],"event_choices":[{"damage_healed":0,"gold_gain":0,"player_choice":"Fought Mushrooms","damage_taken":0,"max_hp_gain":0,"max_hp_loss":0,"event_name":"Mushrooms","floor":11,"gold_loss":0},{"damage_healed":0,"gold_gain":0,"player_choice":"Ignored","damage_taken":0,"max_hp_gain":0,"max_hp_loss":0,"event_name":"Ghosts","floor":19,"gold_loss":0},{"damage_healed":0,"gold_gain":0,"player_choice":"Inject Mutagens","damage_taken":0,"relics_obtained":["MutagenicStrength"],"max_hp_gain":0,"max_hp_loss":0,"event_name":"Drug Dealer","floor":20,"gold_loss":0},{"damage_healed":0,"gold_gain":0,"player_choice":"Bet on Murderer","damage_taken":0,"max_hp_gain":0,"max_hp_loss":0,"event_name":"The Joust","floor":22,"gold_loss":50},{"damage_healed":0,"gold_gain":0,"player_choice":"Fight","damage_taken":0,"max_hp_gain":0,"max_hp_loss":0,"event_name":"Mysterious Sphere","floor":41,"gold_loss":0},{"damage_healed":0,"gold_gain":0,"player_choice":"Embrace Madness","damage_taken":14,"max_hp_gain":0,"max_hp_loss":0,"event_name":"Winding Halls","floor":44,"gold_loss":0,"cards_obtained":["Madness","Madness"]},{"damage_healed":0,"gold_gain":0,"player_choice":"Copied","damage_taken":0,"max_hp_gain":0,"max_hp_loss":0,"event_name":"Duplicator","floor":47,"gold_loss":0,"cards_obtained":["Limit Break"]}],"is_beta":false,"boss_relics":[{"not_picked":["Calling Bell","Black Blood"],"picked":"SlaversCollar"},{"not_picked":["Replay:Drink Me","infinitespire:Cupcake"],"picked":"Black Star"}],"items_purged_floors":[],"is_endless":false,"potions_floor_spawned":[3,7,10,11,14,16,25,29,33,35,37,39,42],"ascension_level":16}}