{"host":"nsc6ozq3atyrdr3m","time":1613065886,"event":{"mods":["BaseMod","Colored Map","Minty Spire (QoL Compilation)"],"gold_per_floor":[112,112,122,122,171,171,204,125,125,138,157,157,157,77,77,151,151,151,47,47,47,47,47,47,47,47,47,47,47,47,47,47,47,47,47,47,47,47,47,47,47],"floor_reached":40,"language":"FRA","playtime":829,"items_purged":["Defend_R","Strike_R"],"score":930,"play_id":"a9bcfd29-1151-4d6b-ad50-d18cbaf88b74","local_time":"20210211185126","is_ascension_mode":true,"campfire_choices":[{"data":"Flex","floor":6,"key":"SMITH"},{"data":"Limit Break","floor":12,"key":"SMITH"},{"data":"Bash","floor":15,"key":"SMITH"},{"floor":24,"key":"REST"},{"data":"Heavy Blade","floor":28,"key":"SMITH"},{"floor":30,"key":"REST"},{"floor":32,"key":"REST"}],"circlet_count":0,"master_deck":["AscendersBane","Strike_R","Strike_R","Defend_R","Defend_R","Defend_R","Bash+1","Flex+1","Cleave","Limit Break+1","Inflame","Burning Pact","Heavy Blade","Flex+1","Reaper","Flex+1","Heavy Blade+1","Immolate","Clothesline","Demon Form","Shockwave+1","Pummel"],"relics":["Burning Blood","NeowsBlessing","Oddly Smooth Stone","Du-Vu Doll","Smiling Mask","Potion Belt","Ectoplasm","Pear","Pocketwatch","War Paint","Lantern","Cursed Key"],"acts_visited":["Exordium","TheCity","TheBeyond"],"potions_floor_usage":[16,23,25,33,40],"damage_taken":[{"damage":0,"enemies":"Jaw Worm","floor":1,"turns":1},{"damage":0,"enemies":"Cultist","floor":3,"turns":1},{"damage":0,"enemies":"3 Sentries","floor":7,"turns":2},{"damage":10,"enemies":"Small Slimes","floor":10,"turns":3},{"damage":2,"enemies":"3 Louse","floor":11,"turns":4},{"damage":50,"enemies":"The Guardian","floor":16,"turns":7},{"damage":35,"enemies":"3 Byrds","floor":18,"turns":5},{"damage":6,"enemies":"Chosen","floor":21,"turns":3},{"damage":69,"enemies":"Gremlin Leader","floor":23,"turns":4},{"damage":30,"enemies":"Slavers","floor":25,"turns":3},{"damage":43,"enemies":"Gremlin Leader","floor":27,"turns":4},{"damage":0,"enemies":"Snake Plant","floor":31,"turns":2},{"damage":45,"enemies":"Collector","floor":33,"turns":5},{"damage":0,"enemies":"3 Shapes","floor":35,"turns":2},{"damage":11,"enemies":"Orb Walker","floor":36,"turns":3},{"damage":75,"enemies":"Spire Growth","floor":38,"turns":5},{"damage":46,"enemies":"Reptomancer","floor":40,"turns":2}],"seed_played":"2003012979919962179","potions_obtained":[{"floor":10,"key":"Dexterity Potion"},{"floor":16,"key":"ColorlessPotion"},{"floor":18,"key":"Explosive Potion"},{"floor":25,"key":"SpeedPotion"},{"floor":27,"key":"ElixirPotion"},{"floor":35,"key":"ColorlessPotion"},{"floor":36,"key":"Energy Potion"}],"is_trial":false,"path_per_floor":["M","?","M","?","T","R","E","$","T","M","M","R","?","$","R","B",null,"M","$","?","M","$","E","R","E","T","E","R","?","R","M","R","B",null,"M","M","?","M","$","E"],"character_chosen":"IRONCLAD","items_purchased":["Inflame","Flex","Heavy Blade"],"campfire_rested":3,"item_purchase_floors":[8,14,19],"current_hp_per_floor":[74,70,75,75,75,75,75,75,75,71,75,75,70,70,70,26,63,42,42,42,60,60,42,67,60,60,58,58,33,60,66,90,51,80,86,81,81,21,21,0,0],"gold":47,"neow_bonus":"THREE_ENEMY_KILL","is_daily":false,"chose_seed":false,"campfire_upgraded":4,"win_rate":0.0,"timestamp":1613065886,"path_taken":["M","?","?","?","?","R","E","?","T","?","M","R","?","$","R","BOSS","M","$","?","?","$","E","R","E","T","E","R","?","R","M","R","BOSS","M","M","?","M","$","E"],"items_purchased_type":["Card","Card","Card"],"build_version":"2020-12-22","purchased_purges":2,"victory":false,"max_hp_per_floor":[75,75,75,75,75,75,75,75,75,75,75,75,75,75,75,75,75,75,75,75,75,75,85,85,85,85,85,85,90,90,90,90,90,90,90,90,90,90,90,90,90],"card_choices":[{"not_picked":["Thunderclap","Heavy Blade"],"picked":"Flex","floor":1},{"not_picked":["Clash","Power Through"],"picked":"Cleave","floor":3},{"not_picked":["Carnage","Armaments"],"picked":"Limit Break","floor":7},{"not_picked":["Feel No Pain","Thunderclap"],"picked":"Burning Pact","floor":10},{"not_picked":["Seeing Red","True Grit"],"picked":"Heavy Blade","floor":11},{"not_picked":["Corruption","Demon Form"],"picked":"Reaper","floor":16},{"not_picked":["Second Wind","Armaments"],"picked":"Flex","floor":18},{"not_picked":["Fire Breathing+1","Anger+1","Entrench"],"picked":"SKIP","floor":21},{"not_picked":["Burning Pact","Dual Wield"],"picked":"Immolate","floor":23},{"not_picked":["Dark Embrace","Infernal Blade","Warcry+1"],"picked":"SKIP","floor":25},{"not_picked":["Whirlwind","Heavy Blade"],"picked":"Clothesline","floor":27},{"not_picked":["Wild Strike","Dropkick","Clash"],"picked":"SKIP","floor":31},{"not_picked":["Corruption","Brutality"],"picked":"Demon Form","floor":33},{"not_picked":["Armaments+1","Clothesline"],"picked":"Shockwave+1","floor":35},{"not_picked":["Second Wind","Clothesline","Armaments"],"picked":"SKIP","floor":36},{"not_picked":["Fire Breathing","Body Slam"],"picked":"Pummel","floor":38}],"player_experience":390453,"relics_obtained":[{"floor":5,"key":"Oddly Smooth Stone"},{"floor":7,"key":"Du-Vu Doll"},{"floor":9,"key":"Smiling Mask"},{"floor":23,"key":"Pear"},{"floor":25,"key":"Pocketwatch"},{"floor":26,"key":"War Paint"},{"floor":27,"key":"Lantern"}],"event_choices":[{"damage_healed":0,"gold_gain":0,"player_choice":"Bought 0 Potions","damage_taken":0,"max_hp_gain":0,"max_hp_loss":0,"event_name":"The Woman in Blue","floor":2,"gold_loss":0},{"damage_healed":0,"gold_gain":0,"player_choice":"Leave","damage_taken":0,"max_hp_gain":0,"max_hp_loss":0,"event_name":"The Cleric","floor":4,"gold_loss":0},{"damage_healed":0,"gold_gain":0,"player_choice":"Success","damage_taken":5,"relics_obtained":["Potion Belt"],"max_hp_gain":0,"max_hp_loss":0,"event_name":"Scrap Ooze","floor":13,"gold_loss":0},{"cards_removed":["Strike_R"],"damage_healed":0,"gold_gain":0,"player_choice":"Offered Basic","damage_taken":0,"max_hp_gain":0,"max_hp_loss":0,"event_name":"Bonfire Elementals","floor":20,"gold_loss":0},{"damage_healed":0,"gold_gain":0,"player_choice":"Shed Blood","damage_taken":30,"max_hp_gain":5,"max_hp_loss":0,"event_name":"Forgotten Altar","floor":29,"gold_loss":0},{"cards_removed":["Strike_R"],"damage_healed":0,"gold_gain":0,"player_choice":"Removed Attack","damage_taken":0,"max_hp_gain":0,"max_hp_loss":0,"event_name":"Falling","floor":37,"gold_loss":0}],"is_beta":false,"boss_relics":[{"not_picked":["Fusion Hammer","Snecko Eye"],"picked":"Ectoplasm"},{"not_picked":["Busted Crown","SacredBark"],"picked":"Cursed Key"}],"items_purged_floors":[14,19],"is_endless":false,"potions_floor_spawned":[10,16,18,25,27,35,36],"killed_by":"Reptomancer","ascension_level":20}}