{"host":"hfxahm4y1ssattqc","time":1613012580,"event":{"mods":["2.2 Compatiblity","Act Like it!","Aspiration","BaseMod","Beaked The Cultist","Better Third Choice","Colored Map","Colored Powertips","Custom Start","Downfall","Googly Eyes","Halation","Hallownest","Hermit","Highlight Path","Infinite Spire","Mimic Mod","Minty Spire (QoL Compilation)","Reorder Act Four","Replay The Spire","Shop Mod","Spikes Relics","StSLib","The Bug Knight","The IronCluck","The Jungle","slay the spire mod where everything is the same but ironclad has a cowboy hat"],"gold_per_floor":[99,118,133,133,68,68,145,245,313,344,394,50,50,60,78,182,182,82,99,84,101,113,133,133,153,153,182,216,266,316,345,372,372,372,372],"floor_reached":33,"language":"ENG","playtime":1644,"items_purged":[],"score":296,"play_id":"b7f5ec39-ac9f-47bd-94be-0d34ff362c2c","local_time":"20210210190300","is_ascension_mode":false,"campfire_choices":[{"data":"Slimebound:CorrosiveSpit","floor":1,"key":"SMITH"},{"data":"Slimebound:SplitMire","floor":6,"key":"SMITH"},{"data":"Slimebound:Repurpose","floor":13,"key":"SMITH"},{"floor":18,"key":"RECALL"}],"circlet_count":0,"master_deck":["Slimebound:Strike_Slimebound","Slimebound:Strike_Slimebound","Slimebound:Strike_Slimebound","Slimebound:Tackle","Slimebound:Defend_Slimebound","Slimebound:Defend_Slimebound+1","Slimebound:Defend_Slimebound","Slimebound:Defend_Slimebound","Slimebound:Split+1","Slimebound:CorrosiveSpit+1","Slimebound:SplitAcid","Slimebound:SplitMire+1","Slimebound:Repurpose+1","Slimebound:SplitBruiser","Slimebound:SplitAcid","Slimebound:SplitAcid+1","expansioncontent:QuickStudy+1","Slimebound:SplitBruiser","Slimebound:LevelUp","Slimebound:FirmFortitude","Slimebound:DisruptingSlam","Slimebound:DisruptingSlam+1","Slimebound:SplitLeeching+1","Slimebound:AcidTongue+1","Slimebound:LevelUp","Slimebound:SlimeBarrage","Slimebound:SelfFormingGoo","Slimebound:SplitLeeching"],"relics":["Slimebound:AbsorbEndCombatUpgraded","HollowMod:StagPassRelic","downfall:CloakOfManyFaces","CultistMask","FaceOfCleric","NlothsMask","GremlinMask","SsserpentHead","BlackRope","Bronze Scales","downfall:HeartBlessingGreen","CeramicFish","Blue Candle"],"acts_visited":["Exordium","TheCity"],"potions_floor_usage":[16,16,16,33],"damage_taken":[{"damage":0,"enemies":"2 Louse","floor":2,"turns":2},{"damage":0,"enemies":"Small Slimes","floor":3,"turns":3},{"damage":2,"enemies":"downfall:FleeingMerchant","floor":5,"turns":4},{"damage":7,"enemies":"downfall:FaceTrader","floor":8,"turns":14},{"damage":4,"enemies":"Cultist","floor":9,"turns":3},{"damage":17,"enemies":"Lagavulin","floor":10,"turns":7},{"damage":10,"enemies":"downfall:FleeingMerchant","floor":12,"turns":4},{"damage":5,"enemies":"3 Louse","floor":14,"turns":2},{"damage":16,"enemies":"Large Slime","floor":15,"turns":3},{"damage":17,"enemies":"WA_ARCHETYPE_RETAIN","floor":16,"turns":7},{"damage":13,"enemies":"Spheric Guardian","floor":19,"turns":4},{"damage":11,"enemies":"downfall:FleeingMerchant","floor":20,"turns":4},{"damage":0,"enemies":"Shell Parasite","floor":21,"turns":4},{"damage":3,"enemies":"Chosen and Byrds","floor":22,"turns":3},{"damage":2,"enemies":"Cultist and Chosen","floor":23,"turns":4},{"damage":15,"enemies":"Snake Plant","floor":25,"turns":4},{"damage":23,"enemies":"Shelled Parasite and Fungi","floor":27,"turns":4},{"damage":27,"enemies":"Gremlin Leader","floor":28,"turns":4},{"damage":10,"enemies":"Cultist and Chosen","floor":31,"turns":6},{"damage":16,"enemies":"Centurion and Healer","floor":32,"turns":5},{"damage":22,"enemies":"IC_MUSHROOM_ARCHETYPE","floor":33,"turns":4}],"seed_played":"-3211430869582498992","potions_obtained":[{"floor":3,"key":"Flashbang"},{"floor":10,"key":"Regen Potion"},{"floor":14,"key":"ColorlessPotion"},{"floor":16,"key":"Slimebound:SlimyTonguePotion"},{"floor":23,"key":"Swift Potion"},{"floor":25,"key":"Venom Potion"}],"is_trial":false,"path_per_floor":["R","M","M","?","$","R","T","?","M","E","?","$","R","M","M","B",null,"R_BF","M","$","M","M","M","T","M","AVR","M","E","?","?","M","M","B"],"character_chosen":"SLIMEBOUND","items_purchased":["Slimebound:SplitMire","expansioncontent:QuickStudy","Bronze Scales"],"campfire_rested":0,"item_purchase_floors":[5,12,12],"current_hp_per_floor":[65,65,65,65,65,65,65,64,63,53,53,46,46,44,31,22,71,71,59,58,65,66,65,65,57,57,41,18,18,18,12,6,0,0,0],"gold":372,"neow_bonus":"UPGRADE_CARD","is_daily":false,"chose_seed":false,"campfire_upgraded":3,"win_rate":0.0,"timestamp":1613012580,"path_taken":["R","M","M","?","$","R","T","?","?","E","?","$","R","M","M","BOSS","R_BF","M","$","M","M","M","T","M","AVR","M","E","?","?","M","M","BOSS"],"items_purchased_type":["Card","Card","Relic"],"build_version":"2020-12-22","purchased_purges":0,"victory":false,"max_hp_per_floor":[65,65,65,65,65,65,65,65,66,67,67,68,68,69,70,71,71,71,72,73,74,75,76,76,77,77,78,79,79,79,80,81,81,81,81],"card_choices":[{"not_picked":["Slimebound:SlimeBrawl","Slimebound:ViciousTackle"],"picked":"Slimebound:SplitAcid","floor":2},{"not_picked":["Slimebound:MegaLick","Slimebound:Gluttony","Slimebound:SamplingLick"],"picked":"SKIP","floor":3},{"not_picked":["Slimebound:SlimeSpikes","Slimebound:ItLooksTasty","Slimebound:GoopTackle"],"picked":"SKIP","floor":5},{"not_picked":["Slimebound:FlameTackle","Slimebound:LivingWall"],"picked":"Slimebound:Repurpose","floor":8},{"not_picked":["Slimebound:Grow","Slimebound:SlimeTap"],"picked":"Slimebound:SplitBruiser","floor":9},{"not_picked":["Slimebound:FlameTackle","Slimebound:LeadByExample"],"picked":"Slimebound:SplitAcid","floor":10},{"not_picked":["Slimebound:ItLooksTasty","Slimebound:DouseInSlime"],"picked":"Slimebound:SplitAcid","floor":12},{"not_picked":["Slimebound:LeechingTouch","Slimebound:GoopSpray"],"picked":"Slimebound:SplitBruiser","floor":14},{"not_picked":["Slimebound:FinishingTackle","Slimebound:LeechEnergy"],"picked":"Slimebound:LevelUp","floor":15},{"not_picked":["Slimebound:Overexert","Slimebound:CheckThePlaybook"],"picked":"Slimebound:FirmFortitude","floor":16},{"not_picked":["Slimebound:Grow","Slimebound:SamplingLick+1"],"picked":"Slimebound:DisruptingSlam","floor":19},{"not_picked":["Slimebound:FormOfPuddle","Slimebound:Prepare"],"picked":"Slimebound:DisruptingSlam+1","floor":20},{"not_picked":["Slimebound:RollThrough","Slimebound:FinishingTackle","Slimebound:Schlurp"],"picked":"SKIP","floor":21},{"not_picked":["Slimebound:SlimeSpikes","Slimebound:GoopTackle","Slimebound:Schlurp"],"picked":"SKIP","floor":22},{"not_picked":["Slimebound:LeadByExample","Slimebound:Equalize"],"picked":"Slimebound:SplitLeeching+1","floor":23},{"not_picked":["Slimebound:PressTheAttack","Slimebound:LeechEnergy"],"picked":"Slimebound:AcidTongue+1","floor":25},{"not_picked":["Slimebound:HauntingLick+1","Slimebound:RollThrough"],"picked":"Slimebound:LevelUp","floor":27},{"not_picked":["Slimebound:LeechingTouch","Slimebound:SamplingLick"],"picked":"Slimebound:SlimeBarrage","floor":28},{"not_picked":["Slimebound:RainOfGoop+1","Slimebound:LeechEnergy+1"],"picked":"Slimebound:SelfFormingGoo","floor":31},{"not_picked":["Slimebound:ProtectTheBoss","Slimebound:LivingWall"],"picked":"Slimebound:SplitLeeching","floor":32}],"player_experience":961042,"relics_obtained":[{"floor":7,"key":"HollowMod:StagPassRelic"},{"floor":8,"key":"downfall:CloakOfManyFaces"},{"floor":10,"key":"BlackRope"},{"floor":28,"key":"Blue Candle"}],"event_choices":[],"is_beta":false,"boss_relics":[{"not_picked":["Snecko Eye","SlaversCollar"],"picked":"Slimebound:AbsorbEndCombatUpgraded"}],"items_purged_floors":[],"is_endless":false,"potions_floor_spawned":[3,10,14,16,23,25,28,31],"killed_by":"IC_MUSHROOM_ARCHETYPE","ascension_level":0}}