{"host":"ek3xvuouaw6vk9if","time":1613016985,"event":{"mods":["AchievementEnabler","BaseMod","Better Third Choice","BetterRewards","Curses Come First","Dark Map","Hubris","Minty Spire (QoL Compilation)","Permanent Neow","Quick Restart","Relic Stats","Replay The Spire","Spire Arcade","StSLib","The Jungle"],"gold_per_floor":[109,109,122,69,69,69,100,125,178,196,196,7,7,25,25,25,25],"floor_reached":16,"language":"ENG","playtime":811,"items_purged":["Strike_G","Strike_G"],"score":196,"play_id":"895d9a0c-9b96-42b3-a09d-068adba1e389","local_time":"20210210231625","is_ascension_mode":true,"campfire_choices":[{"data":"Survivor","floor":6.0,"key":"SMITH"},{"data":"Footwork","floor":13,"key":"SMITH"},{"data":"Blade Dance","floor":15,"key":"SMITH"}],"circlet_count":0,"master_deck":["AscendersBane","Strike_G","Strike_G","Strike_G","Defend_G","Defend_G","Defend_G","Defend_G","Defend_G","Survivor+1","Neutralize","ReplayTheSpireMod:Scrap Shanks+1","ReplayTheSpireMod:Speed Training+1","Acrobatics","Dagger Throw","Acrobatics","PiercingWail","Backflip","Blade Dance+1","Footwork+1","Blur"],"relics":["Ring of the Snake","Guide Book","Happy Flower","Anchor","Odd Mushroom","hubris:ToyBattleship"],"acts_visited":["Exordium"],"potions_floor_usage":[],"damage_taken":[{"damage":0.0,"enemies":"Cultist","floor":1.0,"turns":4.0},{"damage":4.0,"enemies":"Small Slimes","floor":3.0,"turns":4.0},{"damage":3.0,"enemies":"Lagavulin","floor":7.0,"turns":8.0},{"damage":20.0,"enemies":"The Mushroom Lair","floor":8.0,"turns":5.0},{"damage":0.0,"enemies":"2 Louse","floor":10.0,"turns":3.0},{"damage":0,"enemies":"2 Fungi Beasts","floor":14,"turns":3},{"damage":25,"enemies":"Hexaghost","floor":16,"turns":14}],"seed_played":"7248514835954709132","potions_obtained":[{"floor":1.0,"key":"Dexterity Potion"},{"floor":8.0,"key":"Weak Potion"}],"is_trial":false,"path_per_floor":["M","?","M","$","?","R","E","?","T","M","?","$","R","M","R","B"],"character_chosen":"THE_SILENT","items_purchased":["ReplayTheSpireMod:Scrap Shanks","ReplayTheSpireMod:Speed Training","Guide Book","Happy Flower","Energy Potion","Dagger Throw","Footwork"],"campfire_rested":0,"item_purchase_floors":[0,0,0,0,0,4,12],"current_hp_per_floor":[52,52,48,48,48,48,45,25,25,25,25,25,25,25,25,0,0],"gold":25,"neow_bonus":"","is_daily":false,"chose_seed":false,"campfire_upgraded":3,"win_rate":0.0,"timestamp":1613016985,"path_taken":["M","?","M","$","?","R","E","?","T","M","?","$","R","M","R","BOSS"],"items_purchased_type":["Card","Card","Relic","Relic","Potion","Card","Card"],"build_version":"2020-12-22","purchased_purges":2,"victory":false,"max_hp_per_floor":[66,66,66,66,66,66,66,66,66,66,66,66,66,66,66,66,66],"relic_stats":{"Happy Flower":[13],"counters":[49,257],"obtain_stats":[{"Replay:Accelerometer":42,"Calipers":26,"CeramicFish":0,"Mango":0,"hubris:SlimyHat":46,"Bag of Preparation":0,"Ginger":0,"Pet Ghost":20,"Dream Catcher":8,"Sundial":43,"Fusion Hammer":17,"hubris:FunFungus":10,"WingedGreaves":0,"Red Mask":31,"Ring of the Snake":0,"Gremlin Food":9,"Happy Flower":0,"Quantum Egg":41,"Counterbalance":7,"Guide Book":0,"Paper Crane":0,"Odd Mushroom":8,"Medical Kit":13,"White Beast Statue":6,"Replay:Arrowhead":0,"OrangePellets":0,"Replay:Baseball":41,"Anchor":7,"Ornamental Fan":25,"Bronze Scales":45,"Pandora\u0027s Box":34,"hubris:ToyBattleship":9,"ReplayTheSpireMod:Lightbulb":39,"hubris:OldNail":0,"Unceasing Top":9},{"Replay:Accelerometer":18,"Calipers":11,"CeramicFish":0,"Mango":0,"hubris:SlimyHat":20,"Bag of Preparation":31,"Ginger":36,"Pet Ghost":9,"Dream Catcher":6,"Sundial":18,"Fusion Hammer":8,"hubris:FunFungus":28,"WingedGreaves":36,"Red Mask":14,"Ring of the Snake":0,"Gremlin Food":27,"Happy Flower":42,"Quantum Egg":17,"Counterbalance":27,"Guide Book":42,"Paper Crane":36,"Odd Mushroom":46,"Medical Kit":7,"White Beast Statue":5,"Replay:Arrowhead":22,"OrangePellets":22,"Replay:Baseball":17,"Anchor":45,"Ornamental Fan":11,"Bronze Scales":20,"Pandora\u0027s Box":15,"hubris:ToyBattleship":46,"ReplayTheSpireMod:Lightbulb":17,"hubris:OldNail":0,"Unceasing Top":6},{"Replay:Accelerometer":91,"Calipers":61,"CeramicFish":0,"Mango":0,"hubris:SlimyHat":99,"Bag of Preparation":170,"Ginger":192,"Pet Ghost":51,"Dream Catcher":32,"Sundial":91,"Fusion Hammer":46,"hubris:FunFungus":152,"WingedGreaves":192,"Red Mask":74,"Ring of the Snake":0,"Gremlin Food":143,"Happy Flower":216,"Quantum Egg":87,"Counterbalance":143,"Guide Book":216,"Paper Crane":192,"Odd Mushroom":237,"Medical Kit":33,"White Beast Statue":24,"Replay:Arrowhead":107,"OrangePellets":107,"Replay:Baseball":87,"Anchor":232,"Ornamental Fan":61,"Bronze Scales":99,"Pandora\u0027s Box":81,"hubris:ToyBattleship":237,"ReplayTheSpireMod:Lightbulb":87,"hubris:OldNail":0,"Unceasing Top":32}],"Ring of the Snake":[98]},"card_choices":[{"not_picked":["Infinite Blades","Hidden Blade"],"picked":"Acrobatics","floor":1.0},{"not_picked":["Heel Hook","Skewer","Slice"],"picked":"SKIP","floor":3.0},{"not_picked":["Setup","Acrobatics"],"picked":"PiercingWail","floor":7.0},{"not_picked":["Quick Slash","Replay:Bag of Tricks"],"picked":"Backflip","floor":8.0},{"not_picked":["Hidden Blade","Cloak And Dagger"],"picked":"Blade Dance","floor":10.0},{"not_picked":["Dodge and Roll","Leg Sweep"],"picked":"Blur","floor":14}],"player_experience":526646,"relics_obtained":[{"floor":7.0,"key":"Anchor"},{"floor":8.0,"key":"Odd Mushroom"},{"floor":9.0,"key":"hubris:ToyBattleship"}],"event_choices":[{"damage_healed":0.0,"max_hp_gain":0.0,"max_hp_loss":0.0,"gold_gain":0.0,"event_name":"betterThird:BetterSerpent","player_choice":"Ignored","floor":2.0,"gold_loss":0.0,"damage_taken":109.0},{"damage_healed":0.0,"max_hp_gain":0.0,"max_hp_loss":0.0,"gold_gain":0.0,"event_name":"Mushrooms","player_choice":"Fought Mushrooms","floor":8.0,"gold_loss":0.0,"damage_taken":0.0},{"damage_healed":25,"gold_gain":0,"player_choice":"Leave","damage_taken":0,"max_hp_gain":0,"max_hp_loss":66,"event_name":"betterThird:BetterShining","floor":11,"gold_loss":0}],"is_beta":false,"boss_relics":[],"items_purged_floors":[0,12],"is_endless":false,"potions_floor_spawned":[1,8,10,14],"killed_by":"Hexaghost","ascension_level":20}}