{"host":"o3b7ow6d1xe49css","time":1613033367,"event":{"mods":["Act Like it!","Aspiration","BaseMod","Bestiary","Better Altar","Better Match","Better Note","Better Sensory Stone","Better Skull","Better Third Choice","Colored Powertips","Conspire","Energized Spire","GifTheSpireLib","Halation","Hermit","Hubris","Infinite Spire","Lobotomy","Marisa????????","Minty Spire (QoL Compilation)","Quick Restart","Rare Cards Sparkle","Relic Filter Mod","Reliquary","Replay The Spire","Spicy Shops","Spikes Relics","Spire Arcade","StSLib","Stuff the Spire","The Blue Laboratory","Wandering Minibosses"],"gold_per_floor":[116,126,138,138,68,68,99,117,117,117,147,147,147,141,141,131,131],"floor_reached":16,"language":"ENG","playtime":894,"items_purged":[],"score":138,"play_id":"d77223fb-c2b1-4447-add7-e779c7fe1038","local_time":"20210210234927","daily_mods":["Heirloom","Flight"],"is_ascension_mode":true,"campfire_choices":[{"data":"SporeBomb","floor":6,"key":"SMITH"},{"data":"UpSweep","floor":10,"key":"SMITH"},{"floor":12,"key":"REST"},{"data":"TreasureHunter","floor":13,"key":"SMITH"},{"data":"MasterSpark","floor":15,"key":"SMITH"}],"circlet_count":0,"master_deck":["Strike_MRS","Strike_MRS","Strike_MRS","Strike_MRS","Defend_MRS","Defend_MRS","Defend_MRS","Defend_MRS","MasterSpark+1","UpSweep+1","NonDirectionalLaser","GrandCross","SporeBomb+1","Acceleration","TreasureHunter+1","SprinkleStarSeal"],"relics":["MiniHakkero","hubris:MedicalManual","CogitoBucket","Anchor","infinitespire:EmpoweringShard","CaptainsWheel"],"acts_visited":["Exordium"],"potions_floor_usage":[7,7,8,8,16],"damage_taken":[{"damage":4,"enemies":"Jaw Worm","floor":1,"turns":4},{"damage":1,"enemies":"Cultist","floor":2,"turns":3},{"damage":1,"enemies":"Small Slimes","floor":3,"turns":3},{"damage":23,"enemies":"3 Sentries","floor":7,"turns":7},{"damage":4,"enemies":"Blue Slaver","floor":8,"turns":4},{"damage":30,"enemies":"Lagavulin","floor":11,"turns":5},{"damage":0,"enemies":"3 Louse","floor":14,"turns":5},{"damage":21,"enemies":"Fading Forest","floor":16,"turns":8}],"seed_played":"-2348769500277116435","potions_obtained":[{"floor":2,"key":"blueLaboratory:FrostheartPotion"},{"floor":4,"key":"EssenceOfSteel"},{"floor":4,"key":"blueLaboratory:EmptyBottle"},{"floor":4,"key":"blueLaboratory:BottleOfVodka"},{"floor":7,"key":"EssenceOfSteel"},{"floor":14,"key":"DistilledChaos"}],"is_trial":true,"path_per_floor":["M","M","M","?","$","R","E","M","T","R","E","R","R","M","R","B"],"character_chosen":"MARISA","items_purchased":["SporeBomb"],"campfire_rested":1,"item_purchase_floors":[5],"current_hp_per_floor":[71,70,69,69,69,69,46,42,42,42,12,34,34,34,34,21,21],"gold":131,"neow_bonus":"","is_daily":false,"chose_seed":false,"campfire_upgraded":4,"win_rate":0.0,"timestamp":1613033367,"path_taken":["M","M","M","?","$","R","E","?","T","R","E","R","R","M","R","BOSS"],"items_purchased_type":["Card"],"build_version":"2020-12-22","purchased_purges":0,"victory":false,"max_hp_per_floor":[75,75,75,75,75,75,75,75,75,75,75,75,75,75,75,75,75],"card_choices":[{"not_picked":["Occultation","IllusionStar"],"picked":"NonDirectionalLaser","floor":1},{"not_picked":["ShootTheMoon","MeteoricShower","OpenUniverse"],"picked":"SKIP","floor":2},{"not_picked":["DarkMatter","MilkyWay"],"picked":"GrandCross","floor":3},{"not_picked":["FairyFestival","ShyLook","FieryBird"],"picked":"Singing Bowl","floor":3},{"not_picked":["OldLady","BlackSwan","FairyFestival"],"picked":"Singing Bowl","floor":7},{"not_picked":["DarkSpark","UnstableBomb","GravityBeat"],"picked":"SKIP","floor":7},{"not_picked":["Singularity","LuminesStrike"],"picked":"Acceleration","floor":8},{"not_picked":["DoubleSpark","MysteriousBeam"],"picked":"TreasureHunter","floor":11},{"not_picked":["UnstableBomb","RefractionSpark"],"picked":"SprinkleStarSeal","floor":14}],"player_experience":1362511,"relics_obtained":[{"floor":7,"key":"Anchor"},{"floor":9,"key":"infinitespire:EmpoweringShard"},{"floor":11,"key":"CaptainsWheel"}],"event_choices":[{"damage_healed":0,"gold_gain":0,"player_choice":"Got Potions","damage_taken":0,"max_hp_gain":0,"max_hp_loss":0,"event_name":"Lab","floor":4,"gold_loss":0}],"is_beta":false,"boss_relics":[],"items_purged_floors":[],"is_endless":false,"potions_floor_spawned":[2,7,14],"killed_by":"Fading Forest","ascension_level":5}}