{"host":"i1fqlpve17okw40o","time":1613022241,"event":{"mods":["A Magickal Journey","Act Like it!","Aspiration","BaseMod","BetterRewards","CapriCore","Colored Map","Colored Powertips","Downfall","Elementarium","Energized Spire","Glutton Mod","Halation","Hermit","Highlight Path","Hubris","Koishi","Marisa????????","Mimic Mod","Minty Spire (QoL Compilation)","Quick Restart","Random Character Button","Relic Sorter","Reliquary","Replay The Spire","Retaliation","Reworked Bosses","Shade Mod","StSLib","SuperFastMode","Td1madao Mod","The Construct","The Disciple","The Forsaken","The Immortal","The Runesmith","The Senshi","The Servant 0.9.4"],"gold_per_floor":[119,119,133,133,144,175,175,185,185,203,220,236,236,249,249,344,344,361,33,49,15,15],"floor_reached":21,"language":"ENG","playtime":1250,"items_purged":[],"score":187,"play_id":"fa645848-e761-4303-809b-5cd0c2a07249","local_time":"20210210234401","is_ascension_mode":false,"campfire_choices":[{"data":"Shade:CommandSoldier","floor":13,"key":"SMITH"},{"data":"Shade:AnimateDead","floor":15,"key":"SMITH"}],"circlet_count":0,"master_deck":["Shade:Strike_Shade","Shade:Strike_Shade","Shade:Strike_Shade","Shade:Strike_Shade","Shade:Defend_Shade","Shade:Defend_Shade","Shade:Defend_Shade","Shade:Defend_Shade","Shade:AnimateDead+1","Shade:CarefulCut","Shade:AncientSpear","Shade:FingerOfDeath+1","Shade:Premonition","Shade:FleshToFlesh","Shade:OpenGraves","Shade:Carnophage","Shade:CommandSoldier+1","Shade:FuneraryArmor","Shade:UnbarTheGrave","Elementarium:StickyTar","Shade:DangerousRitual+1","Shade:AuraOfUnlife","Elementarium:StickyTar","Shade:ExtraLimbs+1"],"relics":["Shade:YorickSkull","hubris:Icosahedron","Black Star","Eternal Feather","reliquary:PartyBalloon","theForsaken:HumbleEgg"],"acts_visited":["Exordium","Elementarium:Elementarium"],"potions_floor_usage":[6,6,16,18],"damage_taken":[{"damage":0,"enemies":"Cultist","floor":1,"turns":4},{"damage":0,"enemies":"Small Slimes","floor":3,"turns":3},{"damage":0,"enemies":"2 Louse","floor":5,"turns":2},{"damage":18,"enemies":"Lagavulin","floor":6,"turns":5},{"damage":3,"enemies":"Exordium Thugs","floor":8,"turns":4},{"damage":0,"enemies":"3 Louse","floor":10,"turns":4},{"damage":0,"enemies":"Blue Slaver","floor":11,"turns":5},{"damage":2,"enemies":"Looter","floor":12,"turns":3},{"damage":0,"enemies":"Large Slime","floor":14,"turns":5},{"damage":6,"enemies":"Slime Boss","floor":16,"turns":11},{"damage":5,"enemies":"Elementarium:MUD_AND_TAR_GOLEMS","floor":18,"turns":5},{"damage":0,"enemies":"Elementarium:2_ELEMENTALS","floor":20,"turns":4},{"damage":5,"enemies":"Elementarium:VOID_CORRUPTION_AND_TAR_GOLEM","floor":21,"turns":9}],"seed_played":"4481820790246070262","potions_obtained":[{"floor":1,"key":"hexamod:SoulburnPotion"},{"floor":6,"key":"SkillPotion"},{"floor":12,"key":"Dexterity Potion"},{"floor":16,"key":"Explosive Potion"},{"floor":18,"key":"Strength Potion"},{"floor":20,"key":"DDmod:CleansePotion"}],"is_trial":false,"path_per_floor":["M","?","M","?","M","E","?","M","T","M","M","M","R","M","R","B",null,"M","$","M","M"],"character_chosen":"SHADE","items_purchased":["Shade:AuraOfUnlife","theForsaken:HumbleEgg"],"campfire_rested":0,"item_purchase_floors":[19,19],"current_hp_per_floor":[71,71,71,71,71,55,71,68,68,68,68,66,71,71,71,65,71,66,66,66,61,61],"gold":15,"neow_bonus":"TEN_PERCENT_HP_BONUS","is_daily":false,"chose_seed":false,"campfire_upgraded":2,"win_rate":0.0,"timestamp":1613022241,"path_taken":["M","?","M","?","M","E","?","M","T","M","?","M","R","M","R","BOSS","M","$","M","M"],"items_purchased_type":["Card","Relic"],"build_version":"2020-12-22","purchased_purges":0,"victory":false,"max_hp_per_floor":[71,71,71,71,71,71,71,71,71,71,71,71,71,71,71,71,71,71,71,71,71,71],"card_choices":[{"not_picked":["Shade:FleshOffering","Shade:SpontaneousRitual"],"picked":"Shade:AncientSpear","floor":1},{"not_picked":["Shade:AncientSpear","Shade:FeralStrike"],"picked":"Shade:FingerOfDeath","floor":3},{"not_picked":["Shade:SanguineRitual","Shade:BoneShards"],"picked":"Shade:Bite_Shade","floor":5},{"not_picked":["Shade:AncientSpear","Shade:TouchOfTheGrave"],"picked":"Shade:Premonition","floor":6},{"not_picked":["Shade:CoffinDance","Shade:Excise"],"picked":"Shade:FleshToFlesh","floor":8},{"not_picked":["Shade:GraveStillness","Shade:CallOfTheGrave"],"picked":"Shade:OpenGraves","floor":10},{"not_picked":["Shade:CoffinDance","Shade:Frenzy"],"picked":"Shade:Carnophage","floor":11},{"not_picked":["Shade:SensePrey","Shade:SoulToxin"],"picked":"Shade:CommandSoldier","floor":12},{"not_picked":["Shade:CoffinDance","Shade:GreyBargain"],"picked":"Shade:FuneraryArmor","floor":14},{"not_picked":["Shade:Tombstone","Shade:Consume"],"picked":"Shade:UnbarTheGrave","floor":16},{"not_picked":["Shade:Premonition","Shade:PotionOfRestlessness"],"picked":"Shade:DangerousRitual+1","floor":18},{"not_picked":["Shade:GoDigging","Shade:RavenousHorde","Shade:FingerOfDeath+1"],"picked":"SKIP","floor":20},{"not_picked":["Shade:RitualOffering","Shade:Premonition+1"],"picked":"Shade:ExtraLimbs+1","floor":21}],"player_experience":424126,"relics_obtained":[{"floor":6,"key":"reliquary:PartyBalloon"},{"floor":9,"key":"Eternal Feather"}],"event_choices":[{"cards_removed":["Shade:Bite_Shade"],"damage_healed":16,"gold_gain":0,"player_choice":"Offered Uncommon","damage_taken":0,"max_hp_gain":0,"max_hp_loss":0,"event_name":"Bonfire Elementals","floor":7,"gold_loss":0}],"is_beta":false,"boss_relics":[{"not_picked":["halation:HeavySnake","Busted Crown"],"picked":"Black Star"}],"items_purged_floors":[],"is_endless":false,"potions_floor_spawned":[1,6,12,16,18,20],"killed_by":"Elementarium:VOID_CORRUPTION_AND_TAR_GOLEM","ascension_level":0}}