{"host":"syozzdlzcqop4jia","time":1613082314,"event":{"mods":["AchievementEnabler","BaseMod","Colored Map","Colored Powertips","Minty Spire (QoL Compilation)","Quick Restart"],"gold_per_floor":[114,189,199,199,217,217,232,244,312,80,94,125,139,159,159,159,159],"floor_reached":16,"language":"ENG","playtime":1122,"items_purged":[],"score":106,"play_id":"91de97fa-800e-44a8-bcf2-edf68bbaedfb","local_time":"20210211232514","is_ascension_mode":false,"campfire_choices":[{"floor":6,"key":"RECALL"},{"floor":15,"key":"REST"}],"circlet_count":0,"master_deck":["Strike_B","Strike_B","Strike_B","Strike_B","Defend_B","Defend_B","Defend_B","Defend_B","Zap","Dualcast","Capacitor","Ball Lightning","Stack","Capacitor","Ball Lightning","Doom and Gloom","Redo","Cold Snap","Redo","Meteor Strike","Conserve Battery"],"relics":["Cracked Core","Orichalcum","Unceasing Top"],"acts_visited":["Exordium"],"potions_floor_usage":[],"damage_taken":[{"damage":1,"enemies":"Jaw Worm","floor":1,"turns":3},{"damage":0,"enemies":"Small Slimes","floor":3,"turns":3},{"damage":1,"enemies":"Cultist","floor":5,"turns":3},{"damage":7,"enemies":"Exordium Thugs","floor":7,"turns":4},{"damage":9,"enemies":"Blue Slaver","floor":8,"turns":4},{"damage":7,"enemies":"Gremlin Gang","floor":11,"turns":3},{"damage":11,"enemies":"3 Sentries","floor":12,"turns":7},{"damage":5,"enemies":"Large Slime","floor":13,"turns":5},{"damage":8,"enemies":"3 Louse","floor":14,"turns":2},{"damage":60,"enemies":"The Guardian","floor":16,"turns":12}],"seed_played":"4249728339430885886","potions_obtained":[{"floor":3,"key":"Energy Potion"},{"floor":8,"key":"FairyPotion"},{"floor":12,"key":"EssenceOfSteel"}],"is_trial":false,"path_per_floor":["M","?","M","?","M","R","M","M","T","$","M","E","M","M","R","B"],"character_chosen":"DEFECT","items_purchased":["Orichalcum","Doom and Gloom","Redo"],"campfire_rested":1,"item_purchase_floors":[10,10,10],"current_hp_per_floor":[74,63,63,63,62,62,55,46,46,46,39,28,23,15,37,0,0],"gold":159,"neow_bonus":"THREE_CARDS","is_daily":false,"chose_seed":false,"campfire_upgraded":0,"win_rate":0.0,"timestamp":1613082314,"path_taken":["M","?","M","?","M","R","M","M","T","?","M","E","M","M","R","BOSS"],"items_purchased_type":["Relic","Card","Card"],"build_version":"2020-12-22","purchased_purges":0,"victory":false,"max_hp_per_floor":[75,75,75,75,75,75,75,75,75,75,75,75,75,75,75,75,75],"card_choices":[{"not_picked":["Coolheaded","Go for the Eyes"],"picked":"Capacitor","floor":0},{"not_picked":["Hologram","Beam Cell"],"picked":"Ball Lightning","floor":1},{"not_picked":["Go for the Eyes","Coolheaded"],"picked":"Stack","floor":3},{"not_picked":["Barrage","Compile Driver"],"picked":"Capacitor","floor":5},{"not_picked":["Beam Cell","Barrage","Streamline"],"picked":"SKIP","floor":7},{"not_picked":["BootSequence","Turbo"],"picked":"Ball Lightning","floor":8},{"not_picked":["Turbo","Stack"],"picked":"Cold Snap","floor":11},{"not_picked":["Coolheaded","Conserve Battery"],"picked":"Redo","floor":12},{"not_picked":["Steam Power","Gash"],"picked":"Meteor Strike","floor":13},{"not_picked":["Coolheaded","Heatsinks"],"picked":"Conserve Battery","floor":14}],"player_experience":690454,"relics_obtained":[{"floor":12,"key":"Unceasing Top"}],"event_choices":[{"damage_healed":0,"gold_gain":75,"player_choice":"Gather Gold","damage_taken":11,"max_hp_gain":0,"max_hp_loss":0,"event_name":"World of Goop","floor":2,"gold_loss":0},{"damage_healed":0,"gold_gain":0,"player_choice":"Ignored","damage_taken":0,"max_hp_gain":0,"max_hp_loss":0,"event_name":"Liars Game","floor":4,"gold_loss":0}],"is_beta":false,"boss_relics":[],"items_purged_floors":[],"is_endless":false,"potions_floor_spawned":[3,8,12,14],"killed_by":"The Guardian","ascension_level":0}}