{"host":"rmsq46plbpwfbxcc","time":1613012156,"event":{"mods":["AchievementEnabler","BaseMod","Colored Map","Colored Powertips","DeckTracker","KOR Keyword Fix","Minty Spire (QoL Compilation)","Permanent Neow","Quick Restart","SuperFastMode"],"gold_per_floor":[109,109,109,126,176,176,208,220,220,220,236,236,236],"floor_reached":12,"language":"KOR","playtime":363,"items_purged":["Defend_G"],"score":148,"play_id":"f5da6e80-f090-4d9a-8324-8e983e25b660","local_time":"20210211115556","is_ascension_mode":true,"campfire_choices":[{"data":"Neutralize","floor":6.0,"key":"SMITH"},{"data":"Choke","floor":10,"key":"SMITH"}],"circlet_count":0,"master_deck":["AscendersBane","Strike_G","Strike_G","Strike_G","Strike_G","Strike_G","Defend_G","Defend_G","Defend_G","Defend_G","Survivor","Neutralize+1","CurseOfTheBell","Acrobatics","Pain","Escape Plan","Choke+1"],"relics":["Calling Bell","Smiling Mask","Eternal Feather","Ginger","SsserpentHead","WarpedTongs","HornCleat","Potion Belt"],"acts_visited":["Exordium"],"potions_floor_usage":[7],"damage_taken":[{"damage":0.0,"enemies":"Small Slimes","floor":1.0,"turns":5.0},{"damage":7.0,"enemies":"Cultist","floor":4.0,"turns":5.0},{"damage":31,"enemies":"Lagavulin","floor":7,"turns":10},{"damage":2,"enemies":"Jaw Worm","floor":8,"turns":4},{"damage":6,"enemies":"Blue Slaver","floor":11,"turns":5},{"damage":33,"enemies":"3 Sentries","floor":12,"turns":8}],"seed_played":"-7453191485978543466","potions_obtained":[{"floor":4.0,"key":"BlessingOfTheForge"},{"floor":11,"key":"SpeedPotion"}],"is_trial":false,"path_per_floor":["M","?","$","M","?","R","E","M","T","R","M","E"],"character_chosen":"THE_SILENT","items_purchased":[],"campfire_rested":0,"item_purchase_floors":[],"current_hp_per_floor":[59,59,59,52,52,61,30,28,28,37,31,0,0],"gold":236,"neow_bonus":"BOSS_RELIC","is_daily":false,"chose_seed":false,"campfire_upgraded":2,"win_rate":0.0,"timestamp":1613012156,"path_taken":["M","?","?","M","?","R","E","M","T","R","M","E"],"items_purchased_type":[],"build_version":"2020-12-22","purchased_purges":1,"victory":false,"max_hp_per_floor":[66,66,66,66,66,66,66,66,66,66,66,66,66],"card_choices":[{"not_picked":["Deflect","Calculated Gamble","Outmaneuver"],"picked":"SKIP","floor":1.0},{"not_picked":["Reflex","Prepared"],"picked":"Acrobatics","floor":4.0},{"not_picked":["Backflip","Endless Agony"],"picked":"Escape Plan","floor":7},{"not_picked":["Quick Slash","Deadly Poison"],"picked":"Choke","floor":8},{"not_picked":["Acrobatics","Flying Knee","Slice"],"picked":"SKIP","floor":11}],"player_experience":684981,"relics_obtained":[{"floor":0.0,"key":"Smiling Mask"},{"floor":0.0,"key":"Eternal Feather"},{"floor":0.0,"key":"Ginger"},{"floor":7,"key":"HornCleat"},{"floor":9,"key":"Potion Belt"}],"event_choices":[{"damage_healed":0.0,"max_hp_gain":0.0,"max_hp_loss":0.0,"gold_gain":0.0,"event_name":"FaceTrader","player_choice":"Trade","floor":2.0,"gold_loss":0.0,"damage_taken":0.0,"relics_obtained":["SsserpentHead"]},{"damage_healed":0.0,"max_hp_gain":0.0,"max_hp_loss":0.0,"gold_gain":0.0,"event_name":"Accursed Blacksmith","player_choice":"Rummage","floor":5.0,"gold_loss":0.0,"damage_taken":0.0,"relics_obtained":["WarpedTongs"],"cards_obtained":["Pain"]}],"is_beta":false,"boss_relics":[],"items_purged_floors":[3],"is_endless":false,"potions_floor_spawned":[4,11],"killed_by":"3 Sentries","ascension_level":18}}