{"host":"8d3fefv2347kqkpz","time":1613017387,"event":{"mods":["AchievementEnabler","Act Like it!","BaseMod","Better Vampires","Colored Map","Colored Powertips","Downfall","GifTheSpireLib","Highlight Path","Minty Spire (QoL Compilation)","Quick Restart","Rare Cards Sparkle","Relic Stats","Replay The Spire","Spicy Shops","StSLib","Waifu the Spire"],"gold_per_floor":[118,118,118,43,62,62,62,74,101,113,124,124,227,244,244,344,344,364,377,390,390,390,390,410,423,450,17,17,17,17,31,31,31,31],"floor_reached":33,"language":"ZHS","playtime":1074,"items_purged":["Strike_P","SandsOfTime"],"score":239,"play_id":"2f44728b-67a5-4c0b-af32-97c794ca2660","local_time":"20210211122307","is_ascension_mode":false,"campfire_choices":[{"data":"Vigilance","floor":6.0,"key":"SMITH"},{"data":"Adaptation","floor":15.0,"key":"SMITH"},{"floor":23,"key":"REST"},{"data":"FlurryOfBlows","floor":28,"key":"SMITH"},{"data":"FlurryOfBlows","floor":30,"key":"SMITH"},{"floor":32,"key":"REST"}],"circlet_count":0,"master_deck":["Strike_P","Strike_P+2","Defend_P","Defend_P","Eruption+1","Vigilance+1","Replay:BluntJabs+1","Adaptation+1","ClearTheMind+1","FlurryOfBlows+1","DeceiveReality+1","EmptyMind","FlurryOfBlows+1","Halt+1"],"relics":["PureWater","Blue Candle","Ornamental Fan","Gremlin Food","Simple Rune","Black Star","Vajra","Nunchaku","Pen Nib"],"acts_visited":["Exordium","TheCity"],"potions_floor_usage":[24,33,33],"damage_taken":[{"damage":0.0,"enemies":"2 Louse","floor":1.0,"turns":3.0},{"damage":1.0,"enemies":"Jaw Worm","floor":5.0,"turns":5.0},{"damage":0.0,"enemies":"Cultist","floor":8.0,"turns":3.0},{"damage":0.0,"enemies":"Blue Slaver","floor":10.0,"turns":3.0},{"damage":0.0,"enemies":"Looter","floor":11.0,"turns":3.0},{"damage":1.0,"enemies":"2 Fungi Beasts","floor":14.0,"turns":3.0},{"damage":21.0,"enemies":"Slime Boss","floor":16.0,"turns":10.0},{"damage":17.0,"enemies":"3 Byrds","floor":18.0,"turns":5.0},{"damage":1,"enemies":"Shell Parasite","floor":19,"turns":3},{"damage":15,"enemies":"Snake Plant","floor":20,"turns":6},{"damage":8,"enemies":"Cultist and Chosen","floor":24,"turns":5},{"damage":1,"enemies":"Snecko","floor":25,"turns":4},{"damage":0,"enemies":"Chosen and Byrds","floor":31,"turns":4},{"damage":87,"enemies":"Champ","floor":33,"turns":10}],"seed_played":"-4458392350726977965","potions_obtained":[{"floor":5.0,"key":"Block Potion"},{"floor":10.0,"key":"Swift Potion"},{"floor":14.0,"key":"Venom Potion"},{"floor":19,"key":"StancePotion"},{"floor":31,"key":"champ:CounterPotion"}],"is_trial":false,"path_per_floor":["M","?","T","$","M","R","?","M","T","M","M","?","?","M","R","B",null,"M","M","M","?","?","R","M","M","T","$","R","?","R","M","R","B"],"character_chosen":"WATCHER","items_purchased":["Halt+1","Nunchaku","Pen Nib"],"campfire_rested":2,"item_purchase_floors":[27,27,27],"current_hp_per_floor":[72,67,67,67,66,66,66,66,66,66,66,66,48,47,47,26,72,55,54,39,39,39,60,52,51,51,51,51,51,51,51,72,0,0],"gold":31,"neow_bonus":"UPGRADE_CARD","is_daily":false,"chose_seed":false,"campfire_upgraded":4,"win_rate":0.0,"timestamp":1613017387,"path_taken":["M","?","?","$","M","R","?","?","T","M","?","?","?","M","R","BOSS","M","M","M","?","?","R","M","M","T","$","R","?","R","M","R","BOSS"],"items_purchased_type":["Card","Relic","Relic"],"build_version":"2020-12-22","purchased_purges":2,"victory":false,"max_hp_per_floor":[72,72,72,72,72,72,72,72,72,72,72,72,72,72,72,72,72,72,72,72,72,72,72,72,72,72,72,72,72,72,72,72,72,72],"relic_stats":{"Nunchaku":[4],"counters":[14,67],"Ornamental Fan":[120],"Blue Candle":[0],"Pen Nib":[4],"Black Star":0,"obtain_stats":[{"Gremlin Food":9,"Nunchaku":27,"Ornamental Fan":3,"Blue Candle":2,"Vajra":26,"Simple Rune":13,"Pen Nib":27,"Black Star":17,"PureWater":0},{"Gremlin Food":3,"Nunchaku":12,"Ornamental Fan":1,"Blue Candle":1,"Vajra":12,"Simple Rune":5,"Pen Nib":12,"Black Star":7,"PureWater":0},{"Gremlin Food":11,"Nunchaku":53,"Ornamental Fan":3,"Blue Candle":3,"Vajra":53,"Simple Rune":17,"Pen Nib":53,"Black Star":30,"PureWater":0}]},"card_choices":[{"not_picked":["CutThroughFate","CrushJoints","Meditate"],"picked":"SKIP","floor":1.0},{"not_picked":["Replay:AtTheReady","Replay:Hum","CrushJoints"],"picked":"SKIP","floor":5.0},{"not_picked":["BowlingBash","CutThroughFate","FlyingSleeves"],"picked":"SKIP","floor":8.0},{"not_picked":["Protect","LessonLearned"],"picked":"Adaptation","floor":10.0},{"not_picked":["CrushJoints","FlyingSleeves","TalkToTheHand"],"picked":"SKIP","floor":11.0},{"not_picked":["WheelKick","Study"],"picked":"BowlingBash","floor":13.0},{"not_picked":["LikeWater","Replay:BluntJabs"],"picked":"ClearTheMind","floor":14.0},{"not_picked":["Vault","Wish"],"picked":"DevaForm","floor":16.0},{"not_picked":["Wireheading","Collect","Replay:Anticipation"],"picked":"SKIP","floor":18.0},{"not_picked":["SashWhip+1","Replay:AtTheReady"],"picked":"FlurryOfBlows","floor":19},{"not_picked":["SignatureMove","FlyingSleeves"],"picked":"DeceiveReality+1","floor":20},{"not_picked":["Protect+1","Replay:Hum"],"picked":"FlurryOfBlows","floor":24},{"not_picked":["Replay:DivineShield","Meditate","Replay:Hum+1"],"picked":"SKIP","floor":25},{"not_picked":["Evaluate","CutThroughFate+1","SashWhip+1"],"picked":"SKIP","floor":31}],"player_experience":351047,"relics_obtained":[{"floor":3.0,"key":"Ornamental Fan"},{"floor":9.0,"key":"Gremlin Food"},{"floor":13.0,"key":"Simple Rune"},{"floor":26,"key":"Vajra"}],"event_choices":[{"cards_removed":["Defend_P"],"damage_healed":0.0,"max_hp_gain":0.0,"max_hp_loss":0.0,"gold_gain":0.0,"event_name":"Living Wall","player_choice":"Forget","floor":12.0,"gold_loss":0.0,"damage_taken":0.0},{"damage_healed":0,"gold_gain":0,"cards_transformed":["Defend_P","BowlingBash"],"player_choice":"Became Test Subject","damage_taken":0,"max_hp_gain":0,"max_hp_loss":0,"event_name":"Drug Dealer","floor":21,"gold_loss":0,"cards_obtained":["SandsOfTime","EmptyMind"]},{"damage_healed":0,"gold_gain":0,"player_choice":"Ignored","damage_taken":0,"max_hp_gain":0,"max_hp_loss":0,"event_name":"Vampires","floor":22,"gold_loss":0},{"cards_removed":["DevaForm"],"damage_healed":0,"gold_gain":0,"player_choice":"Purged","damage_taken":0,"max_hp_gain":0,"max_hp_loss":0,"event_name":"Purifier","floor":29,"gold_loss":0}],"is_beta":false,"boss_relics":[{"not_picked":["Painkiller Herb","Abe\u0027s Treasure"],"picked":"Black Star"}],"items_purged_floors":[4,27],"is_endless":false,"potions_floor_spawned":[5,10,14,19,20,31],"killed_by":"Champ","ascension_level":0}}