{"host":"r458oihlpg8cxtvp","time":1613073286,"event":{"mods":["Act Like it!","Arknights","Aspiration","BaseMod","Challenge The Spire","Colored Powertips","Conspire","Dota2Spire","Hallownest","Minty Spire (QoL Compilation)","Relic Stats","Replay The Spire","Spicy Shops","StSLib","Wide Potions","[GremlinLeader]The Maniac","¡¾ÒÅÎï¿¨ÅÆ¡¿REMEMod"],"gold_per_floor":[115,131,227,227,240,267,267,267,340,340,34,34,66,78,78,183,183,202,220,220,220,309,373,418,418,472,82,124,169,231,288,288,423,423,435,350,275,305,305],"floor_reached":38,"language":"ZHS","playtime":2496,"items_purged":["Strike_G"],"score":522,"play_id":"f5322e12-ac64-4e69-b648-2b8cdc574522","local_time":"20210212035446","is_ascension_mode":false,"campfire_choices":[{"floor":7,"key":"REST"},{"floor":10,"key":"REST"},{"data":"Adrenaline","floor":12,"key":"SMITH"},{"data":"Envenom","floor":25,"key":"SMITH"},{"floor":32,"key":"REST"}],"circlet_count":0,"master_deck":["Strike_G","Strike_G","Strike_G","Strike_G","Defend_G+1","Defend_G","Defend_G","Defend_G","Defend_G","Survivor","Neutralize","Poisoned Stab","Blade Dance+1","Poisoned Stab","Adrenaline+1","Deflect+1","All Out Attack","Envenom+1","Outmaneuver+1","Noxious Fumes+1","Envenom+1","Outmaneuver+1","Accuracy","Poison Darts","Flying Knee+1","ReplayTheSpireMod:Shiv Toss","Replay:Bag of Tricks","Hallownest:skillKingdomsEdgeMap"],"relics":["Ring of the Snake","REME_ComplimentaryCards","Hallownest:DreamNailRelic","Dota2Spire:OctarineCore","Hallownest:TeacherSealRelic","Mercury Hourglass","Iron Hammer","Thread and Needle","conspire:RoyalGoblet","Dota2Spire:HandOfMidas","Dota2Spire:BladeMail","Pet Ghost","Gremlin Food","CaptainsWheel","Dota2Spire:CrimsonGuard","conspire:SpecialSausage"],"acts_visited":["Exordium","Hallownest:Greenpath","Hallownest:CityofTears"],"potions_floor_usage":[6,6,30,30,31,33,38],"damage_taken":[{"damage":3,"enemies":"Hallownest:monsterHuskGuard","floor":1,"turns":5},{"damage":5,"enemies":"Hallownest:2_Tiktiks_and_1_Crawlid","floor":2,"turns":5},{"damage":3,"enemies":"Hallownest:2_Baldur","floor":5,"turns":5},{"damage":16,"enemies":"Hallownest:eliteCrystalGuardian","floor":6,"turns":4},{"damage":0,"enemies":"Hallownest:eliteVengeflyKing","floor":13,"turns":4},{"damage":0,"enemies":"Hallownest:1_Ooma_and_2_Uuma","floor":14,"turns":5},{"damage":12,"enemies":"Hallownest:BossBrokenVessel","floor":16,"turns":8},{"damage":0,"enemies":"Hallownest:Guard_and_Sentry","floor":18,"turns":4},{"damage":11,"enemies":"Hallownest:3_Youths","floor":19,"turns":6},{"damage":0,"enemies":"Hallownest:Glutton_and_Coward","floor":22,"turns":4},{"damage":4,"enemies":"Hallownest:eliteSoulWarrior","floor":23,"turns":5},{"damage":2,"enemies":"Hallownest:Warrior_and_Youth","floor":24,"turns":5},{"damage":12,"enemies":"Hallownest:monsterMisterMushroom","floor":28,"turns":5},{"damage":16,"enemies":"Hallownest:3_Mistakes","floor":29,"turns":6},{"damage":3,"enemies":"Hallownest:eliteWatcherKnight","floor":30,"turns":10},{"damage":3,"enemies":"conspire:MimicChest","floor":31,"turns":4},{"damage":0,"enemies":"Hallownest:BossSoulMaster","floor":33,"turns":7},{"damage":3,"enemies":"Hallownest:Shield_Heavy","floor":35,"turns":4},{"damage":77,"enemies":"Hallownest:2_Primals","floor":38,"turns":5}],"seed_played":"-4878018434767780547","potions_obtained":[{"floor":2,"key":"Poison Potion"},{"floor":5,"key":"AttackPotion"},{"floor":19,"key":"Block Potion"},{"floor":22,"key":"FearPotion"},{"floor":24,"key":"Dota2Spire:Clarity"},{"floor":31,"key":"Toxic Potion"},{"floor":35,"key":"Poison Potion"}],"is_trial":false,"path_per_floor":["M","M","?","?","M","E","R","?","T","R","$","R","E","M","R","B",null,"M","M","?","?","M","E","M","R","T","$","M","M","E","?","R","B",null,"M","?","$","?"],"character_chosen":"THE_SILENT","items_purchased":["Iron Hammer","Deflect+1","Accuracy","Gremlin Food","Poison Darts"],"campfire_rested":3,"item_purchase_floors":[11,11,27,27,27],"current_hp_per_floor":[74,69,39,39,36,20,43,43,43,66,66,66,66,66,77,65,77,77,66,66,66,66,62,60,60,60,60,48,32,29,26,49,49,77,74,74,74,0,0],"gold":305,"neow_bonus":"TEN_PERCENT_HP_BONUS","is_daily":false,"chose_seed":false,"campfire_upgraded":2,"win_rate":0.0,"timestamp":1613073286,"path_taken":["M","M","?","?","?","E","R","?","T","R","$","R","E","M","R","BOSS","M","M","?","?","M","E","M","R","T","$","M","M","E","?","R","BOSS","M","?","$","?"],"items_purchased_type":["Relic","Card","Card","Relic","Card"],"build_version":"2020-12-22","purchased_purges":1,"victory":false,"max_hp_per_floor":[77,77,77,77,77,77,77,77,77,77,77,77,77,77,77,77,77,77,77,77,77,77,77,77,77,77,77,77,77,77,77,77,77,77,77,77,77,77,77],"relic_stats":{"counters":[19,99],"obtain_stats":[{"Gremlin Food":27,"Dota2Spire:HandOfMidas":20,"conspire:RoyalGoblet":17,"Thread and Needle":13,"conspire:SpecialSausage":34,"Hallownest:DreamNailRelic":4,"Pet Ghost":26,"Mercury Hourglass":9,"CaptainsWheel":30,"Dota2Spire:CrimsonGuard":31,"Dota2Spire:BladeMail":23,"Iron Hammer":11,"Dota2Spire:OctarineCore":6,"Hallownest:TeacherSealRelic":8,"Ring of the Snake":0,"REME_ComplimentaryCards":0},{"Gremlin Food":12,"Dota2Spire:HandOfMidas":9,"conspire:RoyalGoblet":7,"Thread and Needle":5,"conspire:SpecialSausage":17,"Hallownest:DreamNailRelic":2,"Pet Ghost":12,"Mercury Hourglass":4,"CaptainsWheel":15,"Dota2Spire:CrimsonGuard":16,"Dota2Spire:BladeMail":11,"Iron Hammer":4,"Dota2Spire:OctarineCore":4,"Hallownest:TeacherSealRelic":4,"Ring of the Snake":0,"REME_ComplimentaryCards":0},{"Gremlin Food":59,"Dota2Spire:HandOfMidas":46,"conspire:RoyalGoblet":36,"Thread and Needle":23,"conspire:SpecialSausage":90,"Hallownest:DreamNailRelic":10,"Pet Ghost":59,"Mercury Hourglass":19,"CaptainsWheel":79,"Dota2Spire:CrimsonGuard":83,"Dota2Spire:BladeMail":54,"Iron Hammer":19,"Dota2Spire:OctarineCore":19,"Hallownest:TeacherSealRelic":19,"Ring of the Snake":0,"REME_ComplimentaryCards":0}],"Ring of the Snake":[38],"Mercury Hourglass":[319]},"card_choices":[{"not_picked":["REME_ShadowStrike","Dagger Spray"],"picked":"Poisoned Stab","floor":1},{"not_picked":["Backflip","Underhanded Strike","Hidden Blade"],"picked":"SKIP","floor":2},{"not_picked":["REME_ShadowStrike","Expertise"],"picked":"Blade Dance","floor":3},{"not_picked":["ReplayTheSpireMod:The Works","Heel Hook"],"picked":"Poisoned Stab","floor":5},{"not_picked":["All Out Attack","Well Laid Plans"],"picked":"Adrenaline","floor":6},{"not_picked":["Phantasmal Killer","ReplayTheSpireMod:The Works","PiercingWail"],"picked":"SKIP","floor":13},{"not_picked":["Footwork","PiercingWail"],"picked":"All Out Attack","floor":14},{"not_picked":["ReplayTheSpireMod:From All Sides","Bullet Time"],"picked":"Envenom","floor":16},{"not_picked":["Hidden Blade","Slice"],"picked":"Outmaneuver+1","floor":18},{"not_picked":["Dagger Throw+1","Endless Agony"],"picked":"Noxious Fumes+1","floor":19},{"not_picked":["Backflip","PiercingWail+1","Dagger Throw"],"picked":"SKIP","floor":22},{"not_picked":["REME_GreenPollution","Sneak Up+1"],"picked":"Outmaneuver+1","floor":23},{"not_picked":["Dagger Throw","Distraction","Dagger Spray"],"picked":"SKIP","floor":24},{"not_picked":["Slice","Deadly Poison+1"],"picked":"Flying Knee+1","floor":28},{"not_picked":["Slice+1","Concentrate+1","Prepared"],"picked":"SKIP","floor":29},{"not_picked":["Cloak And Dagger","Night Terror"],"picked":"ReplayTheSpireMod:Shiv Toss","floor":30},{"not_picked":["After Image","Wraith Form v2"],"picked":"Replay:Bag of Tricks","floor":33},{"not_picked":["Sneak Up","Well Laid Plans+1","Hidden Blade+1"],"picked":"SKIP","floor":35}],"player_experience":86452,"relics_obtained":[{"floor":6,"key":"Dota2Spire:OctarineCore"},{"floor":9,"key":"Mercury Hourglass"},{"floor":13,"key":"Thread and Needle"},{"floor":23,"key":"Dota2Spire:BladeMail"},{"floor":26,"key":"Pet Ghost"},{"floor":30,"key":"CaptainsWheel"},{"floor":31,"key":"Dota2Spire:CrimsonGuard"}],"event_choices":[],"is_beta":false,"boss_relics":[{"not_picked":["aspiration:DefectSkillbook","Snecko Eye"],"picked":"conspire:RoyalGoblet"},{"not_picked":["ReplayTheSpireMod:DimensionalGlitch","aspiration:FutureDiary"],"picked":"conspire:SpecialSausage"}],"items_purged_floors":[37],"is_endless":false,"potions_floor_spawned":[2,5,19,22,24,29,31,35],"killed_by":"Hallownest:2_Primals","ascension_level":0}}