{"host":"5jdby9iqu3ct6557","time":1613076965,"event":{"mods":["BaseMod","DeckTracker","Highlight Path","Minty Spire (QoL Compilation)","Relic Stats","StSLib","ojb\u0027s Info Mod"],"gold_per_floor":[113,163,29,44,62,62,76,108,108,124,124,139,139,164,164,239,239,252,252,270,285,300,300,21,21,48,64,92,92,192,218,218,218,218],"floor_reached":33,"language":"ENG","playtime":4729,"items_purged":["Strike_B"],"score":644,"play_id":"6f16157f-efe0-4245-a53f-6675d89acb73","local_time":"20210211155605","is_ascension_mode":true,"campfire_choices":[{"data":"Beam Cell","floor":6.0,"key":"SMITH"},{"floor":11.0,"key":"REST"},{"floor":13.0,"key":"REST"},{"data":"Chaos","floor":15.0,"key":"SMITH"},{"floor":23.0,"key":"REST"},{"floor":25.0,"key":"REST"},{"data":"Defragment","floor":32,"key":"SMITH"}],"circlet_count":0,"master_deck":["AscendersBane","Strike_B","Defend_B","Defend_B","Defend_B","Defend_B","Zap+1","Dualcast","Genetic Algorithm","Rip and Tear","Beam Cell+1","Compile Driver","Coolheaded+1","Reinforced Body","Chaos+1","Rainbow","Creative AI","Go for the Eyes+1","FTL+1","Barrage+1","Defragment+1","Doom and Gloom+1","Heatsinks","Skim","Sunder+1"],"relics":["Nuclear Battery","War Paint","Anchor","Molten Egg 2","Philosopher\u0027s Stone","Sling","Pantograph","Mango","Gremlin Horn","Blood Vial"],"acts_visited":["Exordium","TheCity"],"potions_floor_usage":[33],"damage_taken":[{"damage":6.0,"enemies":"2 Louse","floor":1.0,"turns":4.0},{"damage":1.0,"enemies":"Cultist","floor":4.0,"turns":3.0},{"damage":2.0,"enemies":"Jaw Worm","floor":5.0,"turns":3.0},{"damage":6.0,"enemies":"Blue Slaver","floor":7.0,"turns":3.0},{"damage":32.0,"enemies":"Gremlin Nob","floor":8.0,"turns":4.0},{"damage":9.0,"enemies":"2 Fungi Beasts","floor":10.0,"turns":4.0},{"damage":0.0,"enemies":"Looter","floor":12.0,"turns":3.0},{"damage":12.0,"enemies":"Lagavulin","floor":14.0,"turns":7.0},{"damage":16.0,"enemies":"Slime Boss","floor":16.0,"turns":6.0},{"damage":3.0,"enemies":"Chosen","floor":18.0,"turns":4.0},{"damage":17.0,"enemies":"3 Byrds","floor":20.0,"turns":5.0},{"damage":21.0,"enemies":"3 Cultists","floor":21.0,"turns":6.0},{"damage":1.0,"enemies":"Chosen and Byrds","floor":22.0,"turns":5.0},{"damage":19.0,"enemies":"Shelled Parasite and Fungi","floor":27.0,"turns":5.0},{"damage":12.0,"enemies":"Slavers","floor":28.0,"turns":4.0},{"damage":0.0,"enemies":"Colosseum Slavers","floor":30.0,"turns":3.0},{"damage":0.0,"enemies":"Colosseum Nobs","floor":30.0,"turns":4.0},{"damage":0.0,"enemies":"Gremlin Leader","floor":31.0,"turns":4.0},{"damage":83,"enemies":"Collector","floor":33,"turns":7}],"seed_played":"-2556113396062577572","potions_obtained":[{"floor":7.0,"key":"Energy Potion"},{"floor":8.0,"key":"Explosive Potion"},{"floor":14.0,"key":"SteroidPotion"},{"floor":16.0,"key":"LiquidMemories"},{"floor":21.0,"key":"DistilledChaos"},{"floor":28.0,"key":"AttackPotion"},{"floor":30.0,"key":"Weak Potion"}],"is_trial":false,"path_per_floor":["M","?","$","M","M","R","M","E","T","M","R","M","R","E","R","B",null,"M","?","M","M","M","R","$","R","T","M","E","?","?","E","R","B"],"character_chosen":"DEFECT","items_purchased":["Rip and Tear","Beam Cell","Sling","Defragment"],"campfire_rested":4,"item_purchase_floors":[3,3,24,24],"current_hp_per_floor":[58,58,58,57,55,55,49,17,17,8,29,29,50,38,38,22,59,56,50,33,12,11,32,32,53,53,34,22,22,36,36,36,0,0],"gold":218,"neow_bonus":"BOSS_RELIC","is_daily":false,"chose_seed":false,"campfire_upgraded":3,"win_rate":0.0,"timestamp":1613076965,"path_taken":["M","?","?","M","M","R","?","E","T","M","R","M","R","E","R","BOSS","M","?","?","M","M","R","$","R","T","?","E","?","?","E","R","BOSS"],"items_purchased_type":["Card","Card","Relic","Card"],"build_version":"2020-12-22","purchased_purges":1,"victory":false,"max_hp_per_floor":[71,71,71,71,71,71,71,71,71,71,71,71,71,71,71,71,71,71,71,71,71,71,71,71,71,71,71,71,71,85,85,85,85,85],"relic_stats":{"Blood Vial":2,"Gremlin Horn":[7,7],"counters":[19,84],"Pantograph":25,"War Paint":["Coolheaded","Zap"],"obtain_stats":[{"Blood Vial":31,"Anchor":9,"Gremlin Horn":30,"Pantograph":28,"Molten Egg 2":14,"Philosopher\u0027s Stone":17,"Mango":30,"War Paint":8,"Cracked Core":0,"Sling":24,"Nuclear Battery":0},{"Blood Vial":18,"Anchor":5,"Gremlin Horn":17,"Pantograph":15,"Molten Egg 2":8,"Philosopher\u0027s Stone":9,"Mango":17,"War Paint":5,"Cracked Core":0,"Sling":13,"Nuclear Battery":0},{"Blood Vial":77,"Anchor":17,"Gremlin Horn":73,"Pantograph":66,"Molten Egg 2":31,"Philosopher\u0027s Stone":37,"Mango":73,"War Paint":17,"Cracked Core":0,"Sling":57,"Nuclear Battery":0}]},"card_choices":[{"not_picked":["Rebound","Tempest"],"picked":"Genetic Algorithm","floor":1.0},{"not_picked":["Sweeping Beam","Streamline"],"picked":"Compile Driver","floor":4.0},{"not_picked":["Streamline","Leap"],"picked":"Coolheaded","floor":5.0},{"not_picked":["Rebound","Barrage"],"picked":"Reinforced Body","floor":7.0},{"not_picked":["Loop","Stack"],"picked":"Chaos","floor":8.0},{"not_picked":["Gash","Glacier"],"picked":"Rainbow","floor":10.0},{"not_picked":["Streamline+1","BootSequence","Scrape+1"],"picked":"SKIP","floor":14.0},{"not_picked":["All For One+1","Machine Learning"],"picked":"Creative AI","floor":16.0},{"not_picked":["Blizzard+1","Glacier"],"picked":"Go for the Eyes+1","floor":20.0},{"not_picked":["Static Discharge+1","Recycle"],"picked":"FTL+1","floor":21.0},{"not_picked":["Cold Snap+1","Scrape+1"],"picked":"Barrage+1","floor":22.0},{"not_picked":["Barrage+1","Auto Shields"],"picked":"Doom and Gloom+1","floor":27.0},{"not_picked":["Cold Snap+1","Ball Lightning+1"],"picked":"Sunder+1","floor":30.0}],"player_experience":2661991,"relics_obtained":[{"floor":8.0,"key":"War Paint"},{"floor":9.0,"key":"Anchor"},{"floor":14.0,"key":"Molten Egg 2"},{"floor":28.0,"key":"Pantograph"},{"floor":30.0,"key":"Mango"},{"floor":30.0,"key":"Gremlin Horn"},{"floor":31.0,"key":"Blood Vial"}],"event_choices":[{"damage_healed":0.0,"max_hp_gain":0.0,"max_hp_loss":0.0,"gold_gain":50.0,"event_name":"Golden Shrine","player_choice":"Pray","floor":2.0,"gold_loss":0.0,"damage_taken":0.0},{"damage_healed":0.0,"max_hp_gain":0.0,"max_hp_loss":0.0,"gold_gain":0.0,"event_name":"Knowing Skull","player_choice":"","floor":19.0,"potions_obtained":[],"gold_loss":0.0,"damage_taken":6.0,"cards_obtained":[]},{"damage_healed":0.0,"max_hp_gain":0.0,"max_hp_loss":0.0,"gold_gain":0.0,"cards_transformed":["Strike_B","Strike_B"],"event_name":"Drug Dealer","player_choice":"Became Test Subject","floor":29.0,"gold_loss":0.0,"damage_taken":0.0,"cards_obtained":["Heatsinks","Skim"]},{"damage_healed":0.0,"max_hp_gain":0.0,"max_hp_loss":0.0,"gold_gain":0.0,"event_name":"Colosseum","player_choice":"Fight","floor":30.0,"gold_loss":0.0,"damage_taken":0.0},{"damage_healed":0.0,"max_hp_gain":0.0,"max_hp_loss":0.0,"gold_gain":0.0,"event_name":"Colosseum","player_choice":"Fought Nobs","floor":30.0,"gold_loss":0.0,"damage_taken":0.0}],"is_beta":false,"boss_relics":[{"not_picked":["Sozu","Tiny House"],"picked":"Philosopher\u0027s Stone"}],"items_purged_floors":[24],"is_endless":false,"potions_floor_spawned":[7,8,10,14,16,21,28,30,30],"killed_by":"Collector","ascension_level":20}}