{"host":"ifd7sfhtlbe34qll","time":1613024109,"event":{"mods":["2.2 Compatiblity","Act Like it!","Ascension Unlocker","BaseMod","Block Reminder","Colored Map","Curses Come First","Highlight Path","Minty Spire (QoL Compilation)","Potion Indicator Mod","Quick Restart","Random Character Button","Relic Stats","StSLib","SuperFastMode"],"gold_per_floor":[114,125,125,139,214,214,239,239,293,293,293],"floor_reached":10,"language":"ENG","playtime":255,"items_purged":[],"score":132,"play_id":"e988b296-8fd8-4834-8bea-d602af5803a4","local_time":"20210211001509","is_ascension_mode":true,"campfire_choices":[{"data":"Dash","floor":6,"key":"SMITH"},{"data":"All Out Attack","floor":8,"key":"SMITH"}],"circlet_count":0,"master_deck":["AscendersBane","Strike_G","Strike_G","Strike_G","Strike_G","Strike_G","Defend_G","Defend_G","Defend_G","Defend_G","Defend_G","Survivor","Neutralize","Dash+1","Skewer","All Out Attack+1","Infinite Blades"],"relics":["Ring of the Snake","Bag of Marbles","Centennial Puzzle"],"acts_visited":["Exordium"],"potions_floor_usage":[7,10],"damage_taken":[{"damage":6,"enemies":"Cultist","floor":1,"turns":5},{"damage":0,"enemies":"Jaw Worm","floor":2,"turns":3},{"damage":0,"enemies":"2 Louse","floor":4,"turns":2},{"damage":25,"enemies":"Gremlin Nob","floor":7,"turns":5},{"damage":33,"enemies":"Lagavulin","floor":10,"turns":8}],"seed_played":"3227254697489936099","potions_obtained":[{"floor":1,"key":"ColorlessPotion"},{"floor":2,"key":"Ancient Potion"}],"is_trial":false,"path_per_floor":["M","M","?","M","?","R","E","R","T","E"],"character_chosen":"THE_SILENT","items_purchased":[],"campfire_rested":0,"item_purchase_floors":[],"current_hp_per_floor":[59,59,64,64,53,53,28,28,28,0,0],"gold":293,"neow_bonus":"TEN_PERCENT_HP_BONUS","is_daily":false,"chose_seed":false,"campfire_upgraded":2,"win_rate":0.0,"timestamp":1613024109,"path_taken":["M","M","?","M","?","R","E","R","T","E"],"items_purchased_type":[],"build_version":"2020-12-22","purchased_purges":0,"victory":false,"max_hp_per_floor":[72,72,77,77,77,77,77,77,77,77,77],"relic_stats":{"Centennial Puzzle":[3],"counters":[5,23],"obtain_stats":[{"Centennial Puzzle":9,"Bag of Marbles":7,"Ring of the Snake":0},{"Centennial Puzzle":4,"Bag of Marbles":4,"Ring of the Snake":0},{"Centennial Puzzle":15,"Bag of Marbles":15,"Ring of the Snake":0}],"Ring of the Snake":[10]},"card_choices":[{"not_picked":["Calculated Gamble","Deflect"],"picked":"Dash","floor":1},{"not_picked":["PiercingWail","Well Laid Plans"],"picked":"Skewer","floor":2},{"not_picked":["Sucker Punch","Backflip"],"picked":"All Out Attack","floor":4},{"not_picked":["Riddle With Holes","Underhanded Strike"],"picked":"Infinite Blades","floor":7}],"player_experience":1465296,"relics_obtained":[{"floor":7,"key":"Bag of Marbles"},{"floor":9,"key":"Centennial Puzzle"}],"event_choices":[{"damage_healed":0,"gold_gain":0,"player_choice":"Donut","damage_taken":0,"max_hp_gain":5,"max_hp_loss":0,"event_name":"Big Fish","floor":3,"gold_loss":0},{"damage_healed":0,"gold_gain":75,"player_choice":"Gather Gold","damage_taken":11,"max_hp_gain":0,"max_hp_loss":0,"event_name":"World of Goop","floor":5,"gold_loss":0}],"is_beta":false,"boss_relics":[],"items_purged_floors":[],"is_endless":false,"potions_floor_spawned":[1,2],"killed_by":"Lagavulin","ascension_level":20}}