{"host":"a5lz0e76zb3fcwkm","time":1613028747,"event":{"mods":["AchievementEnabler","BaseMod","Colored Map","Colored Powertips","Minty Spire (QoL Compilation)","StSLib","SuperFastMode"],"gold_per_floor":[114,114,39,39,39,65,65,98,147,35,49,61,79,95,95,173,173,187,215,140,140,190,190,190,190,190,190,190,207,224,60,60,137,137,154,168,41,41,51,77,77,107,132,132,132,146,162,181,181,181,181],"floor_reached":50,"language":"KOR","playtime":1199,"items_purged":["Strike_G"],"score":1241,"play_id":"ec0124f5-58e5-4841-86a3-8a8cabdaa69e","local_time":"20210211163227","is_ascension_mode":true,"campfire_choices":[{"data":"Blade Dance","floor":7.0,"key":"SMITH"},{"data":"Strike_G","floor":15.0,"key":"PURGE"},{"data":"Cloak And Dagger","floor":23.0,"key":"SMITH"},{"data":"Venomology","floor":25.0,"key":"SMITH"},{"data":"Well Laid Plans","floor":32.0,"key":"SMITH"},{"floor":49,"key":"RECALL"}],"circlet_count":0,"master_deck":["AscendersBane","Defend_G","Defend_G","Defend_G","Defend_G","Survivor","Backstab","After Image","Blade Dance+1","Corpse Explosion","Accuracy","Blade Dance","Backflip","Cloak And Dagger+1","Venomology+1","Well Laid Plans+1","Acrobatics","Terror","After Image","Reflex","Acrobatics","PiercingWail+1","Escape Plan","Escape Plan","Blur"],"relics":["Ring of the Snake","NeowsBlessing","Nunchaku","Peace Pipe","MealTicket","Philosopher\u0027s Stone","Red Mask","Juzu Bracelet","Lee\u0027s Waffle","HoveringKite","Omamori","Dream Catcher"],"acts_visited":["Exordium","TheCity","TheBeyond"],"potions_floor_usage":[35,36,40,42,46,47,48,50,50,50],"damage_taken":[{"damage":0.0,"enemies":"Small Slimes","floor":1.0,"turns":1.0},{"damage":0.0,"enemies":"Lagavulin","floor":6.0,"turns":1.0},{"damage":0.0,"enemies":"3 Sentries","floor":8.0,"turns":1.0},{"damage":0.0,"enemies":"Cultist","floor":11.0,"turns":2.0},{"damage":2.0,"enemies":"Jaw Worm","floor":12.0,"turns":2.0},{"damage":13.0,"enemies":"Exordium Wildlife","floor":13.0,"turns":3.0},{"damage":0.0,"enemies":"Looter","floor":14.0,"turns":1.0},{"damage":8.0,"enemies":"The Guardian","floor":16.0,"turns":11.0},{"damage":12.0,"enemies":"Chosen","floor":18.0,"turns":5.0},{"damage":2.0,"enemies":"Masked Bandits","floor":19.0,"turns":2.0},{"damage":10.0,"enemies":"2 Thieves","floor":29.0,"turns":3.0},{"damage":0.0,"enemies":"3 Cultists","floor":30.0,"turns":2.0},{"damage":16.0,"enemies":"Automaton","floor":33.0,"turns":6.0},{"damage":8,"enemies":"3 Darklings","floor":35,"turns":4},{"damage":5,"enemies":"Orb Walker","floor":36,"turns":3},{"damage":7,"enemies":"3 Darklings","floor":39,"turns":3},{"damage":0,"enemies":"Giant Head","floor":40,"turns":4},{"damage":29,"enemies":"Reptomancer","floor":42,"turns":5},{"damage":11,"enemies":"Sphere and 2 Shapes","floor":46,"turns":4},{"damage":1,"enemies":"Maw","floor":47,"turns":6},{"damage":0,"enemies":"3 Darklings","floor":48,"turns":2},{"damage":79,"enemies":"Time Eater","floor":50,"turns":8}],"seed_played":"-4902250750888254941","potions_obtained":[{"floor":1.0,"key":"PowerPotion"},{"floor":11.0,"key":"GamblersBrew"},{"floor":14.0,"key":"PowerPotion"},{"floor":18.0,"key":"Block Potion"},{"floor":29.0,"key":"Strength Potion"},{"floor":33.0,"key":"FearPotion"}],"is_trial":false,"path_per_floor":["M","?","?","?","$","E","R","E","T","$","M","M","M","M","R","B",null,"M","?","?","?","?","R","?","R","T","?","?","M","M","$","R","B",null,"M","M","$","?","M","E","$","E","T","?","?","M","M","M","R","B"],"character_chosen":"THE_SILENT","items_purchased":["Accuracy","Blade Dance","Lee\u0027s Waffle","Acrobatics"],"campfire_rested":0,"item_purchase_floors":[10,10,31,37],"current_hp_per_floor":[59,52,52,52,52,52,52,52,52,66,66,64,51,51,51,43,60,48,46,46,46,46,46,28,28,28,28,28,18,18,78,78,62,74,66,61,76,74,67,67,74,45,45,45,74,63,74,74,74,0,0],"gold":181,"neow_bonus":"THREE_ENEMY_KILL","is_daily":false,"chose_seed":false,"campfire_upgraded":4,"win_rate":0.0,"timestamp":1613028747,"path_taken":["M","?","?","?","$","E","R","E","T","$","M","M","M","?","R","BOSS","M","?","?","?","?","R","?","R","T","?","?","M","M","$","R","BOSS","M","M","$","?","M","E","?","E","T","?","?","M","M","M","R","BOSS"],"items_purchased_type":["Card","Card","Relic","Card"],"build_version":"2020-12-22","purchased_purges":1,"victory":false,"max_hp_per_floor":[66,66,66,66,66,66,66,66,66,66,66,66,66,66,66,66,66,66,66,66,66,66,66,71,71,71,71,71,71,71,78,78,78,78,78,78,78,74,74,74,74,74,74,74,74,74,74,74,74,74,74],"card_choices":[{"not_picked":["Finisher","Setup"],"picked":"Backstab","floor":1.0},{"not_picked":["Infinite Blades","Cloak And Dagger"],"picked":"Blade Dance","floor":6.0},{"not_picked":["Reflex","Calculated Gamble"],"picked":"Corpse Explosion","floor":8.0},{"not_picked":["Prepared","Noxious Fumes","Flying Knee"],"picked":"SKIP","floor":11.0},{"not_picked":["Poisoned Stab","Backstab","Expertise"],"picked":"SKIP","floor":12.0},{"not_picked":["Flying Knee","Bane"],"picked":"Backflip","floor":13.0},{"not_picked":["Slice","Outmaneuver"],"picked":"Cloak And Dagger","floor":14.0},{"not_picked":["Unload","Glass Knife"],"picked":"Venomology","floor":16.0},{"not_picked":["Dodge and Roll","Acrobatics"],"picked":"Well Laid Plans","floor":18.0},{"not_picked":["Slice","Deadly Poison"],"picked":"Acrobatics","floor":19.0},{"not_picked":["Dagger Spray","Bane","Blade Dance"],"picked":"SKIP","floor":29.0},{"not_picked":["Riddle With Holes","Backstab","Underhanded Strike"],"picked":"SKIP","floor":30.0},{"not_picked":["Glass Knife","Venomology"],"picked":"After Image","floor":33.0},{"not_picked":["Crippling Poison","Quick Slash"],"picked":"Reflex","floor":35},{"not_picked":["Infinite Blades+1","Quick Slash","Backstab"],"picked":"SKIP","floor":36},{"not_picked":["Dagger Throw+1","Poisoned Stab"],"picked":"PiercingWail+1","floor":39},{"not_picked":["Noxious Fumes","Prepared"],"picked":"Escape Plan","floor":40},{"not_picked":["Bullet Time","Dodge and Roll"],"picked":"Escape Plan","floor":42},{"not_picked":["Flying Knee","Quick Slash"],"picked":"Blur","floor":46},{"not_picked":["Prepared","Poisoned Stab+1","Flying Knee"],"picked":"SKIP","floor":47},{"not_picked":["Poisoned Stab+1","Deflect","Deadly Poison"],"picked":"SKIP","floor":48}],"player_experience":1860591,"relics_obtained":[{"floor":6.0,"key":"Nunchaku"},{"floor":8.0,"key":"Peace Pipe"},{"floor":9.0,"key":"MealTicket"},{"floor":19.0,"key":"Red Mask"},{"floor":26.0,"key":"Juzu Bracelet"},{"floor":40,"key":"Omamori"},{"floor":42,"key":"Dream Catcher"}],"event_choices":[{"cards_removed":["Strike_G"],"damage_healed":0.0,"max_hp_gain":0.0,"max_hp_loss":0.0,"gold_gain":0.0,"event_name":"Golden Wing","player_choice":"Card Removal","floor":2.0,"gold_loss":0.0,"damage_taken":7.0},{"cards_removed":["Strike_G"],"damage_healed":0.0,"max_hp_gain":0.0,"max_hp_loss":0.0,"gold_gain":0.0,"event_name":"The Cleric","player_choice":"Card Removal","floor":3.0,"gold_loss":75.0,"damage_taken":0.0},{"damage_healed":0.0,"max_hp_gain":0.0,"max_hp_loss":0.0,"gold_gain":0.0,"cards_transformed":["Defend_G"],"event_name":"Transmorgrifier","player_choice":"Transformed","floor":4.0,"gold_loss":0.0,"damage_taken":0.0,"cards_obtained":["After Image"]},{"damage_healed":0.0,"max_hp_gain":0.0,"max_hp_loss":0.0,"gold_gain":0.0,"event_name":"Masked Bandits","player_choice":"Fought Bandits","floor":19.0,"gold_loss":0.0,"damage_taken":0.0},{"cards_removed":["Strike_G"],"damage_healed":0.0,"max_hp_gain":0.0,"max_hp_loss":0.0,"gold_gain":0.0,"event_name":"Beggar","player_choice":"Gave Gold","floor":20.0,"gold_loss":75.0,"damage_taken":0.0},{"damage_healed":0.0,"max_hp_gain":0.0,"max_hp_loss":0.0,"gold_gain":0.0,"event_name":"Vampires","player_choice":"Ignored","floor":21.0,"gold_loss":0.0,"damage_taken":0.0},{"damage_healed":0.0,"max_hp_gain":0.0,"max_hp_loss":0.0,"gold_gain":50.0,"event_name":"Nest","player_choice":"Stole From Cult","floor":22.0,"gold_loss":0.0,"damage_taken":0.0},{"damage_healed":0.0,"max_hp_gain":5.0,"max_hp_loss":0.0,"gold_gain":0.0,"event_name":"Forgotten Altar","player_choice":"Shed Blood","floor":24.0,"gold_loss":0.0,"damage_taken":23.0},{"damage_healed":0.0,"max_hp_gain":0.0,"max_hp_loss":0.0,"gold_gain":0.0,"event_name":"The Library","player_choice":"Read","floor":27.0,"gold_loss":0.0,"damage_taken":0.0,"cards_obtained":["Terror"]},{"damage_healed":0.0,"max_hp_gain":0.0,"max_hp_loss":0.0,"gold_gain":0.0,"event_name":"Ghosts","player_choice":"Ignored","floor":28.0,"gold_loss":0.0,"damage_taken":0.0},{"damage_healed":0,"gold_gain":0,"player_choice":"Max HP","damage_taken":0,"max_hp_gain":0,"max_hp_loss":4,"event_name":"Winding Halls","floor":38,"gold_loss":0},{"cards_removed":["Neutralize"],"damage_healed":0,"gold_gain":0,"player_choice":"Removed Attack","damage_taken":0,"max_hp_gain":0,"max_hp_loss":0,"event_name":"Falling","floor":44,"gold_loss":0},{"damage_healed":29,"gold_gain":0,"player_choice":"Heal","damage_taken":0,"max_hp_gain":0,"max_hp_loss":0,"event_name":"MindBloom","floor":45,"gold_loss":0,"cards_obtained":["Doubt"]}],"is_beta":false,"boss_relics":[{"not_picked":["Fusion Hammer","Astrolabe"],"picked":"Philosopher\u0027s Stone"},{"not_picked":["Runic Pyramid","Snecko Eye"],"picked":"HoveringKite"}],"items_purged_floors":[37],"is_endless":false,"potions_floor_spawned":[1,11,12,14,18,29,33,36,46],"killed_by":"Time Eater","ascension_level":20}}