{"host":"siu98xj5u8nq6xdu","time":1613004030,"event":{"mods":["AchievementEnabler","BaseMod","Colored Map","Colored Powertips","Minty Spire (QoL Compilation)"],"gold_per_floor":[360,380,380,392,109,109,139,139,139,139,167,183,183,215,215,311,311,326,241,251,264,13,13,30,61,84,84,84],"floor_reached":27,"language":"ENG","playtime":2521,"items_purged":["Strike_B","Strike_B"],"score":389,"play_id":"16ecf3c7-162d-483a-a392-8c4fd29b947d","local_time":"20210210194030","is_ascension_mode":true,"campfire_choices":[{"data":"Defragment","floor":6.0,"key":"SMITH"},{"data":"Loop","floor":8.0,"key":"SMITH"},{"floor":13.0,"key":"REST"},{"data":"Buffer","floor":15,"key":"SMITH"},{"floor":23,"key":"REST"}],"circlet_count":0,"master_deck":["AscendersBane","Strike_B","Strike_B","Defend_B","Defend_B+1","Defend_B","Defend_B+1","Zap","Dualcast","Defragment+1","Coolheaded","Capacitor","Cold Snap","Loop+1","Parasite","Turbo","Capacitor","Buffer+1","Rainbow","Streamline","Ball Lightning","Ball Lightning+1","Self Repair+1"],"relics":["Cracked Core","Kunai","Toy Ornithopter","Blue Candle","Pen Nib","Pantograph","War Paint","Velvet Choker","Bronze Scales","Art of War","Orichalcum","Nunchaku"],"acts_visited":["TheCity"],"potions_floor_usage":[24,25],"damage_taken":[{"damage":11.0,"enemies":"Small Slimes","floor":1.0,"turns":4.0},{"damage":8.0,"enemies":"Jaw Worm","floor":2.0,"turns":4.0},{"damage":6.0,"enemies":"2 Louse","floor":4.0,"turns":3.0},{"damage":3.0,"enemies":"Lagavulin","floor":7.0,"turns":6.0},{"damage":32.0,"enemies":"Gremlin Nob","floor":11.0,"turns":6.0},{"damage":7.0,"enemies":"Exordium Thugs","floor":12.0,"turns":3.0},{"damage":14,"enemies":"3 Sentries","floor":14,"turns":9},{"damage":33,"enemies":"The Guardian","floor":16,"turns":12},{"damage":8,"enemies":"Spheric Guardian","floor":18,"turns":5},{"damage":0,"enemies":"Chosen","floor":20,"turns":5},{"damage":20,"enemies":"Sentry and Sphere","floor":21,"turns":7},{"damage":7,"enemies":"Cultist and Chosen","floor":24,"turns":5},{"damage":29,"enemies":"Gremlin Leader","floor":25,"turns":7},{"damage":25,"enemies":"Slavers","floor":27,"turns":1}],"seed_played":"3996760811505407502","potions_obtained":[{"floor":1.0,"key":"SkillPotion"},{"floor":7.0,"key":"Strength Potion"},{"floor":14,"key":"Ancient Potion"},{"floor":16,"key":"DuplicationPotion"}],"is_trial":false,"path_per_floor":["M","M","?","M","$","R","E","R","T","?","E","M","R","E","R","B",null,"M","?","M","M","$","R","M","E","T","E"],"character_chosen":"DEFECT","items_purchased":["Toy Ornithopter","Cold Snap","Art of War"],"campfire_rested":2,"item_purchase_floors":[5,5,22],"current_hp_per_floor":[57,49,42,36,36,36,38,38,38,55,28,21,41,27,27,19,56,48,48,48,28,28,48,46,22,22,0,0],"gold":84,"neow_bonus":"TWO_FIFTY_GOLD","is_daily":false,"chose_seed":false,"campfire_upgraded":3,"win_rate":0.0,"timestamp":1613004030,"path_taken":["M","M","?","M","$","R","E","R","T","?","E","M","R","E","R","BOSS","M","?","M","M","$","R","M","E","T","E"],"items_purchased_type":["Relic","Card","Relic"],"build_version":"2020-12-22","purchased_purges":2,"victory":false,"max_hp_per_floor":[68,68,68,68,68,68,68,68,68,68,68,68,68,68,68,68,68,68,68,68,68,68,68,68,68,68,68,68],"card_choices":[{"not_picked":["Cold Snap","Rebound"],"picked":"Defragment","floor":1.0},{"not_picked":["Melter","Steam"],"picked":"Coolheaded","floor":2.0},{"not_picked":["Turbo","Steam"],"picked":"Capacitor","floor":4.0},{"not_picked":["Rip and Tear","Streamline"],"picked":"Loop","floor":7.0},{"not_picked":["Steam","Compile Driver"],"picked":"Turbo","floor":11.0},{"not_picked":["White Noise","Barrage"],"picked":"Capacitor","floor":12.0},{"not_picked":["Hyperbeam","Rebound"],"picked":"Buffer","floor":14},{"not_picked":["Multi-Cast","Buffer"],"picked":"Rainbow","floor":16},{"not_picked":["Steam+1","Hologram+1","Sweeping Beam"],"picked":"SKIP","floor":18},{"not_picked":["Scrape","Fission"],"picked":"Streamline","floor":20},{"not_picked":["Turbo","Steam"],"picked":"Ball Lightning","floor":21},{"not_picked":["White Noise","Hologram"],"picked":"Ball Lightning+1","floor":24},{"not_picked":["Leap","Auto Shields"],"picked":"Self Repair+1","floor":25}],"player_experience":743147,"relics_obtained":[{"floor":7.0,"key":"Blue Candle"},{"floor":9.0,"key":"Pen Nib"},{"floor":11.0,"key":"Pantograph"},{"floor":14,"key":"War Paint"},{"floor":25,"key":"Orichalcum"},{"floor":26,"key":"Nunchaku"}],"event_choices":[{"damage_healed":0.0,"max_hp_gain":0.0,"max_hp_loss":0.0,"gold_gain":0.0,"event_name":"Scrap Ooze","player_choice":"Success","floor":3.0,"gold_loss":0.0,"damage_taken":7.0,"relics_obtained":["Kunai"]},{"damage_healed":17.0,"max_hp_gain":0.0,"max_hp_loss":0.0,"gold_gain":0.0,"event_name":"Mushrooms","player_choice":"Healed and dodged fight","floor":10.0,"gold_loss":0.0,"damage_taken":0.0,"cards_obtained":["Parasite"]},{"damage_healed":0,"gold_gain":0,"player_choice":"Obtained Relic","damage_taken":0,"relics_obtained":["Bronze Scales"],"max_hp_gain":0,"max_hp_loss":0,"event_name":"Addict","floor":19,"gold_loss":85}],"is_beta":false,"boss_relics":[{"not_picked":["Fusion Hammer","Nuclear Battery"],"picked":"Velvet Choker"}],"items_purged_floors":[5,22],"is_endless":false,"potions_floor_spawned":[1,7,14,16,20],"killed_by":"Slavers","ascension_level":11}}