{"host":"3mdjmozz5rahgtdc","time":1613059331,"event":{"mods":["AchievementEnabler","BaseMod","Better Silent Start","Better-Laid Plans","Colored Map","Colored Powertips","Custom Start","DeckTracker","Emptier Cage","KOR Keyword Fix","Keyboard Shortcuts","Minty Spire (QoL Compilation)","Permanent Neow","Quick Restart","StSLib","SuperFastMode"],"gold_per_floor":[113,123,44,55,73,73,98,98,98,116,134,134,84,103,103,205,205,225,236,236,56,75,108,108,108,108,128,142,173,193,193,193,290,290,301,6,20,20,20,20,120,139,139,15,46,46,76,90,90,90],"floor_reached":51,"language":"KOR","playtime":2450,"items_purged":["Defend_P","Strike_P"],"score":1149,"play_id":"0af4a512-9c62-434f-94bf-b5d4eb19a3a9","local_time":"20210212010211","is_ascension_mode":true,"campfire_choices":[{"data":"Eruption","floor":6.0,"key":"SMITH"},{"data":"Adaptation","floor":12.0,"key":"SMITH"},{"data":"InnerPeace","floor":15.0,"key":"SMITH"},{"data":"TalkToTheHand","floor":24.0,"key":"SMITH"},{"data":"MentalFortress","floor":32.0,"key":"SMITH"},{"data":"Vault","floor":40.0,"key":"SMITH"},{"data":"FlurryOfBlows","floor":46.0,"key":"SMITH"},{"data":"TalkToTheHand","floor":49.0,"key":"SMITH"}],"circlet_count":0,"master_deck":["Strike_P","Defend_P","Defend_P","Eruption+1","Vigilance","EmptyFist","FlurryOfBlows+1","Adaptation+1","InnerPeace+1","Tantrum","SpiritShield","Halt+1","TalkToTheHand+1","Adaptation+1","WaveOfTheHand+1","Halt+1","WreathOfFlame","MentalFortress+1","Vault+1","Indignation+1","TalkToTheHand+1"],"relics":["VioletLotus","Odd Mushroom","Prayer Wheel","Bird Faced Urn","Cursed Key","DollysMirror","Nunchaku","Bottled Tornado","Runic Pyramid","Membership Card","Anchor","OrangePellets","Bag of Marbles","HornCleat"],"acts_visited":["Exordium","TheCity","TheBeyond"],"potions_floor_usage":[50],"damage_taken":[{"damage":7.0,"enemies":"Cultist","floor":1.0,"turns":3.0},{"damage":0.0,"enemies":"Jaw Worm","floor":2.0,"turns":3.0},{"damage":5.0,"enemies":"Small Slimes","floor":4.0,"turns":4.0},{"damage":1.0,"enemies":"3 Louse","floor":5.0,"turns":4.0},{"damage":11.0,"enemies":"The Mushroom Lair","floor":7.0,"turns":5.0},{"damage":4.0,"enemies":"Red Slaver","floor":10.0,"turns":4.0},{"damage":5.0,"enemies":"Large Slime","floor":11.0,"turns":3.0},{"damage":2.0,"enemies":"3 Louse","floor":14.0,"turns":2.0},{"damage":0.0,"enemies":"Slime Boss","floor":16.0,"turns":4.0},{"damage":9.0,"enemies":"Shell Parasite","floor":18.0,"turns":5.0},{"damage":9.0,"enemies":"2 Thieves","floor":19.0,"turns":2.0},{"damage":2.0,"enemies":"Cultist and Chosen","floor":22.0,"turns":5.0},{"damage":0.0,"enemies":"Gremlin Leader","floor":23.0,"turns":5.0},{"damage":0.0,"enemies":"3 Cultists","floor":27.0,"turns":4.0},{"damage":21.0,"enemies":"Sentry and Sphere","floor":28.0,"turns":5.0},{"damage":1.0,"enemies":"Book of Stabbing","floor":29.0,"turns":3.0},{"damage":0.0,"enemies":"Centurion and Healer","floor":30.0,"turns":4.0},{"damage":12.0,"enemies":"Collector","floor":33.0,"turns":9.0},{"damage":0.0,"enemies":"Orb Walker","floor":35.0,"turns":3.0},{"damage":14.0,"enemies":"3 Darklings","floor":37.0,"turns":4.0},{"damage":4.0,"enemies":"Writhing Mass","floor":42.0,"turns":7.0},{"damage":0.0,"enemies":"Nemesis","floor":45.0,"turns":6.0},{"damage":4.0,"enemies":"Reptomancer","floor":47.0,"turns":4.0},{"damage":0.0,"enemies":"Jaw Worm Horde","floor":48.0,"turns":3.0},{"damage":21,"enemies":"Time Eater","floor":50,"turns":7}],"seed_played":"3320681319793788847","potions_obtained":[{"floor":4.0,"key":"SpeedPotion"},{"floor":7.0,"key":"Weak Potion"},{"floor":10.0,"key":"Ancient Potion"},{"floor":14.0,"key":"Energy Potion"},{"floor":23.0,"key":"StancePotion"},{"floor":35.0,"key":"LiquidMemories"},{"floor":37.0,"key":"BlessingOfTheForge"},{"floor":48.0,"key":"Fruit Juice"}],"is_trial":false,"path_per_floor":["M","M","$","M","M","R","?","?","T","M","M","R","?","M","R","B",null,"M","M","?","$","M","E","R","?","T","M","M","E","M","?","R","B",null,"M","$","M","?","?","R","?","M","T","$","E","R","E","M","R","B",null],"character_chosen":"WATCHER","items_purchased":["Adaptation","TalkToTheHand","DollysMirror","Membership Card","Anchor","OrangePellets"],"campfire_rested":0,"item_purchase_floors":[3,21,21,36,36,44],"current_hp_per_floor":[58,58,58,53,52,52,41,34,34,32,29,29,29,29,29,31,62,55,48,48,48,50,54,54,54,54,58,41,44,48,48,48,42,65,71,71,60,50,50,50,50,52,52,52,58,58,60,71,71,55],"gold":90,"neow_bonus":"BOSS_RELIC","is_daily":false,"chose_seed":false,"campfire_upgraded":8,"win_rate":0.0,"timestamp":1613059331,"path_taken":["M","M","$","?","M","R","?","?","T","M","M","R","?","M","R","BOSS","M","M","?","$","?","E","R","?","T","M","?","E","M","?","R","BOSS","M","$","M","?","?","R","?","M","T","$","E","R","E","M","R","BOSS"],"items_purchased_type":["Card","Card","Relic","Relic","Relic","Relic"],"build_version":"2020-12-22","purchased_purges":2,"victory":true,"max_hp_per_floor":[72,72,72,72,72,72,72,72,72,72,72,72,72,72,72,72,72,72,72,72,72,72,72,72,72,72,72,72,72,72,72,72,72,72,72,72,72,72,68,68,68,68,68,68,68,68,68,73,73,73],"card_choices":[{"not_picked":["ClearTheMind","FlyingSleeves"],"picked":"EmptyFist","floor":1.0},{"not_picked":["FollowUp","ClearTheMind"],"picked":"FlurryOfBlows","floor":2.0},{"not_picked":["Protect","DeceiveReality","Evaluate"],"picked":"SKIP","floor":4.0},{"not_picked":["SashWhip","ClearTheMind","MasterReality"],"picked":"SKIP","floor":5.0},{"not_picked":["FollowUp","WindmillStrike"],"picked":"InnerPeace","floor":10.0},{"not_picked":["DeceiveReality","Indignation"],"picked":"Tantrum","floor":10.0},{"not_picked":["ForeignInfluence","CutThroughFate","FlurryOfBlows"],"picked":"SKIP","floor":11.0},{"not_picked":["FlyingSleeves","Nirvana","WindmillStrike"],"picked":"SKIP","floor":11.0},{"not_picked":["WindmillStrike","WaveOfTheHand","CarveReality"],"picked":"SKIP","floor":14.0},{"not_picked":["FlyingSleeves","Consecrate","ClearTheMind"],"picked":"SKIP","floor":14.0},{"not_picked":["Brilliance","MasterReality"],"picked":"SpiritShield","floor":16.0},{"not_picked":["Nirvana","Prostrate"],"picked":"Halt","floor":18.0},{"not_picked":["LikeWater","ForeignInfluence","JustLucky+1"],"picked":"SKIP","floor":18.0},{"not_picked":["Nirvana+1","Weave","CutThroughFate"],"picked":"SKIP","floor":19.0},{"not_picked":["WheelKick","Perseverance","CutThroughFate"],"picked":"SKIP","floor":19.0},{"not_picked":["DeusExMachina","Evaluate+1","BowlingBash"],"picked":"SKIP","floor":22.0},{"not_picked":["Conclude","Sanctity","FlurryOfBlows"],"picked":"SKIP","floor":22.0},{"not_picked":["Indignation","Nirvana"],"picked":"WaveOfTheHand+1","floor":23.0},{"not_picked":["ReachHeaven","CarveReality"],"picked":"Halt+1","floor":27.0},{"not_picked":["FlurryOfBlows","ClearTheMind","Wallop"],"picked":"SKIP","floor":27.0},{"not_picked":["Consecrate","EmptyBody+1","Collect+1"],"picked":"SKIP","floor":28.0},{"not_picked":["PathToVictory","EmptyFist+1","Wallop"],"picked":"SKIP","floor":28.0},{"not_picked":["Omniscience","Wallop","JustLucky+1"],"picked":"SKIP","floor":29.0},{"not_picked":["Fasting2","CrushJoints","JustLucky+1"],"picked":"SKIP","floor":30.0},{"not_picked":["WaveOfTheHand","Crescendo","WreathOfFlame+1"],"picked":"SKIP","floor":30.0},{"not_picked":["Omniscience","MasterReality"],"picked":"Vault","floor":33.0},{"not_picked":["Wireheading+1","EmptyFist","FlyingSleeves"],"picked":"SKIP","floor":35.0},{"not_picked":["CutThroughFate+1","Consecrate","Prostrate"],"picked":"SKIP","floor":35.0},{"not_picked":["EmptyFist+1","BattleHymn+1","Crescendo"],"picked":"SKIP","floor":37.0},{"not_picked":["ThirdEye+1","Nirvana","EmptyBody+1"],"picked":"SKIP","floor":37.0},{"not_picked":["JustLucky","Nirvana","WheelKick+1"],"picked":"SKIP","floor":42.0},{"not_picked":["BowlingBash","EmptyBody","Indignation+1"],"picked":"SKIP","floor":42.0},{"not_picked":["PathToVictory+1","WheelKick"],"picked":"Indignation+1","floor":45.0},{"not_picked":["ThirdEye+1","FlurryOfBlows+1","ClearTheMind+1"],"picked":"SKIP","floor":47.0},{"not_picked":["Prostrate","Brilliance"],"picked":"TalkToTheHand","floor":48.0},{"not_picked":["Prostrate+1","EmptyBody","BattleHymn+1"],"picked":"SKIP","floor":48.0}],"player_experience":317667,"relics_obtained":[{"floor":7.0,"key":"Odd Mushroom"},{"floor":9.0,"key":"Bird Faced Urn"},{"floor":23.0,"key":"Nunchaku"},{"floor":29.0,"key":"Bottled Tornado"},{"floor":45.0,"key":"Bag of Marbles"},{"floor":47.0,"key":"HornCleat"}],"event_choices":[{"damage_healed":0.0,"max_hp_gain":0.0,"max_hp_loss":0.0,"gold_gain":0.0,"event_name":"Mushrooms","player_choice":"Fought Mushrooms","floor":7.0,"gold_loss":0.0,"damage_taken":0.0},{"damage_healed":0.0,"max_hp_gain":0.0,"max_hp_loss":0.0,"gold_gain":0.0,"event_name":"Scrap Ooze","player_choice":"Success","floor":8.0,"gold_loss":0.0,"damage_taken":7.0,"relics_obtained":["Prayer Wheel"]},{"cards_removed":["Strike_P"],"damage_healed":0.0,"max_hp_gain":0.0,"max_hp_loss":0.0,"gold_gain":0.0,"event_name":"The Cleric","player_choice":"Card Removal","floor":13.0,"gold_loss":50.0,"damage_taken":0.0},{"damage_healed":0.0,"max_hp_gain":0.0,"max_hp_loss":0.0,"gold_gain":0.0,"event_name":"Upgrade Shrine","player_choice":"Upgraded","floor":20.0,"gold_loss":0.0,"damage_taken":0.0,"cards_upgraded":["Halt"]},{"damage_healed":0.0,"max_hp_gain":0.0,"max_hp_loss":0.0,"gold_gain":0.0,"event_name":"Match and Keep!","player_choice":"0 cards matched","floor":25.0,"gold_loss":0.0,"damage_taken":0.0,"cards_obtained":[]},{"damage_healed":0.0,"max_hp_gain":0.0,"max_hp_loss":0.0,"gold_gain":0.0,"cards_transformed":["Defend_P","Strike_P"],"event_name":"Drug Dealer","player_choice":"Became Test Subject","floor":31.0,"gold_loss":0.0,"damage_taken":0.0,"cards_obtained":["WreathOfFlame","MentalFortress"]},{"damage_healed":0.0,"max_hp_gain":0.0,"max_hp_loss":0.0,"gold_gain":0.0,"event_name":"SensoryStone","player_choice":"Memory 3","floor":38.0,"gold_loss":0.0,"damage_taken":10.0},{"damage_healed":0.0,"max_hp_gain":0.0,"max_hp_loss":4.0,"gold_gain":0.0,"event_name":"Winding Halls","player_choice":"Max HP","floor":39.0,"gold_loss":0.0,"damage_taken":0.0},{"damage_healed":0.0,"max_hp_gain":0.0,"max_hp_loss":0.0,"gold_gain":100.0,"event_name":"Golden Shrine","player_choice":"Pray","floor":41.0,"gold_loss":0.0,"damage_taken":0.0}],"is_beta":false,"boss_relics":[{"not_picked":["Ectoplasm","Calling Bell"],"picked":"Cursed Key"},{"not_picked":["Coffee Dripper","Velvet Choker"],"picked":"Runic Pyramid"}],"items_purged_floors":[36,44],"is_endless":false,"potions_floor_spawned":[4,7,10,14,23,27,33,35,37,48],"ascension_level":7}}