{"host":"tzz1a4lp7gkxiavd","time":1613030111,"event":{"mods":["BaseMod","Marisa£®ÏF”Í°°ƒß¿Ì…≥£©","Minty Spire (QoL Compilation)","Remilia£®¿Ÿ√◊¿Ú—«£©","The Servant 0.9.4","Youmu£®ªÍ∆«—˝√Œ£©","Yuyuko","°æπ¶ƒ‹Mod°øNeowΩ±¿¯"],"gold_per_floor":[365,365,378,453,282,313,313,313,613,625,625,625,329,504,504,504,504],"floor_reached":16,"language":"ZHS","playtime":460,"items_purged":["Regret","Strike_B"],"score":120,"play_id":"452c4d33-e037-4c31-b01c-f7898432a2c2","local_time":"20210211155511","is_ascension_mode":true,"campfire_choices":[{"floor":7,"key":"REST"},{"data":"Machine Learning","floor":12,"key":"SMITH"},{"data":"Reboot","floor":15,"key":"SMITH"}],"circlet_count":0,"master_deck":["Strike_B","Strike_B","Strike_B","Defend_B","Defend_B","Defend_B","Defend_B","Zap","Dualcast","Gash+1","Machine Learning+1","Capacitor","Reboot+1","Doubt"],"relics":["Cracked Core","Molten Egg 2","Thread and Needle","Old Coin"],"acts_visited":["Exordium"],"potions_floor_usage":[5,16],"damage_taken":[{"damage":1,"enemies":"Cultist","floor":1,"turns":3},{"damage":0,"enemies":"2 Louse","floor":3,"turns":1},{"damage":41,"enemies":"Lagavulin","floor":6,"turns":6},{"damage":3,"enemies":"Jaw Worm","floor":10,"turns":3},{"damage":44,"enemies":"Hexaghost","floor":16,"turns":9}],"seed_played":"-7534547540870894268","potions_obtained":[{"floor":6,"key":"SpeedPotion"}],"is_trial":false,"path_per_floor":["M","?","M","?","$","E","R","T","T","M","?","R","$","?","R","B"],"character_chosen":"DEFECT","items_purchased":["Fruit Juice","Capacitor","Reboot"],"campfire_rested":1,"item_purchase_floors":[5,13,13],"current_hp_per_floor":[74,74,74,63,68,27,51,51,51,48,41,41,41,41,41,0,0],"gold":504,"neow_bonus":"TWO_FIFTY_GOLD","is_daily":false,"chose_seed":false,"campfire_upgraded":2,"win_rate":0.0,"timestamp":1613030111,"path_taken":["M","?","M","?","$","E","R","?","T","M","?","R","$","?","R","BOSS"],"items_purchased_type":["Potion","Card","Card"],"build_version":"2020-12-22","purchased_purges":2,"victory":false,"max_hp_per_floor":[75,75,75,75,80,80,80,80,80,80,80,80,80,80,80,80,80],"card_choices":[{"not_picked":["Rebound","Sweeping Beam","Compile Driver"],"picked":"SKIP","floor":1},{"not_picked":["Chaos","Steam"],"picked":"Gash+1","floor":3},{"not_picked":["Loop","BootSequence"],"picked":"Machine Learning","floor":6},{"not_picked":["Reprogram","Leap","Redo"],"picked":"SKIP","floor":10}],"player_experience":141140,"relics_obtained":[{"floor":6,"key":"Thread and Needle"},{"floor":9,"key":"Old Coin"}],"event_choices":[{"damage_healed":0,"gold_gain":0,"player_choice":"Box","damage_taken":0,"relics_obtained":["Molten Egg 2"],"max_hp_gain":0,"max_hp_loss":0,"event_name":"Big Fish","floor":2,"gold_loss":0,"cards_obtained":["Regret"]},{"damage_healed":0,"gold_gain":75,"player_choice":"Gather Gold","damage_taken":11,"max_hp_gain":0,"max_hp_loss":0,"event_name":"World of Goop","floor":4,"gold_loss":0},{"cards_removed":["Writhe"],"damage_healed":0,"gold_gain":0,"player_choice":"Card Removal","damage_taken":7,"max_hp_gain":0,"max_hp_loss":0,"event_name":"Golden Wing","floor":11,"gold_loss":0},{"damage_healed":0,"gold_gain":175,"player_choice":"AGREE","damage_taken":0,"max_hp_gain":0,"max_hp_loss":0,"event_name":"Liars Game","floor":14,"gold_loss":0,"cards_obtained":["Doubt"]}],"is_beta":false,"boss_relics":[],"items_purged_floors":[5,13],"is_endless":false,"potions_floor_spawned":[6],"killed_by":"Hexaghost","ascension_level":5}}