{"host":"chv1qanoipyt46jc","time":1613021285,"event":{"mods":["2.2 Compatiblity","AchievementEnabler","BaseMod","BetterRewards","CapriCore","Card Filter","Evolution","Gold Saver","Jorbs\u0027s Wanderer Trilogy","Minty Spire (QoL Compilation)","Rare Cards Sparkle","Relic Filter","Remove Card Discount Mod","Reorder Act Four","StSLib"],"gold_per_floor":[915,977,992,1011,1030,1061,1061,1077,1077,1077,1073,1088,1088,1105,1105,1206,1206,1226,1238,1251,1267,1277,1277,1277,1275,1275,1302,1302,1302,1302,1302,1302,1400,1400,1417,1434,1445,1461,1475,1475,1486,1486,1538,1555,1587,1587,1599,1609,1609,1609,1609,1609,1609,1638,1638],"floor_reached":56,"language":"ENG","playtime":1833,"items_purged":["Wild Strike","Wild Strike","Wild Strike","Wild Strike","Wild Strike","Bash","Armaments","Pommel Strike","Pommel Strike","Armaments"],"score":1557,"play_id":"83a39e3b-0ced-4dc5-91de-01c40c864122","local_time":"20210210232805","is_ascension_mode":false,"campfire_choices":[{"data":"Armaments","floor":7,"key":"SMITH"},{"data":"Searing Blow","floor":10,"key":"SMITH"},{"data":"Searing Blow+1","floor":15,"key":"SMITH"},{"floor":24,"key":"RECALL"},{"data":"Searing Blow+2","floor":28,"key":"SMITH"},{"data":"Searing Blow+3","floor":30,"key":"SMITH"},{"data":"Searing Blow+4","floor":32,"key":"SMITH"},{"data":"Searing Blow+5","floor":40,"key":"SMITH"},{"data":"Searing Blow+6","floor":42,"key":"SMITH"},{"data":"Searing Blow+7","floor":49,"key":"SMITH"},{"data":"Searing Blow+8","floor":53,"key":"SMITH"}],"circlet_count":0,"master_deck":["Armaments+1","Armaments+1","Seeing Red+1","Searing Blow+9","Armaments+1","Seeing Red"],"relics":["Black Blood","EVO:Axolotl","Gremlin Horn","Medical Kit","Potion Belt","Orichalcum","SacredBark","Ice Cream","Bag of Preparation","Bronze Scales","Singing Bowl","Bottled Lightning"],"acts_visited":["Exordium","TheCity","TheBeyond","TheEnding"],"potions_floor_usage":[55,55,55,55,55,55,55,55,55,55,55,55,55],"damage_taken":[{"damage":0,"enemies":"Small Slimes","floor":1,"turns":3},{"damage":1,"enemies":"Jaw Worm","floor":3,"turns":4},{"damage":2,"enemies":"2 Louse","floor":4,"turns":3},{"damage":12,"enemies":"Gremlin Gang","floor":5,"turns":3},{"damage":16,"enemies":"3 Sentries","floor":6,"turns":7},{"damage":4,"enemies":"2 Fungi Beasts","floor":8,"turns":2},{"damage":0,"enemies":"Lots of Slimes","floor":12,"turns":4},{"damage":0,"enemies":"Large Slime","floor":14,"turns":2},{"damage":22,"enemies":"Slime Boss","floor":16,"turns":5},{"damage":9,"enemies":"2 Thieves","floor":18,"turns":3},{"damage":15,"enemies":"3 Byrds","floor":19,"turns":4},{"damage":2,"enemies":"3 Cultists","floor":20,"turns":3},{"damage":6,"enemies":"Snake Plant","floor":21,"turns":2},{"damage":0,"enemies":"Chosen and Byrds","floor":22,"turns":3},{"damage":22,"enemies":"Gremlin Leader","floor":27,"turns":4},{"damage":18,"enemies":"Champ","floor":33,"turns":7},{"damage":3,"enemies":"Orb Walker","floor":35,"turns":3},{"damage":10,"enemies":"3 Darklings","floor":36,"turns":3},{"damage":0,"enemies":"Transient","floor":37,"turns":5},{"damage":0,"enemies":"Sphere and 2 Shapes","floor":38,"turns":3},{"damage":7,"enemies":"Spire Growth","floor":39,"turns":3},{"damage":0,"enemies":"Transient","floor":41,"turns":5},{"damage":0,"enemies":"Maw","floor":44,"turns":4},{"damage":8,"enemies":"Giant Head","floor":45,"turns":4},{"damage":5,"enemies":"3 Darklings","floor":47,"turns":2},{"damage":7,"enemies":"4 Shapes","floor":48,"turns":3},{"damage":17,"enemies":"Time Eater","floor":50,"turns":3},{"damage":0,"enemies":"Shield and Spear","floor":54,"turns":2},{"damage":76,"enemies":"The Heart","floor":55,"turns":5}],"seed_played":"7599668494670623599","potions_obtained":[{"floor":5,"key":"Weak Potion"},{"floor":6,"key":"ColorlessPotion"},{"floor":8,"key":"DuplicationPotion"},{"floor":14,"key":"LiquidBronze"},{"floor":16,"key":"Ancient Potion"},{"floor":18,"key":"EssenceOfSteel"},{"floor":22,"key":"EntropicBrew"},{"floor":37,"key":"EntropicBrew"}],"is_trial":false,"path_per_floor":["M","?","M","M","M","E","R","M","T","R","$","M","?","M","R","B",null,"M","M","M","M","M","?","R","$","T","E","R","?","R","?","R","B",null,"M","M","M","M","M","R","M","R","T","M","E","$","M","M","R","B",null,"$","R","E","B",null],"character_chosen":"IRONCLAD","items_purchased":["Pommel Strike","Pommel Strike","Gremlin Horn","Seeing Red","Searing Blow","Medical Kit","Potion Belt"],"campfire_rested":0,"item_purchase_floors":[0,0,0,0,0,0,0],"current_hp_per_floor":[41,41,46,50,44,34,34,36,36,36,36,42,23,29,29,13,95,92,83,87,87,93,95,95,95,95,79,79,79,79,95,95,83,95,95,95,95,95,95,95,95,95,95,95,97,97,99,101,101,96,101,101,101,103,80],"gold":1638,"neow_bonus":"","is_daily":false,"chose_seed":false,"campfire_upgraded":10,"win_rate":0.0,"timestamp":1613021285,"path_taken":["M","?","M","M","M","E","R","M","T","R","$","M","?","M","R","BOSS","M","M","M","M","M","?","R","$","T","E","R","?","R","?","R","BOSS","M","M","M","?","M","R","M","R","T","M","E","$","M","M","R","BOSS","$","R","E","BOSS"],"items_purchased_type":["Card","Card","Relic","Card","Card","Relic","Relic"],"build_version":"2020-12-22","purchased_purges":10,"victory":true,"max_hp_per_floor":[95,95,95,95,95,95,95,95,95,95,95,95,95,95,95,95,95,95,95,95,95,95,95,95,95,95,95,95,95,95,95,95,95,95,95,95,95,95,95,95,95,95,95,95,97,97,99,101,101,101,101,101,101,103,103],"card_choices":[{"not_picked":["Iron Wave","Anger","Searing Blow"],"picked":"SKIP","floor":1},{"not_picked":["Burning Pact","Shrug It Off","Inflame"],"picked":"SKIP","floor":3},{"not_picked":["Dark Embrace","Searing Blow","Burning Pact"],"picked":"SKIP","floor":4},{"not_picked":["Pommel Strike","Inflame","Iron Wave"],"picked":"SKIP","floor":5},{"not_picked":["Dark Embrace","Iron Wave","Pommel Strike"],"picked":"SKIP","floor":6},{"not_picked":["Armaments","Shrug It Off","Demon Form"],"picked":"SKIP","floor":8},{"not_picked":["Iron Wave","Pommel Strike","Carnage"],"picked":"SKIP","floor":12},{"not_picked":["Seeing Red","Anger","Pommel Strike"],"picked":"SKIP","floor":14},{"not_picked":["Armaments","Iron Wave","Seeing Red"],"picked":"SKIP","floor":18},{"not_picked":["Pommel Strike","Shrug It Off"],"picked":"Armaments+1","floor":19},{"not_picked":["Carnage+1","Anger","Inflame"],"picked":"SKIP","floor":20},{"not_picked":["Anger","Armaments","Pommel Strike"],"picked":"SKIP","floor":21},{"not_picked":["Iron Wave","Bloodletting","Shrug It Off+1"],"picked":"SKIP","floor":22},{"not_picked":["Iron Wave","Anger","Demon Form"],"picked":"SKIP","floor":27},{"not_picked":["Inflame","Iron Wave+1","Anger"],"picked":"SKIP","floor":35},{"not_picked":["Iron Wave","Searing Blow","Anger"],"picked":"SKIP","floor":36},{"not_picked":["Inflame","Reaper","Burning Pact+1"],"picked":"SKIP","floor":37},{"not_picked":["Pommel Strike","Anger"],"picked":"Seeing Red","floor":38},{"not_picked":["Shrug It Off","Pummel","Iron Wave"],"picked":"SKIP","floor":39},{"not_picked":["Bloodletting","Inflame+1","Seeing Red"],"picked":"SKIP","floor":41},{"not_picked":["Dark Embrace","Anger+1","Searing Blow+1"],"picked":"SKIP","floor":44},{"not_picked":["Pommel Strike","Searing Blow","Dark Embrace+1"],"picked":"Singing Bowl","floor":45},{"not_picked":["Iron Wave+1","Pommel Strike","Dark Embrace+1"],"picked":"Singing Bowl","floor":47},{"not_picked":["Reaper","Shrug It Off+1","Carnage"],"picked":"Singing Bowl","floor":48},{"not_picked":["Burning Pact+1","Anger+1","Seeing Red"],"picked":"Singing Bowl","floor":54}],"player_experience":340893,"relics_obtained":[{"floor":6,"key":"Orichalcum"},{"floor":26,"key":"Ice Cream"},{"floor":27,"key":"Bag of Preparation"},{"floor":43,"key":"Bronze Scales"},{"floor":45,"key":"Singing Bowl"},{"floor":54,"key":"Bottled Lightning"}],"event_choices":[{"damage_healed":0,"gold_gain":62,"player_choice":"Gained Gold","damage_taken":0,"max_hp_gain":0,"max_hp_loss":0,"event_name":"Golden Wing","floor":2,"gold_loss":0},{"damage_healed":0,"gold_gain":0,"player_choice":"Entered Light","damage_taken":19,"max_hp_gain":0,"max_hp_loss":0,"event_name":"Shining Light","floor":13,"gold_loss":0,"cards_upgraded":["Armaments","Seeing Red"]},{"damage_healed":31,"gold_gain":0,"player_choice":"Heal","damage_taken":0,"max_hp_gain":0,"max_hp_loss":0,"event_name":"The Library","floor":23,"gold_loss":0},{"damage_healed":0,"gold_gain":0,"player_choice":"Ignored","damage_taken":0,"max_hp_gain":0,"max_hp_loss":0,"event_name":"The Mausoleum","floor":29,"gold_loss":0},{"damage_healed":16,"gold_gain":0,"player_choice":"Full Heal","damage_taken":0,"max_hp_gain":0,"max_hp_loss":0,"event_name":"Wheel of Change","floor":31,"gold_loss":0}],"is_beta":false,"boss_relics":[{"not_picked":["Tiny House","Mark of Pain"],"picked":"SacredBark"},{"not_picked":["Black Star","Pandora\u0027s Box"],"picked":"Black Blood"}],"items_purged_floors":[0,0,0,0,0,0,0,11,11,25],"is_endless":false,"potions_floor_spawned":[5,6,8,14,16,18,20,22,33,37,38,47,48],"ascension_level":0}}