{"host":"lxu17chzujqn8whl","time":1613083110,"event":{"mods":["BaseMod","Minty Spire (QoL Compilation)","Relic Stats","StSLib"],"gold_per_floor":[116,131,147,222,297,331,331,343,392,392,409,409,427,12,12,108,108,124,144,144,157,157,192,192,211,281,55,55,67,83,83,83,83,83],"floor_reached":33,"language":"ENG","playtime":687,"items_purged":["Ball Lightning"],"score":294,"play_id":"a0a0b7b5-cbef-44f1-803d-f369c736553d","local_time":"20210211143830","is_ascension_mode":false,"campfire_choices":[{"data":"Streamline","floor":10.0,"key":"SMITH"},{"floor":15.0,"key":"REST"},{"floor":28,"key":"REST"},{"floor":32,"key":"REST"}],"circlet_count":0,"master_deck":["Strike_B+1","Strike_B+1","Strike_B+1","Strike_B+1","Defend_B+1","Defend_B+1","Defend_B+1","Defend_B+1","Zap","Dualcast","Beam Cell","Streamline+1","Genetic Algorithm","Streamline","Defragment+1","Seek+1","Defragment+1","Biased Cognition+1","Self Repair+1","Turbo+1","Tempest+1","Genetic Algorithm","FTL+1"],"relics":["Cracked Core","Frozen Egg 2","Shuriken","Bag of Marbles","White Beast Statue","DollysMirror","Philosopher\u0027s Stone","Pen Nib","Sundial","Chemical X"],"acts_visited":["Exordium","TheCity"],"potions_floor_usage":[25,29,30,30,30,30,33],"damage_taken":[{"damage":0.0,"enemies":"Cultist","floor":1.0,"turns":3.0},{"damage":6.0,"enemies":"Jaw Worm","floor":2.0,"turns":3.0},{"damage":0.0,"enemies":"Small Slimes","floor":3.0,"turns":2.0},{"damage":31.0,"enemies":"Lagavulin","floor":6.0,"turns":4.0},{"damage":10.0,"enemies":"Looter","floor":8.0,"turns":2.0},{"damage":7.0,"enemies":"Blue Slaver","floor":11.0,"turns":2.0},{"damage":5.0,"enemies":"Lots of Slimes","floor":13.0,"turns":3.0},{"damage":31.0,"enemies":"The Guardian","floor":16.0,"turns":8.0},{"damage":2.0,"enemies":"Chosen","floor":18.0,"turns":3.0},{"damage":11.0,"enemies":"Spheric Guardian","floor":19.0,"turns":3.0},{"damage":33.0,"enemies":"Shelled Parasite and Fungi","floor":21.0,"turns":5.0},{"damage":16.0,"enemies":"Book of Stabbing","floor":23.0,"turns":4.0},{"damage":1,"enemies":"Snecko","floor":25,"turns":3},{"damage":29,"enemies":"3 Cultists","floor":29,"turns":4},{"damage":13,"enemies":"Centurion and Healer","floor":30,"turns":3},{"damage":55,"enemies":"Champ","floor":33,"turns":8}],"seed_played":"-7351722403642871075","potions_obtained":[{"floor":8.0,"key":"Block Potion"},{"floor":11.0,"key":"Fire Potion"},{"floor":13.0,"key":"Strength Potion"},{"floor":16.0,"key":"Weak Potion"},{"floor":19.0,"key":"FairyPotion"},{"floor":21.0,"key":"LiquidMemories"},{"floor":23.0,"key":"SkillPotion"},{"floor":25,"key":"EntropicBrew"},{"floor":29,"key":"PotionOfCapacity"},{"floor":30,"key":"SkillPotion"}],"is_trial":false,"path_per_floor":["M","M","M","?","T","E","?","M","T","R","M","T","M","$","R","B",null,"M","M","?","M","?","E","?","M","T","$","R","M","M","$","R","B"],"character_chosen":"DEFECT","items_purchased":["Defragment+1","Seek","DollysMirror","Ball Lightning","Chemical X"],"campfire_rested":3,"item_purchase_floors":[14,14,14,14,27],"current_hp_per_floor":[68,62,62,62,62,31,60,50,50,50,43,43,38,38,64,33,89,87,76,76,53,53,47,30,39,39,39,67,48,35,35,63,8,8],"gold":83,"neow_bonus":"TWENTY_PERCENT_HP_BONUS","is_daily":false,"chose_seed":false,"campfire_upgraded":1,"win_rate":0.0,"timestamp":1613083110,"path_taken":["M","M","?","?","?","E","?","M","T","R","M","?","M","$","R","BOSS","M","M","?","?","?","E","?","M","T","$","R","M","M","?","R","BOSS"],"items_purchased_type":["Card","Card","Relic","Card","Relic"],"build_version":"2020-12-22","purchased_purges":1,"victory":false,"max_hp_per_floor":[89,89,89,89,89,89,89,89,89,89,89,89,89,89,89,89,89,89,89,89,89,89,89,94,94,94,94,94,94,94,94,94,94,94],"relic_stats":{"counters":[16,60],"Shuriken":[10],"Sundial":[0],"Pen Nib":[2],"Chemical X":[3],"obtain_stats":[{"Shuriken":6,"DollysMirror":14,"Sundial":26,"Philosopher\u0027s Stone":17,"Pen Nib":23,"Bag of Marbles":9,"Chemical X":27,"Frozen Egg 2":5,"Cracked Core":0,"White Beast Statue":12},{"Shuriken":4,"DollysMirror":7,"Sundial":13,"Philosopher\u0027s Stone":8,"Pen Nib":12,"Bag of Marbles":5,"Chemical X":13,"Frozen Egg 2":3,"Cracked Core":0,"White Beast Statue":6},{"Shuriken":12,"DollysMirror":19,"Sundial":45,"Philosopher\u0027s Stone":27,"Pen Nib":42,"Bag of Marbles":14,"Chemical X":45,"Frozen Egg 2":8,"Cracked Core":0,"White Beast Statue":16}]},"card_choices":[{"not_picked":["Redo","Consume"],"picked":"Beam Cell","floor":1.0},{"not_picked":["Capacitor","Force Field"],"picked":"Streamline","floor":2.0},{"not_picked":["Hello World","Go for the Eyes","Static Discharge"],"picked":"SKIP","floor":3.0},{"not_picked":["Stack","Auto Shields","Multi-Cast"],"picked":"SKIP","floor":6.0},{"not_picked":["Consume","Stack","Scrape"],"picked":"SKIP","floor":8.0},{"not_picked":["Cold Snap","Loop+1"],"picked":"Genetic Algorithm","floor":11.0},{"not_picked":["Turbo","Leap"],"picked":"Streamline","floor":13.0},{"not_picked":["Amplify","Core Surge"],"picked":"Biased Cognition+1","floor":16.0},{"not_picked":["Gash","Beam Cell","Redo"],"picked":"SKIP","floor":18.0},{"not_picked":["Turbo+1","Auto Shields"],"picked":"Self Repair+1","floor":19.0},{"not_picked":["Rebound","Steam+1","Auto Shields"],"picked":"SKIP","floor":21.0},{"not_picked":["Barrage+1","Amplify"],"picked":"Turbo+1","floor":23.0},{"not_picked":["Undo","Barrage"],"picked":"Tempest+1","floor":25},{"not_picked":["Beam Cell","Consume"],"picked":"Genetic Algorithm","floor":29},{"not_picked":["Genetic Algorithm","Reprogram"],"picked":"FTL+1","floor":30}],"player_experience":666511,"relics_obtained":[{"floor":5.0,"key":"Frozen Egg 2"},{"floor":6.0,"key":"Shuriken"},{"floor":9.0,"key":"Bag of Marbles"},{"floor":12.0,"key":"White Beast Statue"},{"floor":23.0,"key":"Pen Nib"},{"floor":26,"key":"Sundial"}],"event_choices":[{"damage_healed":0.0,"max_hp_gain":0.0,"max_hp_loss":0.0,"gold_gain":75.0,"event_name":"Golden Wing","player_choice":"Gained Gold","floor":4.0,"gold_loss":0.0,"damage_taken":0.0},{"damage_healed":29.0,"max_hp_gain":0.0,"max_hp_loss":0.0,"gold_gain":0.0,"event_name":"Big Fish","player_choice":"Banana","floor":7.0,"gold_loss":0.0,"damage_taken":0.0},{"damage_healed":0.0,"max_hp_gain":0.0,"max_hp_loss":0.0,"gold_gain":0.0,"event_name":"Accursed Blacksmith","player_choice":"Forge","floor":20.0,"gold_loss":0.0,"damage_taken":0.0,"cards_upgraded":["Seek"]},{"damage_healed":0.0,"max_hp_gain":0.0,"max_hp_loss":0.0,"gold_gain":0.0,"event_name":"Back to Basics","player_choice":"Simplicity","floor":22.0,"gold_loss":0.0,"damage_taken":0.0,"cards_upgraded":["Strike_B","Strike_B","Strike_B","Strike_B","Defend_B","Defend_B","Defend_B","Defend_B"]},{"damage_healed":0.0,"max_hp_gain":5.0,"max_hp_loss":0.0,"gold_gain":0.0,"event_name":"Forgotten Altar","player_choice":"Shed Blood","floor":24.0,"gold_loss":0.0,"damage_taken":22.0}],"is_beta":false,"boss_relics":[{"not_picked":["FrozenCore","Snecko Eye"],"picked":"Philosopher\u0027s Stone"}],"items_purged_floors":[27],"is_endless":false,"potions_floor_spawned":[8,11,13,16,18,19,21,23,25,29,30],"killed_by":"Champ","ascension_level":0}}