{"host":"4gkev1dtxxhiue3x","time":1613078471,"event":{"mods":["AchievementEnabler","BaseMod","Colored Powertips","Minty Spire (QoL Compilation)","Relic Stats","StSLib"],"gold_per_floor":[112,125,125,46,46,46,81,81,81,81,256,256,6,30,30,156,156,171,191,191,191,113,147,147,175,200,213,213,223,223,323,323,421,421,441,391,446,459,471,471,503,518,570,570,570,581,438,438,438,438,438],"floor_reached":50,"language":"ENG","playtime":4130,"items_purged":["Strike_G","Doubt","Injury"],"score":582,"play_id":"cebb3c6f-5de3-4e40-bc61-7f9a0d897535","local_time":"20210211222111","is_ascension_mode":true,"campfire_choices":[{"data":"Infinite Blades","floor":6,"key":"SMITH"},{"data":"Envenom","floor":8,"key":"SMITH"},{"floor":10,"key":"REST"},{"data":"Blade Dance","floor":15,"key":"SMITH"},{"floor":24,"key":"REST"},{"floor":28,"key":"REST"},{"data":"Accuracy","floor":30,"key":"SMITH"},{"floor":32,"key":"REST"},{"floor":40,"key":"REST"},{"floor":45,"key":"REST"},{"floor":49,"key":"RECALL"}],"circlet_count":0,"master_deck":["Strike_G","Defend_G","Defend_G","Defend_G","Defend_G","Survivor","Neutralize+1","Deflect","Cloak And Dagger+1","Infinite Blades+1","Envenom+1","Blade Dance+1","Footwork","Storm of Steel","Backflip","Deflect+1","Infinite Blades","Accuracy","Accuracy+1","Choke+1","Prepared","Envenom","Poisoned Stab+1","Cloak And Dagger+1","Flying Knee+1","Crippling Poison","Madness","Madness","Phantasmal Killer"],"relics":["Ring of the Snake","NeowsBlessing","Bloody Idol","MealTicket","Bag of Preparation","Membership Card","Snake Skull","Runic Pyramid","Orichalcum","Bronze Scales","Vajra","Blood Vial","Astrolabe","StoneCalendar","Pocketwatch"],"acts_visited":["Exordium","TheCity","TheBeyond"],"potions_floor_usage":[23,23,23,25,37,41,41,46,50,50,50],"damage_taken":[{"damage":0,"enemies":"Cultist","floor":1,"turns":1},{"damage":0,"enemies":"Jaw Worm","floor":2,"turns":1},{"damage":0,"enemies":"3 Sentries","floor":7,"turns":1},{"damage":0,"enemies":"2 Louse","floor":14,"turns":2},{"damage":28,"enemies":"The Guardian","floor":16,"turns":7},{"damage":8,"enemies":"3 Byrds","floor":18,"turns":4},{"damage":5,"enemies":"Shell Parasite","floor":19,"turns":5},{"damage":45,"enemies":"Gremlin Leader","floor":23,"turns":6},{"damage":36,"enemies":"Slavers","floor":25,"turns":6},{"damage":5,"enemies":"Snecko","floor":27,"turns":4},{"damage":12,"enemies":"Centurion and Healer","floor":29,"turns":3},{"damage":35,"enemies":"Collector","floor":33,"turns":6},{"damage":0,"enemies":"3 Shapes","floor":35,"turns":3},{"damage":27,"enemies":"2 Orb Walkers","floor":37,"turns":4},{"damage":3,"enemies":"3 Darklings","floor":38,"turns":4},{"damage":6,"enemies":"Transient","floor":39,"turns":5},{"damage":36,"enemies":"Reptomancer","floor":41,"turns":4},{"damage":39,"enemies":"Writhing Mass","floor":42,"turns":5},{"damage":6,"enemies":"3 Darklings","floor":46,"turns":4},{"damage":70,"enemies":"Donu and Deca","floor":50,"turns":6}],"seed_played":"6564331967043508106","potions_obtained":[{"floor":7,"key":"Block Potion"},{"floor":14,"key":"BlessingOfTheForge"},{"floor":19,"key":"Poison Potion"},{"floor":23,"key":"Fruit Juice"},{"floor":27,"key":"DuplicationPotion"},{"floor":33,"key":"Strength Potion"},{"floor":35,"key":"Block Potion"},{"floor":38,"key":"Swift Potion"},{"floor":41,"key":"Regen Potion"},{"floor":42,"key":"Dexterity Potion"},{"floor":46,"key":"PowerPotion"}],"is_trial":false,"path_per_floor":["M","M","?","$","?","R","E","R","T","R","?","?","$","M","R","B",null,"M","M","?","?","$","E","R","E","T","M","R","M","R","?","R","B",null,"M","$","?","M","M","R","E","M","T","?","R","M","$","?","R","B"],"character_chosen":"THE_SILENT","items_purchased":["Infinite Blades","Membership Card","Snake Skull","Blade Dance","Infinite Blades","Phantasmal Killer"],"campfire_rested":6,"item_purchase_floors":[4,13,13,13,22,47],"current_hp_per_floor":[70,70,56,56,56,56,56,56,56,70,70,63,70,70,70,42,70,62,57,57,57,70,35,57,26,31,33,55,50,50,55,75,45,75,75,75,53,57,58,75,44,12,17,8,30,31,46,46,46,0,0],"gold":438,"neow_bonus":"THREE_ENEMY_KILL","is_daily":false,"chose_seed":false,"campfire_upgraded":4,"win_rate":0.0,"timestamp":1613078471,"path_taken":["M","?","?","$","?","R","E","R","T","R","?","?","$","M","R","BOSS","M","M","?","?","$","E","R","E","T","M","R","M","R","?","R","BOSS","M","?","?","M","M","R","E","?","T","?","R","M","$","?","R","BOSS"],"items_purchased_type":["Card","Relic","Relic","Card","Card","Card"],"build_version":"2020-12-22","purchased_purges":3,"victory":false,"max_hp_per_floor":[70,70,70,70,70,70,70,70,70,70,70,70,70,70,70,70,70,70,70,70,70,70,75,75,75,75,75,75,75,75,75,75,75,75,75,75,75,75,75,75,75,75,75,75,75,75,75,75,75,75,75],"relic_stats":{"counters":[20,81],"Astrolabe":["Poisoned Stab","Cloak And Dagger","Flying Knee"],"StoneCalendar":[0],"Snake Skull":[223],"Bag of Preparation":[34],"Orichalcum":[90],"Blood Vial":14,"Bloody Idol":70,"Bronze Scales":[156],"MealTicket":35,"obtain_stats":[{"NeowsBlessing":0,"Golden Idol":5,"Astrolabe":34,"Vajra":25,"StoneCalendar":37,"Snake Skull":13,"Bag of Preparation":9,"Orichalcum":21,"Blood Vial":26,"Bloody Idol":20,"Bronze Scales":23,"MealTicket":7,"Membership Card":13,"Ring of the Snake":0,"Runic Pyramid":17,"Pocketwatch":41},{"NeowsBlessing":0,"Golden Idol":2,"Astrolabe":12,"Vajra":9,"StoneCalendar":14,"Snake Skull":3,"Bag of Preparation":3,"Orichalcum":7,"Blood Vial":9,"Bloody Idol":7,"Bronze Scales":8,"MealTicket":3,"Membership Card":3,"Ring of the Snake":0,"Runic Pyramid":5,"Pocketwatch":17},{"NeowsBlessing":0,"Golden Idol":2,"Astrolabe":46,"Vajra":33,"StoneCalendar":53,"Snake Skull":3,"Bag of Preparation":3,"Orichalcum":21,"Blood Vial":33,"Bloody Idol":21,"Bronze Scales":27,"MealTicket":3,"Membership Card":3,"Ring of the Snake":0,"Runic Pyramid":12,"Pocketwatch":66}],"Ring of the Snake":[40],"Pocketwatch":[0]},"card_choices":[{"not_picked":["Bane","Underhanded Strike"],"picked":"Deflect","floor":1},{"not_picked":["Bane","Expertise"],"picked":"Cloak And Dagger","floor":2},{"not_picked":["Expertise","Slice"],"picked":"Envenom","floor":7},{"not_picked":["Poisoned Stab","Quick Slash"],"picked":"Footwork","floor":14},{"not_picked":["Doppelganger","Envenom"],"picked":"Storm of Steel","floor":16},{"not_picked":["Flying Knee+1","Dagger Throw"],"picked":"Backflip","floor":18},{"not_picked":["PiercingWail","Flechettes"],"picked":"Deflect+1","floor":19},{"not_picked":["Flying Knee","PiercingWail"],"picked":"Accuracy","floor":23},{"not_picked":["Blade Dance","Dodge and Roll"],"picked":"Accuracy","floor":25},{"not_picked":["Flechettes+1","Bane+1"],"picked":"Choke+1","floor":27},{"not_picked":["Underhanded Strike+1","Flying Knee"],"picked":"Prepared","floor":29},{"not_picked":["Tools of the Trade","Wraith Form v2"],"picked":"Envenom","floor":33},{"not_picked":["Prepared","Choke+1","Deflect"],"picked":"SKIP","floor":35},{"not_picked":["Dagger Spray+1","Sucker Punch+1","Deadly Poison+1"],"picked":"SKIP","floor":38},{"not_picked":["Poisoned Stab+1","Reflex+1","Flechettes"],"picked":"SKIP","floor":39},{"not_picked":["Flying Knee","Poisoned Stab","Choke+1"],"picked":"SKIP","floor":41},{"not_picked":["Sucker Punch","Skewer"],"picked":"Crippling Poison","floor":42},{"not_picked":["Caltrops","Poisoned Stab+1","Skewer"],"picked":"SKIP","floor":46}],"player_experience":126343,"relics_obtained":[{"floor":7,"key":"MealTicket"},{"floor":9,"key":"Bag of Preparation"},{"floor":23,"key":"Bronze Scales"},{"floor":25,"key":"Vajra"},{"floor":26,"key":"Blood Vial"},{"floor":37,"key":"StoneCalendar"},{"floor":41,"key":"Pocketwatch"}],"event_choices":[{"damage_healed":0,"gold_gain":0,"player_choice":"Entered Light","damage_taken":14,"max_hp_gain":0,"max_hp_loss":0,"event_name":"Shining Light","floor":3,"gold_loss":0,"cards_upgraded":["Cloak And Dagger","Neutralize"]},{"damage_healed":0,"gold_gain":0,"player_choice":"Take Wound","damage_taken":0,"relics_obtained":["Golden Idol"],"max_hp_gain":0,"max_hp_loss":0,"event_name":"Golden Idol","floor":5,"gold_loss":0,"cards_obtained":["Injury"]},{"damage_healed":0,"gold_gain":175,"player_choice":"AGREE","damage_taken":0,"max_hp_gain":0,"max_hp_loss":0,"event_name":"Liars Game","floor":11,"gold_loss":0,"cards_obtained":["Doubt"]},{"cards_removed":["Strike_G"],"damage_healed":0,"gold_gain":0,"player_choice":"Card Removal","damage_taken":7,"max_hp_gain":0,"max_hp_loss":0,"event_name":"Golden Wing","floor":12,"gold_loss":0},{"damage_healed":0,"gold_gain":0,"player_choice":"Gave Idol","damage_taken":0,"relics_obtained":["Bloody Idol"],"max_hp_gain":0,"max_hp_loss":0,"event_name":"Forgotten Altar","floor":20,"relics_lost":["Golden Idol"],"gold_loss":0},{"damage_healed":0,"gold_gain":0,"player_choice":"Opened","damage_taken":0,"relics_obtained":["Orichalcum"],"max_hp_gain":0,"max_hp_loss":0,"event_name":"The Mausoleum","floor":21,"gold_loss":0},{"damage_healed":0,"gold_gain":100,"player_choice":"Pray","damage_taken":0,"max_hp_gain":0,"max_hp_loss":0,"event_name":"Golden Shrine","floor":31,"gold_loss":0},{"damage_healed":0,"gold_gain":0,"player_choice":"Fight","damage_taken":0,"max_hp_gain":0,"max_hp_loss":0,"event_name":"Mysterious Sphere","floor":37,"gold_loss":0},{"damage_healed":0,"gold_gain":0,"player_choice":"Embrace Madness","damage_taken":9,"max_hp_gain":0,"max_hp_loss":0,"event_name":"Winding Halls","floor":44,"gold_loss":0,"cards_obtained":["Madness","Madness"]},{"damage_healed":0,"gold_gain":0,"player_choice":"Ignored","damage_taken":0,"max_hp_gain":0,"max_hp_loss":0,"event_name":"Tomb of Lord Red Mask","floor":48,"gold_loss":0}],"is_beta":false,"boss_relics":[{"not_picked":["Ectoplasm","SlaversCollar"],"picked":"Runic Pyramid"},{"not_picked":["Black Star","Snecko Eye"],"picked":"Astrolabe"}],"items_purged_floors":[22,36,47],"is_endless":false,"potions_floor_spawned":[7,14,19,23,27,33,35,38,41,42,46],"killed_by":"Donu and Deca","ascension_level":2}}