{"host":"0hb9w7uizu7y13wj","time":1613079153,"event":{"mods":["Act Like it!","Aspiration","BaseMod","BetterRewards","Colored Map","Conspire","Downfall","Energized Spire","FTL Soundtrack","Friendly Minions","Halation","Hubris","Infinite Spire","Minty Spire (QoL Compilation)","Quick Restart","Replay The Spire","StSLib","Synergy Search","The Hierophant","The Jungle","The Poker Player","Trackpad","everything is the same but u backflip on backflip"],"gold_per_floor":[112,112,387,404,245,273,292,292,317,337,31,61,78,103,103,176,176,195,295,306,25,44,73,86,119,169,187,222,222,222,235,235,312,312,312],"floor_reached":34,"language":"ENG","playtime":1196,"items_purged":["Regret"],"score":1309,"play_id":"8f6fbd55-158f-42c3-b14a-b81b16689ccf","local_time":"20210211213233","is_ascension_mode":true,"campfire_choices":[{"floor":8.0,"key":"REST"},{"data":"ReplayUltimateDefense","floor":15.0,"key":"SMITH"},{"data":"hubris:EnhanceAbility","floor":29.0,"key":"SMITH"},{"data":"Storm","floor":32.0,"key":"SMITH"}],"circlet_count":0,"master_deck":["AscendersBane","Strike_B","Strike_B","Strike_B","Strike_B","Defend_B","Defend_B","Defend_B","Defend_B","Zap","Dualcast","Loop","ReplayUltimateDefense+1","Panache","conspire:Banana","Sunder","Sunder","Regret","Purity","Rainbow","Tempest","All For One","hubris:EnhanceAbility+1","Panacea","FIFO Queue+1","Storm+1","Self Repair","Seek","CurseOfTheBell","CurseOfTheBell","CurseOfTheBell","CurseOfTheBell","CurseOfTheBell","CurseOfTheBell","CurseOfTheBell","CurseOfTheBell"],"relics":["Cracked Core","trackpad:ByrdCharm","Ginger","PreservedInsect","halation:NonexistentMirror","trackpad:SneckoScepter","Oddly Smooth Stone","Sling","Centennial Puzzle","trackpad:SappingStone","trackpad:AdjectivePendant","Pantograph","hubris:BallOfYels","Snecko Eye","Replay:Wanted Poster","The Courier","trackpad:GuardianSpirit","Replay:Mystery Machine","Replay:Bottled Steam","Calling Bell","infinitespire:Beetle Shell","halation:WeightlessCrab","Counterbalance"],"acts_visited":["Exordium","TheCity"],"potions_floor_usage":[],"damage_taken":[{"damage":0.0,"enemies":"Cultist","floor":1.0,"turns":2.0},{"damage":0.0,"enemies":"2 Louse","floor":4.0,"turns":1.0},{"damage":9.0,"enemies":"3 Sentries","floor":6.0,"turns":4.0},{"damage":3.0,"enemies":"conspire:RoseBush","floor":7.0,"turns":2.0},{"damage":0.0,"enemies":"Blue Slaver","floor":10.0,"turns":2.0},{"damage":4.0,"enemies":"Gremlin Nob","floor":12.0,"turns":3.0},{"damage":1.0,"enemies":"Gremlin Gang","floor":13.0,"turns":4.0},{"damage":2.0,"enemies":"Lagavulin","floor":14.0,"turns":4.0},{"damage":62.0,"enemies":"Fading Forest","floor":16.0,"turns":11.0},{"damage":0.0,"enemies":"3 Byrds","floor":18.0,"turns":3.0},{"damage":2.0,"enemies":"Spheric Guardian","floor":20.0,"turns":3.0},{"damage":0.0,"enemies":"Snecko","floor":22.0,"turns":3.0},{"damage":14.0,"enemies":"Slavers","floor":23.0,"turns":3.0},{"damage":0.0,"enemies":"Snake Plant","floor":24.0,"turns":4.0},{"damage":8.0,"enemies":"conspire:SneckoGhost","floor":25.0,"turns":4.0},{"damage":3.0,"enemies":"3 Cultists","floor":27.0,"turns":5.0},{"damage":1.0,"enemies":"conspire:Head Lice","floor":28.0,"turns":6.0},{"damage":7.0,"enemies":"Snecko","floor":31.0,"turns":4.0},{"damage":4,"enemies":"conspire:MysteriousRune","floor":33,"turns":6}],"seed_played":"-4808200278073785283","potions_obtained":[{"floor":6.0,"key":"hexamod:SoulburnPotion"},{"floor":12.0,"key":"ColorlessPotion"},{"floor":14.0,"key":"EssenceOfSteel"},{"floor":16.0,"key":"AttackPotion"},{"floor":18.0,"key":"AttackPotion"},{"floor":20.0,"key":"BlessingOfTheForge"}],"is_trial":false,"path_per_floor":["M","?","?","M","$","E","M","R","T","M","$","E","M","E","R","B",null,"M","AVR","M","$","M","E","M","E","T","M","E","R","?","M","R","B",null],"character_chosen":"DEFECT","items_purchased":["trackpad:ByrdCharm","Loop","ReplayUltimateDefense","PreservedInsect","Panache","conspire:Banana","halation:NonexistentMirror","Sunder","Oddly Smooth Stone","Sling","Purity","trackpad:AdjectivePendant","Rainbow","hubris:EnhanceAbility","Panacea"],"campfire_rested":1,"item_purchase_floors":[0,0,0,0,0,0,0,0,0,0,5,11,11,21,21],"current_hp_per_floor":[23,23,23,24,24,16,14,36,36,37,37,33,33,32,32,18,64,65,65,64,64,65,51,51,44,44,42,49,49,49,43,43,47,47,47],"gold":312,"neow_bonus":"","is_daily":false,"chose_seed":false,"campfire_upgraded":3,"win_rate":0.0,"timestamp":1613079153,"path_taken":["M","?","?","?","$","E","M","R","T","M","$","E","M","E","R","BOSS","M","AVR","M","?","M","E","M","E","T","M","E","R","?","M","R","BOSS"],"items_purchased_type":["Relic","Card","Card","Relic","Card","Card","Relic","Card","Relic","Relic","Card","Relic","Card","Card","Card"],"build_version":"2020-12-22","purchased_purges":1,"victory":false,"max_hp_per_floor":[72,72,72,73,73,74,75,75,75,76,76,76,77,78,78,79,79,80,80,81,81,82,82,82,83,83,84,85,85,85,86,86,87,87,87],"card_choices":[{"not_picked":["Double Energy","Leap","Hologram"],"picked":"SKIP","floor":1.0},{"not_picked":["Stack","ReplayGash","Genetic Algorithm"],"picked":"SKIP","floor":4.0},{"not_picked":["ReplayTheSpireMod:Dual Polarity","Ball Lightning","Rebound"],"picked":"SKIP","floor":6.0},{"not_picked":["Sweeping Beam","Barrage","Leap"],"picked":"SKIP","floor":7.0},{"not_picked":["Coolheaded","BasicCrystalCard","Lockon"],"picked":"SKIP","floor":10.0},{"not_picked":["Hologram","Double Energy","Hello World"],"picked":"SKIP","floor":12.0},{"not_picked":["ReplaySolidLightProjector","Rebound"],"picked":"Tempest","floor":13.0},{"not_picked":["Ball Lightning","Redo","Scrape"],"picked":"SKIP","floor":14.0},{"not_picked":["Multi-Cast","Seek"],"picked":"All For One","floor":16.0},{"not_picked":["aspiration:Polymerization","Hello World","Turbo"],"picked":"SKIP","floor":18.0},{"not_picked":["Beam Cell","Ball Lightning","Barrage"],"picked":"SKIP","floor":20.0},{"not_picked":["Compile Driver","BasicCrystalCard"],"picked":"FIFO Queue+1","floor":22.0},{"not_picked":["Cold Snap+1","FIFO Queue"],"picked":"Storm","floor":23.0},{"not_picked":["Reboot","Rebound","Stack"],"picked":"SKIP","floor":24.0},{"not_picked":["Fission","Cold Snap","Steam+1"],"picked":"SKIP","floor":25.0},{"not_picked":["Rebound","Gash"],"picked":"Self Repair","floor":27.0},{"not_picked":["Redo","hubris:Prefetch","Steam Power"],"picked":"SKIP","floor":28.0},{"not_picked":["Streamline","Coolheaded","Conserve Battery+1"],"picked":"SKIP","floor":31.0},{"not_picked":["Fission","hubris:DoWhile"],"picked":"Seek","floor":33}],"player_experience":993535,"relics_obtained":[{"floor":6.0,"key":"Centennial Puzzle"},{"floor":9.0,"key":"trackpad:SappingStone"},{"floor":12.0,"key":"Pantograph"},{"floor":14.0,"key":"hubris:BallOfYels"},{"floor":23.0,"key":"The Courier"},{"floor":25.0,"key":"trackpad:GuardianSpirit"},{"floor":26.0,"key":"Replay:Mystery Machine"},{"floor":28.0,"key":"Replay:Bottled Steam"},{"floor":34,"key":"infinitespire:Beetle Shell"},{"floor":34,"key":"halation:WeightlessCrab"},{"floor":34,"key":"Counterbalance"}],"event_choices":[{"damage_healed":0.0,"max_hp_gain":0.0,"max_hp_loss":0.0,"gold_gain":0.0,"event_name":"Scrap Ooze","player_choice":"Fled","floor":2.0,"gold_loss":0.0,"damage_taken":0.0},{"damage_healed":0.0,"max_hp_gain":0.0,"max_hp_loss":0.0,"gold_gain":275.0,"event_name":"Golden Shrine","player_choice":"Desecrate","floor":3.0,"gold_loss":0.0,"damage_taken":0.0,"cards_obtained":["Regret"]},{"damage_healed":0.0,"max_hp_gain":0.0,"max_hp_loss":0.0,"gold_gain":0.0,"event_name":"Ghosts","player_choice":"Ignored","floor":30.0,"gold_loss":0.0,"damage_taken":0.0}],"is_beta":false,"boss_relics":[{"not_picked":["energizedSpire:OgreHead","Coffee Dripper"],"picked":"Snecko Eye"},{"not_picked":["conspire:RunicOctahedron","Replay:Ancient Bell"],"picked":"Calling Bell"}],"items_purged_floors":[5],"is_endless":false,"potions_floor_spawned":[6,12,14,16,18,20,22,28],"ascension_level":14}}