{"host":"gaqyve1328ta0etl","time":1613086926,"event":{"mods":["BaseMod","Colored Map","Colored Powertips","Duelist Mod","Googly Eyes","Hero for Fun","Minty Spire (QoL Compilation)","Shop Mod","StSLib","SuperFastMode","The Hierophant","The Runesmith"],"gold_per_floor":[142,154,79,97,197,222,34,34,34,54,54,64,64,77,77,182,182,200,49,59,59,79,79,79,99,171,171,171,171],"floor_reached":28,"language":"ENG","playtime":859,"items_purged":["theDuelist:Sparks","theDuelist:CastleWalls","theDuelist:CastleWalls"],"score":297,"play_id":"ae2909f2-84bf-4de4-9083-16d2000efaaa","local_time":"20210211154206","is_ascension_mode":true,"campfire_choices":[{"data":"theDuelist:TailSwipe","floor":11,"key":"SMITH"},{"data":"theDuelist:SnowDragon","floor":13,"key":"SMITH"},{"data":"theDuelist:CastleDragonSouls","floor":15,"key":"SMITH"},{"data":"theDuelist:Scapegoat","floor":23,"key":"SMITH"},{"floor":27,"key":"REST"}],"circlet_count":0,"master_deck":["theDuelist:BabyDragon","theDuelist:CaveDragon","theDuelist:LesserDragon","theDuelist:YamataDragon","theDuelist:SilverDragon+1","theDuelist:TailSwipe+1","theDuelist:SnowDragon+1","theDuelist:CastleDragonSouls+1","theDuelist:Scapegoat+1","theDuelist:PotGreed","theDuelist:BlackStego","Necronomicurse"],"relics":["theDuelist:MillenniumPuzzle","theDuelist:CardPoolRelic","theDuelist:CardPoolBasicRelic","theDuelist:BoosterPackPoolRelic","theDuelist:CardPoolAddRelic","theDuelist:CardPoolMinusRelic","theDuelist:CardPoolSaveRelic","theDuelist:CardPoolOptionsRelic","Meat on the Bone","theDuelist:MerchantPendant","theDuelist:GoldenScale","Empty Cage","Medical Kit","Necronomicon","Singing Bowl"],"acts_visited":["Exordium","TheCity"],"potions_floor_usage":[2,6,22],"damage_taken":[{"damage":1,"enemies":"Cultist","floor":1,"turns":3},{"damage":1,"enemies":"Jaw Worm","floor":2,"turns":2},{"damage":3,"enemies":"2 Louse","floor":4,"turns":2},{"damage":4,"enemies":"Lagavulin","floor":6,"turns":5},{"damage":0,"enemies":"Lots of Slimes","floor":10,"turns":4},{"damage":0,"enemies":"3 Louse","floor":12,"turns":2},{"damage":0,"enemies":"Exordium Thugs","floor":14,"turns":6},{"damage":14,"enemies":"Slime Boss","floor":16,"turns":6},{"damage":3,"enemies":"3 Byrds","floor":18,"turns":4},{"damage":0,"enemies":"Chosen","floor":20,"turns":4},{"damage":1,"enemies":"Centurion and Healer","floor":22,"turns":6},{"damage":0,"enemies":"3 Cultists","floor":25,"turns":4},{"damage":85,"enemies":"Slavers","floor":28,"turns":6}],"seed_played":"3076943869062036357","potions_obtained":[{"floor":1,"key":"DistilledChaos"},{"floor":2,"key":"Fruit Juice"},{"floor":6,"key":"theDuelist:SolderPotionB"},{"floor":10,"key":"theDuelist:DragonfirePotion"},{"floor":20,"key":"AttackPotion"},{"floor":22,"key":"Dexterity Potion"}],"is_trial":false,"path_per_floor":["M","M","$","M","?","E","$","?","T","M","R","M","R","M","R","B",null,"M","$","M","$","M","R","?","M","T","R","E"],"character_chosen":"THE_DUELIST","items_purchased":["theDuelist:MerchantPendant","Medical Kit"],"campfire_rested":1,"item_purchase_floors":[7,19],"current_hp_per_floor":[71,75,75,72,72,68,68,68,68,68,68,68,68,68,68,54,77,74,74,74,74,73,73,57,57,57,82,0,0],"gold":171,"neow_bonus":"REMOVE_CARD","is_daily":false,"chose_seed":false,"campfire_upgraded":4,"win_rate":0.0,"timestamp":1613086926,"path_taken":["M","M","$","?","?","E","?","?","T","M","R","?","R","M","R","BOSS","M","$","M","$","M","R","?","M","T","R","E"],"items_purchased_type":["Relic","Relic"],"build_version":"2020-12-22","purchased_purges":3,"victory":false,"max_hp_per_floor":[80,85,85,85,85,85,85,85,85,85,85,85,85,85,85,85,85,85,85,85,85,85,85,85,85,85,85,85,85],"card_choices":[{"not_picked":["theDuelist:Earthquake","theDuelist:Beatraptor","theDuelist:DefenseDraw","theDuelist:FluteSummoning"],"picked":"theDuelist:SilverDragon","floor":1},{"not_picked":["theDuelist:TrihornedDragon","theDuelist:MadFlameKaiju","theDuelist:BlackTyranno","theDuelist:BlackStego","theDuelist:BarrelDragon"],"picked":"SKIP","floor":2},{"not_picked":["theDuelist:RainbowOverdragon","theDuelist:ScrapFactory","theDuelist:HaneHane","theDuelist:Mausoleum","theDuelist:LabyrinthWall"],"picked":"SKIP","floor":4},{"not_picked":["theDuelist:SurvivalFittest","theDuelist:FiveHeaded","theDuelist:ChimeratechOverdragon","theDuelist:ArmedProtectorDragon"],"picked":"theDuelist:TailSwipe","floor":6},{"not_picked":["theDuelist:BigFire","theDuelist:HarpieFeather","theDuelist:BigKoala","theDuelist:Mausoleum","theDuelist:DarkFactory"],"picked":"SKIP","floor":10},{"not_picked":["theDuelist:ViceDragon","theDuelist:CurseDragon","theDuelist:MegafleetDragon","theDuelist:Sabersaurus"],"picked":"theDuelist:SnowDragon","floor":12},{"not_picked":["theDuelist:SystemDown","theDuelist:GalaxySoldier","theDuelist:Berserking"],"picked":"theDuelist:CastleDragonSouls","floor":14},{"not_picked":["theDuelist:SliferSky","theDuelist:SeismicShockwave","theDuelist:LostWorld","theDuelist:ChimeratechOverdragon"],"picked":"theDuelist:Scapegoat","floor":16},{"not_picked":["theDuelist:BattleguardKing","theDuelist:Terraforming","theDuelist:BigKoala","theDuelist:ForbiddenChalice"],"picked":"theDuelist:PotGreed","floor":18},{"not_picked":["theDuelist:GiantRex","theDuelist:BlackTyranno","theDuelist:TrihornedDragon","theDuelist:MadFlameKaiju"],"picked":"theDuelist:BlackStego","floor":20},{"not_picked":["theDuelist:VeilDarkness","theDuelist:TrihornedDragon+1","theDuelist:BlackVeloci","theDuelist:DarkDriceratops","theDuelist:BlackBrutdrago"],"picked":"SKIP","floor":22},{"not_picked":["theDuelist:TrihornedDragon","theDuelist:ArmedDragon5","theDuelist:TornadoDragon","theDuelist:DarkfireDragon","theDuelist:AtomicScrapDragon"],"picked":"SKIP","floor":25}],"player_experience":2135731,"relics_obtained":[{"floor":6,"key":"Meat on the Bone"},{"floor":9,"key":"theDuelist:GoldenScale"},{"floor":24,"key":"Necronomicon"},{"floor":26,"key":"Singing Bowl"}],"event_choices":[{"damage_healed":0,"gold_gain":100,"player_choice":"Gold","damage_taken":0,"max_hp_gain":0,"max_hp_loss":0,"event_name":"Wheel of Change","floor":5,"gold_loss":0},{"damage_healed":0,"gold_gain":0,"player_choice":"Upgraded","damage_taken":0,"max_hp_gain":0,"max_hp_loss":0,"event_name":"Upgrade Shrine","floor":8,"gold_loss":0,"cards_upgraded":["theDuelist:SilverDragon"]},{"damage_healed":0,"gold_gain":0,"player_choice":"Obtained Book","damage_taken":16,"max_hp_gain":0,"max_hp_loss":0,"event_name":"Cursed Tome","floor":24,"gold_loss":0}],"is_beta":false,"boss_relics":[{"not_picked":["SacredBark","Astrolabe"],"picked":"Empty Cage"}],"items_purged_floors":[3,7,7],"is_endless":false,"potions_floor_spawned":[1,2,6,10,20,22],"killed_by":"Slavers","ascension_level":7}}