{"host":"bzq0skgbben6khkk","time":1613024359,"event":{"mods":["Act Like it!","Arknights","BaseMod","Minty Spire (QoL Compilation)","StSLib","Swap Starting Deck Mod"],"gold_per_floor":[113,113,113,131,143,171,191,191,191,210,230,261,261,278,278,374,374,393,393,393,308,17,46,46,46,46],"floor_reached":25,"language":"ZHS","playtime":1491,"items_purged":["ats:LN2 Cannon+1"],"score":231,"play_id":"612a6cf0-9208-4d44-a6d0-63f67a49a51f","local_time":"20210211141919","is_ascension_mode":false,"campfire_choices":[{"data":"ats:Blood Oath","floor":8.0,"key":"SMITH"},{"data":"ats:Absolute Focus","floor":13.0,"key":"SMITH"},{"data":"ats:Sashimi Platter","floor":15.0,"key":"SMITH"}],"circlet_count":0,"master_deck":["ats:Cat Scratch","ats:Shell Defense","ats:Powerful Strike","ats:Hammer On","ats:Ignite","ats:Shell Defense","ats:Blood Oath+1","ats:Thermite Blade","ats:Apocalypse","ats:Sashimi Platter+1","ats:Durian","ats:Absolute Focus+1","ats:Song Of Battle","ats:Shadow Assault","ats:Soul Rend+1","ats:Defend Order+1","ats:Automatic Cover","ats:Assault Order","ats:Disruption Kick","ats:Literary Storm","ats:Directed Diagnosis"],"relics":["ats:Sanity","ats:Originium","Bag of Marbles","ats:Lavender","Astrolabe","White Beast Statue","Orrery","Letter Opener","ats:Industrial Water Cannon"],"acts_visited":["Exordium","TheCity"],"potions_floor_usage":[23,23,25],"damage_taken":[{"damage":0.0,"enemies":"Jaw Worm","floor":1.0,"turns":3.0},{"damage":0.0,"enemies":"Cultist","floor":4.0,"turns":3.0},{"damage":6.0,"enemies":"2 Louse","floor":5.0,"turns":3.0},{"damage":18.0,"enemies":"Lagavulin","floor":6.0,"turns":6.0},{"damage":6.0,"enemies":"Large Slime","floor":7.0,"turns":4.0},{"damage":9.0,"enemies":"2 Fungi Beasts","floor":10.0,"turns":3.0},{"damage":12.0,"enemies":"Blue Slaver","floor":11.0,"turns":2.0},{"damage":17.0,"enemies":"Gremlin Nob","floor":12.0,"turns":4.0},{"damage":14.0,"enemies":"Large Slime","floor":14.0,"turns":4.0},{"damage":95.0,"enemies":"Hexaghost","floor":16.0,"turns":11.0},{"damage":20.0,"enemies":"Spheric Guardian","floor":18.0,"turns":5.0},{"damage":22,"enemies":"Slavers","floor":23,"turns":6},{"damage":44,"enemies":"Gremlin Leader","floor":25,"turns":10}],"seed_played":"-8444345917660314916","potions_obtained":[{"floor":1.0,"key":"Energy Potion"},{"floor":5.0,"key":"BlessingOfTheForge"},{"floor":11.0,"key":"ats:Emergency Sanity Potion"},{"floor":14.0,"key":"AttackPotion"},{"floor":23,"key":"BlessingOfTheForge"}],"is_trial":false,"path_per_floor":["M","?","?","M","M","E","M","R","T","M","M","E","R","M","R","B",null,"M","?","?","?","$","E","?","E"],"character_chosen":"DOCTOR_CLASS","items_purchased":["Orrery","ats:Directed Diagnosis"],"campfire_rested":0,"item_purchase_floors":[22,22],"current_hp_per_floor":[54,59,59,59,53,44,41,41,41,41,38,44,44,53,53,17,59,53,53,43,43,43,62,62,64,64],"gold":46,"neow_bonus":"","is_daily":false,"chose_seed":false,"campfire_upgraded":3,"win_rate":0.0,"timestamp":1613024359,"path_taken":["M","?","?","M","M","E","M","R","T","?","M","E","R","M","R","BOSS","M","?","?","?","?","E","?","E"],"items_purchased_type":["Relic","Card"],"build_version":"2020-12-22","purchased_purges":1,"victory":false,"max_hp_per_floor":[54,59,59,59,59,59,59,59,59,59,59,59,59,59,59,59,59,59,59,64,64,64,64,64,64,64],"card_choices":[{"not_picked":["ats:Guard Mode","ats:Hammer On"],"picked":"ats:Blood Oath","floor":1.0},{"not_picked":["ats:Consecutive Shot Auto","ats:Guard Mode"],"picked":"ats:Thermite Blade","floor":4.0},{"not_picked":["ats:Mental Burst","ats:Neurotoxin","ats:Very Hot Blade"],"picked":"SKIP","floor":5.0},{"not_picked":["ats:Revitalization","ats:LN2 Cannon","ats:Poison Spread"],"picked":"SKIP","floor":6.0},{"not_picked":["ats:Very Hot Blade","ats:Guardian Obelisk"],"picked":"ats:Apocalypse","floor":7.0},{"not_picked":["ats:Apocalypse","ats:Poison Spread"],"picked":"ats:Sashimi Platter","floor":10.0},{"not_picked":["ats:Healing Drone","ats:Powerful Strike"],"picked":"ats:Durian","floor":11.0},{"not_picked":["ats:Hammer On","ats:Explosion Area Strengthen"],"picked":"ats:Absolute Focus","floor":12.0},{"not_picked":["ats:Defend Order","ats:Hammer On"],"picked":"ats:Song Of Battle","floor":14.0},{"not_picked":["ats:Calcification","ats:Disruption Kick"],"picked":"ats:Shadow Assault","floor":16.0},{"not_picked":["ats:Hammer On+1","ats:Blood Oath+1"],"picked":"ats:Automatic Cover","floor":18.0},{"not_picked":["ats:Mental Burst+1","ats:Counter Healing Mode"],"picked":"ats:Assault Order","floor":22.0},{"not_picked":["ats:Hammer On+1","ats:Shadow Raid"],"picked":"ats:Disruption Kick","floor":22.0},{"not_picked":["ats:Guardian Obelisk+1","ats:Serious Mode"],"picked":"ats:Literary Storm","floor":22.0},{"not_picked":["ats:Mental Burst","ats:Guard Mode","ats:Sashimi Platter"],"picked":"SKIP","floor":23}],"player_experience":461171,"relics_obtained":[{"floor":6.0,"key":"ats:Originium"},{"floor":6.0,"key":"Bag of Marbles"},{"floor":12.0,"key":"ats:Originium"},{"floor":12.0,"key":"ats:Lavender"},{"floor":23,"key":"ats:Originium"},{"floor":23,"key":"Letter Opener"}],"event_choices":[{"damage_healed":0.0,"max_hp_gain":5.0,"max_hp_loss":0.0,"gold_gain":0.0,"event_name":"Big Fish","player_choice":"Donut","floor":2.0,"gold_loss":0.0,"damage_taken":0.0},{"cards_removed":["ats:Very Hot Blade"],"damage_healed":0.0,"max_hp_gain":0.0,"max_hp_loss":0.0,"gold_gain":0.0,"event_name":"Purifier","player_choice":"Purged","floor":3.0,"gold_loss":0.0,"damage_taken":0.0},{"damage_healed":0.0,"max_hp_gain":0.0,"max_hp_loss":0.0,"gold_gain":0.0,"event_name":"Ghosts","player_choice":"Ignored","floor":19.0,"gold_loss":0.0,"damage_taken":0.0},{"damage_healed":0.0,"max_hp_gain":5.0,"max_hp_loss":0.0,"gold_gain":0.0,"event_name":"Forgotten Altar","player_choice":"Shed Blood","floor":20.0,"gold_loss":0.0,"damage_taken":15.0},{"damage_healed":0.0,"max_hp_gain":0.0,"max_hp_loss":0.0,"gold_gain":0.0,"event_name":"Addict","player_choice":"Obtained Relic","floor":21.0,"gold_loss":85.0,"damage_taken":0.0,"relics_obtained":["White Beast Statue"]},{"damage_healed":0,"gold_gain":0,"player_choice":"Opened","damage_taken":0,"relics_obtained":["ats:Industrial Water Cannon"],"max_hp_gain":0,"max_hp_loss":0,"event_name":"The Mausoleum","floor":24,"gold_loss":0}],"is_beta":false,"boss_relics":[{"not_picked":["Empty Cage","Cursed Key"],"picked":"Astrolabe"}],"items_purged_floors":[22],"is_endless":false,"potions_floor_spawned":[1,5,11,12,14,23],"killed_by":"Gremlin Leader","ascension_level":0}}