{"host":"gbsupkmj5cka9iw4","time":1613069756,"event":{"mods":["BaseMod","BetterRewards","Minty Spire (QoL Compilation)","Say the Spire","Shop Mod","StSLib"],"gold_per_floor":[118,118,43,43,118,145,145,196,196,240,240,254,279,324,324,402,402,401,269,269,269],"floor_reached":20,"language":"ENG","playtime":905,"items_purged":["Defend_P"],"score":444,"play_id":"cd8c7505-ab54-4c9c-a189-6e0d0932c3d7","local_time":"20210212035556","is_ascension_mode":true,"campfire_choices":[{"floor":11.0,"key":"REST"},{"floor":15.0,"key":"REST"}],"circlet_count":0,"master_deck":["AscendersBane","Strike_P","Strike_P","Strike_P","Defend_P+1","Defend_P+1","Eruption","Vigilance","FlurryOfBlows","ThirdEye","Wish","MentalFortress","BattleHymn","WheelKick","Wireheading","FollowUp","Devotion","EmptyBody","CutThroughFate"],"relics":["PureWater","NeowsBlessing","CaptainsWheel","Shuriken","Blue Candle","WingedGreaves","VioletLotus"],"acts_visited":["Exordium","TheCity"],"potions_floor_usage":[20,20,20],"damage_taken":[{"damage":0.0,"enemies":"Cultist","floor":1.0,"turns":1.0},{"damage":0.0,"enemies":"3 Sentries","floor":6.0,"turns":1.0},{"damage":0.0,"enemies":"Lagavulin","floor":8.0,"turns":2.0},{"damage":6.0,"enemies":"Small Slimes","floor":10.0,"turns":6.0},{"damage":0.0,"enemies":"Jaw Worm","floor":12.0,"turns":4.0},{"damage":16.0,"enemies":"Gremlin Nob","floor":13.0,"turns":4.0},{"damage":13.0,"enemies":"2 Fungi Beasts","floor":14.0,"turns":4.0},{"damage":6.0,"enemies":"Hexaghost","floor":16.0,"turns":8.0},{"damage":9.0,"enemies":"2 Thieves","floor":18.0,"turns":4.0},{"damage":5,"enemies":"3 Byrds","floor":20,"turns":4}],"seed_played":"-2070181207446419219","potions_obtained":[{"floor":8.0,"key":"EntropicBrew"},{"floor":10.0,"key":"Ambrosia"},{"floor":16.0,"key":"Block Potion"}],"is_trial":false,"path_per_floor":["M","?","?","$","?","E","?","E","T","M","R","M","E","M","R","B",null,"M","$","M"],"character_chosen":"WATCHER","items_purchased":["CutThroughFate"],"campfire_rested":2,"item_purchase_floors":[19],"current_hp_per_floor":[61,41,41,41,30,30,30,30,30,24,44,44,28,15,35,29,58,49,49,44,44],"gold":269,"neow_bonus":"THREE_ENEMY_KILL","is_daily":false,"chose_seed":false,"campfire_upgraded":0,"win_rate":0.0,"timestamp":1613069756,"path_taken":["M","?","?","?","?","E","?","E","T","?","R","M","E","M","R","BOSS","M","$","?"],"items_purchased_type":["Card"],"build_version":"2020-12-22","purchased_purges":1,"victory":false,"max_hp_per_floor":[68,68,68,68,68,68,68,68,68,68,68,68,68,68,68,68,68,68,68,68,68],"card_choices":[{"not_picked":["EmptyBody","Protect"],"picked":"FlurryOfBlows","floor":1.0},{"not_picked":["EmptyBody","FlyingSleeves"],"picked":"ThirdEye","floor":6.0},{"not_picked":["WindmillStrike","Wish"],"picked":"MentalFortress","floor":8.0},{"not_picked":["Fasting2","Halt"],"picked":"BattleHymn","floor":10.0},{"not_picked":["PathToVictory","Consecrate"],"picked":"WheelKick","floor":12.0},{"not_picked":["TalkToTheHand","ClearTheMind"],"picked":"Wireheading","floor":13.0},{"not_picked":["JustLucky","Protect"],"picked":"FollowUp","floor":14.0},{"not_picked":["Omniscience","Judgement"],"picked":"Devotion","floor":16.0},{"not_picked":["Fasting2","Consecrate"],"picked":"EmptyBody","floor":18.0}],"player_experience":843389,"relics_obtained":[{"floor":6.0,"key":"CaptainsWheel"},{"floor":8.0,"key":"Shuriken"},{"floor":9.0,"key":"Blue Candle"},{"floor":13.0,"key":"WingedGreaves"}],"event_choices":[{"damage_healed":0.0,"max_hp_gain":0.0,"max_hp_loss":0.0,"gold_gain":0.0,"event_name":"Shining Light","player_choice":"Entered Light","floor":2.0,"gold_loss":0.0,"damage_taken":20.0,"cards_upgraded":["Defend_P","Defend_P"]},{"cards_removed":["Strike_P"],"damage_healed":0.0,"max_hp_gain":0.0,"max_hp_loss":0.0,"gold_gain":0.0,"event_name":"The Cleric","player_choice":"Card Removal","floor":3.0,"gold_loss":75.0,"damage_taken":0.0},{"damage_healed":0.0,"max_hp_gain":0.0,"max_hp_loss":0.0,"gold_gain":75.0,"event_name":"World of Goop","player_choice":"Gather Gold","floor":5.0,"gold_loss":0.0,"damage_taken":11.0},{"damage_healed":0.0,"max_hp_gain":0.0,"max_hp_loss":0.0,"gold_gain":0.0,"cards_transformed":["Defend_P"],"event_name":"Living Wall","player_choice":"Change","floor":7.0,"gold_loss":0.0,"damage_taken":0.0,"cards_obtained":["Wish"]}],"is_beta":false,"boss_relics":[{"not_picked":["Sozu","Empty Cage"],"picked":"VioletLotus"}],"items_purged_floors":[19],"is_endless":false,"potions_floor_spawned":[8,10,12,13,16],"killed_by":"3 Byrds","ascension_level":17}}