{"host":"49pjgf1q9ev52n8z","time":1613022709,"event":{"mods":["BaseMod","Bestiary","Colored Map","Keyboard Shortcuts","Minty Spire (QoL Compilation)","Practice Mode","Relic Stats","StSLib"],"gold_per_floor":[119,139,154,154,154,154,181,196,241,241,270,270,52,64,64,161,161,179,139,149,165,177,205,205,220,220,220,249,5,5,104,104,200,200,213,213,224,240,240,268,282,282,282,298,298,12,24,24,24,24],"floor_reached":51,"language":"ENG","playtime":6990,"items_purged":["Decay","Go for the Eyes"],"score":892,"play_id":"06794ccc-34d2-4c7c-847b-1c3940559e3f","local_time":"20210210215149","is_ascension_mode":true,"campfire_choices":[{"data":"Compile Driver","floor":6.0,"key":"SMITH"},{"data":"Machine Learning","floor":10.0,"key":"SMITH"},{"data":"Darkness","floor":15.0,"key":"SMITH"},{"floor":24.0,"key":"REST"},{"floor":27.0,"key":"REST"},{"floor":32.0,"key":"REST"},{"floor":42,"key":"REST"},{"floor":49,"key":"REST"}],"circlet_count":0,"master_deck":["Defend_B+1","Defend_B","Defend_B","Zap","Dualcast","Hello World","Core Surge+1","Stack","Seek","Compile Driver+1","Machine Learning+1","Rebound","Hologram","Darkness+1","Tempest","Fission","Fusion+1","Hyperbeam+1","Reinforced Body+1","Self Repair","Capacitor+1","Doom and Gloom","BootSequence+1","Turbo","Force Field+1","Recycle+1","Glacier","Multi-Cast","Bite","Bite","Bite","Bite","Bite","Creative AI","CurseOfTheBell","Turbo+1","Secret Technique","Machine Learning+1","Biased Cognition","Echo Form"],"relics":["Cracked Core","Prayer Wheel","Letter Opener","Bottled Tornado","DataDisk","Oddly Smooth Stone","Lee\u0027s Waffle","Astrolabe","Blue Candle","The Courier","Juzu Bracelet","Centennial Puzzle","Calling Bell","Regal Pillow","Pear","FossilizedHelix","Omamori","Vajra","Membership Card","Bronze Scales","Toy Ornithopter","Bag of Marbles"],"acts_visited":["Exordium","TheCity","TheBeyond"],"potions_floor_usage":[37,40,40,50],"damage_taken":[{"damage":4.0,"enemies":"2 Louse","floor":1.0,"turns":2.0},{"damage":6.0,"enemies":"Jaw Worm","floor":2.0,"turns":3.0},{"damage":1.0,"enemies":"Cultist","floor":3.0,"turns":3.0},{"damage":6.0,"enemies":"Gremlin Nob","floor":7.0,"turns":4.0},{"damage":7.0,"enemies":"Red Slaver","floor":8.0,"turns":3.0},{"damage":15.0,"enemies":"Lagavulin","floor":11.0,"turns":5.0},{"damage":4.0,"enemies":"2 Fungi Beasts","floor":14.0,"turns":3.0},{"damage":22.0,"enemies":"Slime Boss","floor":16.0,"turns":6.0},{"damage":12.0,"enemies":"Chosen","floor":18.0,"turns":3.0},{"damage":9.0,"enemies":"Shell Parasite","floor":20.0,"turns":4.0},{"damage":12.0,"enemies":"Snake Plant","floor":21.0,"turns":3.0},{"damage":15.0,"enemies":"Cultist and Chosen","floor":22.0,"turns":5.0},{"damage":32.0,"enemies":"Book of Stabbing","floor":23.0,"turns":6.0},{"damage":29.0,"enemies":"Shelled Parasite and Fungi","floor":25.0,"turns":6.0},{"damage":24.0,"enemies":"Slavers","floor":28.0,"turns":5.0},{"damage":38.0,"enemies":"Collector","floor":33.0,"turns":13.0},{"damage":0,"enemies":"Orb Walker","floor":35,"turns":4},{"damage":0,"enemies":"3 Shapes","floor":37,"turns":5},{"damage":4,"enemies":"Maw","floor":38,"turns":8},{"damage":66,"enemies":"Reptomancer","floor":40,"turns":6},{"damage":2,"enemies":"4 Shapes","floor":41,"turns":3},{"damage":18,"enemies":"3 Darklings","floor":44,"turns":3},{"damage":5,"enemies":"Sphere and 2 Shapes","floor":47,"turns":3},{"damage":34,"enemies":"Time Eater","floor":50,"turns":11}],"seed_played":"6765587071913442431","potions_obtained":[{"floor":1.0,"key":"Energy Potion"},{"floor":2.0,"key":"Regen Potion"},{"floor":3.0,"key":"ColorlessPotion"},{"floor":7.0,"key":"FearPotion"},{"floor":12.0,"key":"CultistPotion"},{"floor":12.0,"key":"Block Potion"},{"floor":16.0,"key":"Block Potion"},{"floor":21.0,"key":"Ancient Potion"},{"floor":22.0,"key":"SteroidPotion"},{"floor":23.0,"key":"LiquidBronze"},{"floor":38,"key":"SneckoOil"},{"floor":41,"key":"EssenceOfDarkness"}],"is_trial":false,"path_per_floor":["M","M","M","?","T","R","E","M","T","R","E","?","$","M","R","B",null,"M","$","M","M","M","E","R","M","T","R","E","$","?","?","R","B",null,"M","?","M","M","?","E","M","R","T","M","?","$","M","?","R","B",null],"character_chosen":"DEFECT","items_purchased":["Lee\u0027s Waffle","Self Repair","Centennial Puzzle","Block Potion","Membership Card","Bronze Scales","Toy Ornithopter","Weak Potion","GamblersBrew"],"campfire_rested":5,"item_purchase_floors":[13,19,29,29,46,46,46,46,46],"current_hp_per_floor":[71,65,64,49,49,49,55,48,48,48,33,33,82,78,78,56,82,70,70,68,56,41,16,40,25,25,49,25,25,25,25,42,29,67,67,67,67,65,65,3,5,40,40,24,24,24,25,25,60,39],"gold":24,"neow_bonus":"ONE_RARE_RELIC","is_daily":false,"chose_seed":false,"campfire_upgraded":3,"win_rate":0.0,"timestamp":1613022709,"path_taken":["M","M","M","?","?","R","E","M","T","R","E","?","$","M","R","BOSS","M","?","M","M","M","E","R","M","T","R","E","$","?","?","R","BOSS","BOSS","M","?","M","M","?","E","M","R","T","M","?","$","M","?","R","BOSS"],"items_purchased_type":["Relic","Card","Relic","Potion","Relic","Relic","Relic","Potion","Potion"],"build_version":"2020-12-22","purchased_purges":2,"victory":true,"max_hp_per_floor":[75,75,75,75,75,75,75,75,75,75,75,75,82,82,82,82,82,82,82,82,82,82,82,82,82,82,82,82,82,57,57,57,57,67,67,67,67,67,67,67,67,67,67,67,67,67,67,67,67,67],"relic_stats":{"Lee\u0027s Waffle":49,"Centennial Puzzle":[21],"Regal Pillow":30,"counters":[24,117],"Astrolabe":["Fusion","Hyperbeam","Reinforced Body"],"Blue Candle":[0],"Bronze Scales":[48],"Prayer Wheel":16,"Juzu Bracelet":3,"Letter Opener":[291],"obtain_stats":[{"Lee\u0027s Waffle":13,"Regal Pillow":34,"Pear":34,"Astrolabe":17,"Blue Candle":23,"Oddly Smooth Stone":11,"Vajra":43,"The Courier":26,"Juzu Bracelet":28,"Omamori":40,"Letter Opener":5,"Bottled Tornado":7,"Calling Bell":34,"DataDisk":9,"Centennial Puzzle":29,"Bronze Scales":46,"Prayer Wheel":0,"Bag of Marbles":48,"Membership Card":46,"Cracked Core":0,"FossilizedHelix":34,"Toy Ornithopter":46},{"Lee\u0027s Waffle":6,"Regal Pillow":16,"Pear":16,"Astrolabe":8,"Blue Candle":13,"Oddly Smooth Stone":6,"Vajra":21,"The Courier":14,"Juzu Bracelet":15,"Omamori":20,"Letter Opener":3,"Bottled Tornado":4,"Calling Bell":16,"DataDisk":5,"Centennial Puzzle":15,"Bronze Scales":22,"Prayer Wheel":0,"Bag of Marbles":23,"Membership Card":22,"Cracked Core":0,"FossilizedHelix":16,"Toy Ornithopter":22},{"Lee\u0027s Waffle":20,"Regal Pillow":74,"Pear":74,"Astrolabe":29,"Blue Candle":50,"Oddly Smooth Stone":20,"Vajra":100,"The Courier":56,"Juzu Bracelet":61,"Omamori":97,"Letter Opener":8,"Bottled Tornado":12,"Calling Bell":74,"DataDisk":15,"Centennial Puzzle":61,"Bronze Scales":103,"Prayer Wheel":0,"Bag of Marbles":106,"Membership Card":103,"Cracked Core":0,"FossilizedHelix":74,"Toy Ornithopter":103}],"Toy Ornithopter":5},"card_choices":[{"not_picked":["Auto Shields","Barrage"],"picked":"Hello World","floor":1.0},{"not_picked":["Steam","Streamline"],"picked":"Core Surge","floor":1.0},{"not_picked":["Melter","Storm"],"picked":"Go for the Eyes","floor":2.0},{"not_picked":["Gash","Stack","Loop"],"picked":"SKIP","floor":2.0},{"not_picked":["Gash","Loop"],"picked":"Stack","floor":2.0},{"not_picked":["Darkness","Gash"],"picked":"Seek","floor":3.0},{"not_picked":["Recycle","Conserve Battery"],"picked":"Compile Driver","floor":3.0},{"not_picked":["Darkness","Self Repair"],"picked":"Machine Learning","floor":7.0},{"not_picked":["Stack","Blizzard"],"picked":"Rebound","floor":8.0},{"not_picked":["Go for the Eyes","Streamline"],"picked":"Hologram","floor":8.0},{"not_picked":["Stack","Leap"],"picked":"Darkness","floor":11.0},{"not_picked":["Sweeping Beam","Chill"],"picked":"Tempest","floor":14.0},{"not_picked":["Self Repair","Stack","Rebound"],"picked":"SKIP","floor":14.0},{"not_picked":["Buffer","Meteor Strike"],"picked":"Fission","floor":16.0},{"not_picked":["Compile Driver","Cold Snap","Consume"],"picked":"SKIP","floor":18.0},{"not_picked":["Aggregate","Conserve Battery","Consume"],"picked":"SKIP","floor":18.0},{"not_picked":["Blizzard","Skim"],"picked":"Capacitor+1","floor":20.0},{"not_picked":["White Noise","Lockon"],"picked":"Doom and Gloom","floor":20.0},{"not_picked":["Hologram","Stack"],"picked":"BootSequence+1","floor":21.0},{"not_picked":["Ball Lightning","Lockon+1"],"picked":"Turbo","floor":21.0},{"not_picked":["Steam","Rebound"],"picked":"Amplify","floor":22.0},{"not_picked":["Beam Cell","Ball Lightning"],"picked":"Force Field+1","floor":22.0},{"not_picked":["Gash","Cold Snap+1"],"picked":"Recycle+1","floor":23.0},{"not_picked":["Melter","Gash"],"picked":"Glacier","floor":25.0},{"not_picked":["Cold Snap","Beam Cell","Compile Driver"],"picked":"SKIP","floor":25.0},{"not_picked":["Sunder","Steam Power"],"picked":"Multi-Cast","floor":28.0},{"not_picked":["Meteor Strike","Electrodynamics"],"picked":"Creative AI","floor":33},{"not_picked":["Go for the Eyes+1","Ball Lightning+1"],"picked":"Turbo+1","floor":35},{"not_picked":["Compile Driver","Beam Cell+1","Aggregate+1"],"picked":"SKIP","floor":35},{"not_picked":["Jack Of All Trades","Mayhem"],"picked":"Secret Technique","floor":36},{"not_picked":["Rip and Tear","Gash","Force Field+1"],"picked":"SKIP","floor":37},{"not_picked":["Storm","Ball Lightning+1","Compile Driver"],"picked":"SKIP","floor":37},{"not_picked":["Gash","Self Repair+1","Undo+1"],"picked":"SKIP","floor":38},{"not_picked":["Beam Cell+1","Stack+1","Rebound+1"],"picked":"SKIP","floor":38},{"not_picked":["Melter","FTL","Beam Cell+1"],"picked":"SKIP","floor":40},{"not_picked":["Static Discharge","Hologram"],"picked":"Biased Cognition","floor":41},{"not_picked":["Sweeping Beam+1","Redo","Cold Snap"],"picked":"SKIP","floor":41},{"not_picked":["Sunder+1","Steam+1","Hello World+1"],"picked":"SKIP","floor":44},{"not_picked":["Hologram","Cold Snap","Streamline+1"],"picked":"SKIP","floor":44},{"not_picked":["Stack","Gash+1","Turbo"],"picked":"SKIP","floor":47},{"not_picked":["Barrage","Gash","Thunder Strike"],"picked":"SKIP","floor":47}],"player_experience":802160,"relics_obtained":[{"floor":5.0,"key":"Letter Opener"},{"floor":7.0,"key":"Bottled Tornado"},{"floor":9.0,"key":"DataDisk"},{"floor":11.0,"key":"Oddly Smooth Stone"},{"floor":23.0,"key":"Blue Candle"},{"floor":26.0,"key":"The Courier"},{"floor":28.0,"key":"Juzu Bracelet"},{"floor":34,"key":"Regal Pillow"},{"floor":34,"key":"Pear"},{"floor":34,"key":"FossilizedHelix"},{"floor":40,"key":"Omamori"},{"floor":43,"key":"Vajra"}],"event_choices":[{"damage_healed":0.0,"max_hp_gain":0.0,"max_hp_loss":0.0,"gold_gain":0.0,"event_name":"Shining Light","player_choice":"Entered Light","floor":4.0,"gold_loss":0.0,"damage_taken":15.0,"cards_upgraded":["Core Surge","Defend_B"]},{"damage_healed":0.0,"max_hp_gain":0.0,"max_hp_loss":0.0,"gold_gain":0.0,"event_name":"Lab","player_choice":"Got Potions","floor":12.0,"gold_loss":0.0,"damage_taken":0.0},{"damage_healed":0.0,"max_hp_gain":0.0,"max_hp_loss":25.0,"gold_gain":0.0,"event_name":"Vampires","player_choice":"Became a vampire","floor":30.0,"gold_loss":0.0,"damage_taken":0.0,"cards_obtained":["Bite","Bite","Bite","Bite","Bite"]},{"damage_healed":0.0,"max_hp_gain":0.0,"max_hp_loss":0.0,"gold_gain":99.0,"event_name":"Nest","player_choice":"Stole From Cult","floor":31.0,"gold_loss":0.0,"damage_taken":0.0},{"damage_healed":0,"gold_gain":0,"player_choice":"Memory 1","damage_taken":0,"max_hp_gain":0,"max_hp_loss":0,"event_name":"SensoryStone","floor":36,"gold_loss":0},{"damage_healed":0,"gold_gain":0,"player_choice":"Copied","damage_taken":0,"max_hp_gain":0,"max_hp_loss":0,"event_name":"Duplicator","floor":39,"gold_loss":0,"cards_obtained":["Machine Learning"]},{"damage_healed":0,"gold_gain":0,"cards_transformed":["Amplify"],"player_choice":"Transformed","damage_taken":0,"max_hp_gain":0,"max_hp_loss":0,"event_name":"Transmorgrifier","floor":45,"gold_loss":0,"cards_obtained":["Echo Form"]},{"damage_healed":0,"gold_gain":0,"player_choice":"Gave Potion","damage_taken":0,"relics_obtained":["Bag of Marbles"],"max_hp_gain":0,"max_hp_loss":0,"event_name":"WeMeetAgain","floor":48,"gold_loss":0}],"is_beta":false,"boss_relics":[{"not_picked":["Runic Dome","Tiny House"],"picked":"Astrolabe"},{"not_picked":["Black Star","Snecko Eye"],"picked":"Calling Bell"}],"items_purged_floors":[13,29],"is_endless":false,"potions_floor_spawned":[1,2,3,7,16,21,22,23,38,41,47],"ascension_level":4}}