{"host":"nwd160me4iqdtr8u","time":1613038370,"event":{"mods":["AchievementEnabler","Act Like it!","BaseMod","Colored Map","DeckTracker","Keyboard Shortcuts","Minty Spire (QoL Compilation)","Quick Restart","Rare Cards Sparkle","Smile Girya","StSLib","SuperFastMode","everything is the same but u backflip on backflip"],"gold_per_floor":[117,136,149,164,187,213,229,229,229,257,270,270,285,300,300,398,398,414,329,529,542,561,561,581,581,607,627,627,647,659,182,182,182,182],"floor_reached":33,"language":"KOR","playtime":2414,"items_purged":["Strike_R"],"score":356,"play_id":"07d6467c-820b-42ba-a797-b1d200bd1991","local_time":"20210211191250","is_ascension_mode":true,"campfire_choices":[{"data":"Uppercut","floor":8.0,"key":"SMITH"},{"data":"Second Wind","floor":12.0,"key":"SMITH"},{"floor":15.0,"key":"REST"},{"data":"Blood for Blood","floor":23.0,"key":"SMITH"},{"floor":25.0,"key":"REST"},{"data":"Power Through","floor":32,"key":"SMITH"}],"circlet_count":0,"master_deck":["Strike_R","Strike_R","Strike_R","Defend_R","Defend_R","Defend_R","Defend_R","Bash","Perfected Strike","Spot Weakness","Blood for Blood+1","Uppercut+1","Second Wind+1","Iron Wave","Impervious","Seeing Red","Wild Strike","Immolate","CurseOfTheBell","Fire Breathing","Bludgeon","Power Through+1"],"relics":["Burning Blood","Centennial Puzzle","Dream Catcher","Mercury Hourglass","Bronze Scales","Calling Bell","Pen Nib","Blue Candle","WingedGreaves","Sundial","Tiny Chest","Matryoshka"],"acts_visited":["Exordium","TheCity"],"potions_floor_usage":[28,33,33],"damage_taken":[{"damage":1.0,"enemies":"Cultist","floor":1.0,"turns":4.0},{"damage":2.0,"enemies":"2 Louse","floor":2.0,"turns":3.0},{"damage":7.0,"enemies":"Jaw Worm","floor":3.0,"turns":3.0},{"damage":19.0,"enemies":"Lots of Slimes","floor":4.0,"turns":5.0},{"damage":36.0,"enemies":"Lagavulin","floor":6.0,"turns":6.0},{"damage":6.0,"enemies":"2 Fungi Beasts","floor":7.0,"turns":4.0},{"damage":10.0,"enemies":"3 Sentries","floor":10.0,"turns":4.0},{"damage":10.0,"enemies":"Exordium Thugs","floor":11.0,"turns":4.0},{"damage":0.0,"enemies":"Gremlin Gang","floor":13.0,"turns":3.0},{"damage":1.0,"enemies":"Blue Slaver","floor":14.0,"turns":3.0},{"damage":35.0,"enemies":"The Guardian","floor":16.0,"turns":8.0},{"damage":15.0,"enemies":"Shell Parasite","floor":18.0,"turns":5.0},{"damage":8.0,"enemies":"Chosen","floor":21.0,"turns":3.0},{"damage":8.0,"enemies":"Snecko","floor":22.0,"turns":4.0},{"damage":24.0,"enemies":"Snake Plant","floor":24.0,"turns":2.0},{"damage":20.0,"enemies":"Shelled Parasite and Fungi","floor":27.0,"turns":3.0},{"damage":0,"enemies":"Gremlin Leader","floor":28,"turns":2},{"damage":0,"enemies":"Centurion and Healer","floor":29,"turns":5},{"damage":6,"enemies":"3 Cultists","floor":30,"turns":4},{"damage":61,"enemies":"Champ","floor":33,"turns":7}],"seed_played":"-8471788559043045977","potions_obtained":[{"floor":3.0,"key":"Dexterity Potion"},{"floor":6.0,"key":"PowerPotion"},{"floor":7.0,"key":"Explosive Potion"},{"floor":11.0,"key":"Weak Potion"},{"floor":13.0,"key":"Weak Potion"},{"floor":16.0,"key":"Strength Potion"},{"floor":21.0,"key":"FearPotion"},{"floor":24.0,"key":"SmokeBomb"}],"is_trial":false,"path_per_floor":["M","M","M","M","T","E","M","R","T","E","M","R","M","M","R","B",null,"M","?","?","M","M","R","M","R","T","M","E","M","M","$","R","B"],"character_chosen":"IRONCLAD","items_purchased":["Power Through","Matryoshka","SkillPotion","EssenceOfSteel"],"campfire_rested":2,"item_purchase_floors":[31,31,31,31],"current_hp_per_floor":[80,80,79,66,66,36,36,36,36,32,28,28,34,39,63,34,69,60,60,60,58,56,56,38,62,62,48,54,60,60,60,60,0,0],"gold":182,"neow_bonus":"TRANSFORM_CARD","is_daily":false,"chose_seed":false,"campfire_upgraded":4,"win_rate":0.0,"timestamp":1613038370,"path_taken":["M","M","M","M","?","E","M","R","T","E","M","R","M","M","R","BOSS","M","?","?","?","M","R","M","R","T","M","E","M","M","$","R","BOSS"],"items_purchased_type":["Card","Relic","Potion","Potion"],"build_version":"2020-12-22","purchased_purges":1,"victory":false,"max_hp_per_floor":[80,80,80,80,80,80,80,80,80,80,80,80,80,80,80,80,80,80,80,80,80,80,80,80,80,80,80,80,80,80,80,80,80,80],"card_choices":[{"not_picked":["Warcry","Dark Embrace"],"picked":"Spot Weakness","floor":1.0},{"not_picked":["Evolve","Infernal Blade","Cleave"],"picked":"SKIP","floor":2.0},{"not_picked":["Anger","Metallicize"],"picked":"Blood for Blood","floor":3.0},{"not_picked":["Flex","Clash"],"picked":"Uppercut","floor":4.0},{"not_picked":["Uppercut","Iron Wave"],"picked":"Second Wind","floor":6.0},{"not_picked":["Flex","Heavy Blade"],"picked":"Iron Wave","floor":7.0},{"not_picked":["Headbutt","Bloodletting"],"picked":"Impervious","floor":10.0},{"not_picked":["Pummel","Twin Strike"],"picked":"Seeing Red","floor":11.0},{"not_picked":["Flex","Intimidate"],"picked":"Wild Strike","floor":13.0},{"not_picked":["Whirlwind","Metallicize","Flex"],"picked":"SKIP","floor":14.0},{"not_picked":["Demon Form","Impervious"],"picked":"Immolate","floor":16.0},{"not_picked":["Headbutt","Sever Soul","Cleave"],"picked":"SKIP","floor":18.0},{"not_picked":["Wild Strike","Clothesline","Thunderclap+1"],"picked":"SKIP","floor":21.0},{"not_picked":["Rage","Perfected Strike+1","Second Wind"],"picked":"SKIP","floor":22.0},{"not_picked":["Iron Wave","Cleave","Second Wind"],"picked":"SKIP","floor":24.0},{"not_picked":["Rage","Wild Strike"],"picked":"Fire Breathing","floor":25.0},{"not_picked":["Perfected Strike","Bloodletting"],"picked":"Bludgeon","floor":27.0},{"not_picked":["Heavy Blade","Thunderclap","Havoc"],"picked":"SKIP","floor":29},{"not_picked":["Seeing Red","Havoc","Intimidate"],"picked":"SKIP","floor":30}],"player_experience":411355,"relics_obtained":[{"floor":5.0,"key":"Centennial Puzzle"},{"floor":6.0,"key":"Dream Catcher"},{"floor":9.0,"key":"Mercury Hourglass"},{"floor":10.0,"key":"Bronze Scales"},{"floor":17.0,"key":"Pen Nib"},{"floor":17.0,"key":"Blue Candle"},{"floor":17.0,"key":"WingedGreaves"},{"floor":26.0,"key":"Tiny Chest"}],"event_choices":[{"damage_healed":0.0,"max_hp_gain":0.0,"max_hp_loss":0.0,"gold_gain":0.0,"event_name":"Addict","player_choice":"Obtained Relic","floor":19.0,"gold_loss":85.0,"damage_taken":0.0,"relics_obtained":["Sundial"]},{"damage_healed":0.0,"max_hp_gain":0.0,"max_hp_loss":0.0,"gold_gain":200.0,"event_name":"Wheel of Change","player_choice":"Gold","floor":20.0,"gold_loss":0.0,"damage_taken":0.0}],"is_beta":false,"boss_relics":[{"not_picked":["SlaversCollar","Black Star"],"picked":"Calling Bell"}],"items_purged_floors":[31],"is_endless":false,"potions_floor_spawned":[3,6,7,11,13,16,21,24],"killed_by":"Champ","ascension_level":5}}