{"host":"gtkw0hh8g0porc44","time":1613059509,"event":{"mods":["AchievementEnabler","BaseMod","Better Altar","Better Match","Better Note","Better Sensory Stone","Better Skull","Better Synergies","Better Vampires","BetterRewards","Colored Map","Colored Powertips","DeckTracker","Highlight Path","Infinite Spire","Minty Spire (QoL Compilation)","Relic Stats","Replay The Spire","StSLib","Synergy Search"],"gold_per_floor":[119,65,83,83,97,123,123,153,153,153,153,153,183,183,54,64,64,168,168,185,185,185,125,5,33,33,33,60,80,80,91,118,131,131,131,131],"floor_reached":35,"language":"ENG","playtime":3992,"items_purged":["Strike_R","Heavy Blade"],"score":379,"play_id":"5703722e-bc0c-48ec-b7ba-fd9f609c263a","local_time":"20210211110509","is_ascension_mode":true,"campfire_choices":[{"floor":10,"key":"REST"},{"floor":14,"key":"REST"},{"floor":17,"key":"REST"},{"floor":27,"key":"REST"},{"floor":30,"key":"REST"},{"floor":34,"key":"DIG"}],"circlet_count":0,"master_deck":["Strike_R","Strike_R","Strike_R","Strike_R","Defend_R","Defend_R","Defend_R","Defend_R","Bash","Replay:Undeath\u0027s Touch","Whirlwind","Demon Form","Cleave+1","Heavy Blade+1","Replay:Many Hands","Pain","ReplayTheSpireMod:Doomed","infinitespire:Punishment+1","Whirlwind+1"],"relics":["Burning Blood","NeowsBlessing","Incense Burner","Mango","Molten Egg 2","FossilizedHelix","Happy Flower","Runic Pyramid","Bronze Scales","ReplayTheSpireMod:TigerMarble","Centennial Puzzle","ReplayTheSpireMod:Ninjato"],"acts_visited":["Exordium","TheCity"],"potions_floor_usage":[6,6,18,20,25,25,35,35],"damage_taken":[{"damage":0,"enemies":"2 Louse","floor":1,"turns":1},{"damage":0,"enemies":"Small Slimes","floor":3,"turns":1},{"damage":0,"enemies":"Jaw Worm","floor":5,"turns":1},{"damage":34,"enemies":"Lagavulin","floor":6,"turns":8},{"damage":41,"enemies":"Gremlin Nob","floor":8,"turns":5},{"damage":24,"enemies":"Replay:BlueRogue","floor":13,"turns":5},{"damage":0,"enemies":"2 Fungi Beasts","floor":16,"turns":2},{"damage":0,"enemies":"Slime Boss","floor":18,"turns":5},{"damage":38,"enemies":"Shell Parasite","floor":20,"turns":5},{"damage":33,"enemies":"Gremlin Leader","floor":25,"turns":6},{"damage":5,"enemies":"Chosen","floor":29,"turns":3},{"damage":46,"enemies":"Snake Plant","floor":31,"turns":3},{"damage":8,"enemies":"Replay:Snechameleon","floor":32,"turns":4},{"damage":22,"enemies":"Snecko","floor":33,"turns":4},{"damage":35,"enemies":"Collector","floor":35,"turns":3}],"seed_played":"-3295602605908078958","potions_obtained":[{"floor":3,"key":"HeartOfIron"},{"floor":5,"key":"SpeedPotion"},{"floor":6,"key":"FearPotion"},{"floor":18,"key":"FearPotion"},{"floor":20,"key":"AttackPotion"},{"floor":25,"key":"Dexterity Potion"},{"floor":31,"key":"FearPotion"}],"is_trial":false,"path_per_floor":["M","$","M","$","M","E","?","E","T","R","PTL","PTL","E","R","$","M","R","B",null,"M","AVR","?","?","$","E","$","R","T","M","R","M","E","M","R_BF","B"],"character_chosen":"IRONCLAD","items_purchased":["Heavy Blade","Cleave+1","Whirlwind+1","Adrenaline Potion"],"campfire_rested":5,"item_purchase_floors":[2,15,24,24],"current_hp_per_floor":[80,80,80,80,80,52,66,31,31,59,59,59,41,69,69,75,94,94,94,62,62,62,62,62,35,35,63,63,64,92,52,50,34,34,0,0],"gold":131,"neow_bonus":"THREE_ENEMY_KILL","is_daily":false,"chose_seed":false,"campfire_upgraded":0,"win_rate":0.0,"timestamp":1613059509,"path_taken":["M","$","M","$","M","E","?","E","T","R","PTL","PTL","E","R","$","M","R","BOSS","M","AVR","?","?","?","E","$","R","T","M","R","M","E","M","R_BF","BOSS"],"items_purchased_type":["Card","Card","Card","Potion"],"build_version":"2020-12-22","purchased_purges":2,"victory":false,"max_hp_per_floor":[80,80,80,80,80,80,94,94,94,94,94,94,94,94,94,94,94,94,94,94,94,94,94,94,94,94,94,94,94,94,94,94,94,94,94,94],"relic_stats":{"Centennial Puzzle":[6],"Happy Flower":[11],"counters":[15,56],"Bronze Scales":[54],"obtain_stats":[{"Centennial Puzzle":32,"ReplayTheSpireMod:Ninjato":34,"NeowsBlessing":0,"Happy Flower":13,"Bronze Scales":25,"Mango":7,"Molten Egg 2":8,"Incense Burner":6,"ReplayTheSpireMod:TigerMarble":28,"Burning Blood":0,"FossilizedHelix":9,"Runic Pyramid":19},{"Centennial Puzzle":13,"ReplayTheSpireMod:Ninjato":14,"NeowsBlessing":0,"Happy Flower":6,"Bronze Scales":10,"Mango":4,"Molten Egg 2":5,"Incense Burner":4,"ReplayTheSpireMod:TigerMarble":10,"Burning Blood":0,"FossilizedHelix":5,"Runic Pyramid":8},{"Centennial Puzzle":49,"ReplayTheSpireMod:Ninjato":53,"NeowsBlessing":0,"Happy Flower":21,"Bronze Scales":39,"Mango":11,"Molten Egg 2":16,"Incense Burner":11,"ReplayTheSpireMod:TigerMarble":39,"Burning Blood":0,"FossilizedHelix":16,"Runic Pyramid":28}],"Burning Blood":60},"card_choices":[{"not_picked":["Heavy Blade","Headbutt"],"picked":"Replay:Undeath\u0027s Touch","floor":1},{"not_picked":["Clothesline","Iron Wave"],"picked":"Whirlwind","floor":3},{"not_picked":["Rampage","Perfected Strike","Sentinel"],"picked":"SKIP","floor":5},{"not_picked":["Clash","Corruption","ReplayTheSpireMod:Strike From Hell"],"picked":"SKIP","floor":6},{"not_picked":["Iron Wave+1","Clothesline+1"],"picked":"Demon Form","floor":8},{"not_picked":["Thunderclap+1","Headbutt+1","Wild Strike+1"],"picked":"SKIP","floor":13},{"not_picked":["ReplayTheSpireMod:Corrosion Curse","Intimidate"],"picked":"Heavy Blade+1","floor":16},{"not_picked":["Berserk","Juggernaut"],"picked":"Replay:Many Hands","floor":18},{"not_picked":["ReplayTheSpireMod:Corrosion Curse","Body Slam+1","Thunderclap+1"],"picked":"SKIP","floor":20},{"not_picked":["ReplayTheSpireMod:Chaos Vortex","infinitespire:Gouge"],"picked":"infinitespire:Punishment","floor":22},{"not_picked":["ReplayTheSpireMod:Strike From Hell+1","Rage","Cleave+1"],"picked":"SKIP","floor":25},{"not_picked":["Armaments","ReplayTheSpireMod:Muscle Training+1","ReplayReversal+1"],"picked":"SKIP","floor":29},{"not_picked":["Headbutt+1","Pummel+1","Armaments"],"picked":"SKIP","floor":31},{"not_picked":["Searing Blow+1","Ghostly Armor+1","Shockwave+1"],"picked":"SKIP","floor":32},{"not_picked":["Inflame","Perfected Strike+1","Whirlwind+1"],"picked":"SKIP","floor":33}],"player_experience":109433,"relics_obtained":[{"floor":6,"key":"Incense Burner"},{"floor":8,"key":"Molten Egg 2"},{"floor":9,"key":"FossilizedHelix"},{"floor":13,"key":"Happy Flower"},{"floor":25,"key":"Bronze Scales"},{"floor":28,"key":"ReplayTheSpireMod:TigerMarble"},{"floor":32,"key":"Centennial Puzzle"},{"floor":34,"key":"ReplayTheSpireMod:Ninjato"}],"event_choices":[{"damage_healed":0,"gold_gain":0,"player_choice":"Searched \u00272\u0027 times","damage_taken":0,"relics_obtained":["Mango"],"max_hp_gain":0,"max_hp_loss":0,"event_name":"Dead Adventurer","floor":7,"gold_loss":0}],"is_beta":false,"boss_relics":[{"not_picked":["Painkiller Herb","Ring of Chaos"],"picked":"Runic Pyramid"}],"items_purged_floors":[15,21],"is_endless":false,"potions_floor_spawned":[3,5,6,18,20,25,31],"killed_by":"Collector","ascension_level":1}}