{"host":"4eao2pkwlmv012cz","time":1613024293,"event":{"mods":["BaseMod","Colored Powertips","Minty Spire (QoL Compilation)","Permanent Neow","Quick Restart","Random Character Button","StSLib"],"gold_per_floor":[119,119,131,151,151,176,18,18,18,29,43,43,193,228,228,228,228],"floor_reached":16,"language":"ENG","playtime":596,"items_purged":[],"score":220,"play_id":"b3cf12c2-190c-4b78-b9b5-6e1eb006394f","local_time":"20210211011813","is_ascension_mode":true,"campfire_choices":[{"floor":8,"key":"REST"},{"data":"Fission","floor":12,"key":"SMITH"},{"floor":15,"key":"REST"}],"circlet_count":0,"master_deck":["AscendersBane","Strike_B","Strike_B","Defend_B","Defend_B","Defend_B","Zap+1","Dualcast+1","Compile Driver","Gash","Cold Snap","BootSequence","Fission+1","Reboot","Barrage","Doubt","Core Surge"],"relics":["Cracked Core","Thread and Needle","Eternal Feather","War Paint"],"acts_visited":["Exordium"],"potions_floor_usage":[14,14],"damage_taken":[{"damage":14,"enemies":"Jaw Worm","floor":1,"turns":4},{"damage":5,"enemies":"2 Louse","floor":3,"turns":3},{"damage":0,"enemies":"Cultist","floor":4,"turns":2},{"damage":33,"enemies":"3 Sentries","floor":6,"turns":9},{"damage":8,"enemies":"Exordium Wildlife","floor":10,"turns":5},{"damage":4,"enemies":"Large Slime","floor":11,"turns":6},{"damage":27,"enemies":"Lagavulin","floor":14,"turns":7},{"damage":37,"enemies":"Hexaghost","floor":16,"turns":9}],"seed_played":"218948319417402484","potions_obtained":[{"floor":4,"key":"FearPotion"},{"floor":10,"key":"Ancient Potion"}],"is_trial":false,"path_per_floor":["M","?","M","M","?","E","$","R","T","M","M","R","?","E","R","B"],"character_chosen":"DEFECT","items_purchased":["Fission"],"campfire_rested":2,"item_purchase_floors":[7],"current_hp_per_floor":[50,55,50,50,50,17,17,37,37,29,25,34,34,7,36,0,0],"gold":228,"neow_bonus":"REMOVE_TWO","is_daily":false,"chose_seed":false,"campfire_upgraded":1,"win_rate":0.0,"timestamp":1613024293,"path_taken":["M","?","M","M","?","E","$","R","T","?","M","R","?","E","R","BOSS"],"items_purchased_type":["Card"],"build_version":"2020-12-22","purchased_purges":0,"victory":false,"max_hp_per_floor":[64,69,69,69,69,69,69,69,69,69,69,69,69,69,69,69,69],"card_choices":[{"not_picked":["Rebound","Reprogram"],"picked":"Compile Driver","floor":1},{"not_picked":["Sweeping Beam","Hologram"],"picked":"Gash","floor":3},{"not_picked":["Stack","Sweeping Beam"],"picked":"Cold Snap","floor":4},{"not_picked":["Hologram","Streamline"],"picked":"BootSequence","floor":6},{"not_picked":["FTL","Redo"],"picked":"Reboot","floor":10},{"not_picked":["Streamline","Stack"],"picked":"Barrage","floor":11},{"not_picked":["Reinforced Body","Hologram"],"picked":"Core Surge","floor":14}],"player_experience":2923721,"relics_obtained":[{"floor":6,"key":"Thread and Needle"},{"floor":9,"key":"Eternal Feather"},{"floor":14,"key":"War Paint"}],"event_choices":[{"damage_healed":0,"gold_gain":0,"player_choice":"Donut","damage_taken":0,"max_hp_gain":5,"max_hp_loss":0,"event_name":"Big Fish","floor":2,"gold_loss":0},{"cards_removed":["Strike_B"],"damage_healed":0,"gold_gain":0,"player_choice":"Offered Basic","damage_taken":0,"max_hp_gain":0,"max_hp_loss":0,"event_name":"Bonfire Elementals","floor":5,"gold_loss":0},{"damage_healed":0,"gold_gain":150,"player_choice":"AGREE","damage_taken":0,"max_hp_gain":0,"max_hp_loss":0,"event_name":"Liars Game","floor":13,"gold_loss":0,"cards_obtained":["Doubt"]}],"is_beta":false,"boss_relics":[],"items_purged_floors":[],"is_endless":false,"potions_floor_spawned":[4,10],"killed_by":"Hexaghost","ascension_level":20}}