{"host":"mi0eibewekhugwl1","time":1613030917,"event":{"mods":["AchievementEnabler","BaseMod","Colored Map","Colored Powertips","DeckTracker","Keyboard Shortcuts","Minty Spire (QoL Compilation)","Quick Restart","Rare Cards Sparkle","Relic Stats","StSLib","SuperFastMode","everything is the same but u backflip on backflip"],"gold_per_floor":[218,235,245,262,14,14,14,14,14,89,89,99,99,118,118,194,194,208,223,42,60,60,60],"floor_reached":22,"language":"KOR","playtime":458,"items_purged":["Strike_G","Strike_G"],"score":356,"play_id":"608cf446-aa14-4181-83d6-82379e3d5e1d","local_time":"20210211170837","is_ascension_mode":true,"campfire_choices":[{"data":"Noxious Fumes","floor":6.0,"key":"SMITH"},{"data":"Footwork","floor":8,"key":"SMITH"},{"data":"Venomology","floor":13,"key":"SMITH"},{"data":"Deadly Poison","floor":15,"key":"SMITH"}],"circlet_count":0,"master_deck":["AscendersBane","Strike_G","Strike_G","Strike_G","Defend_G","Defend_G","Defend_G","Defend_G","Defend_G","Survivor","Neutralize","Noxious Fumes+1","Deadly Poison+1","Calculated Gamble","Footwork+1","Backstab","Footwork","Venomology+1","Backflip","Corpse Explosion","Acrobatics","Outmaneuver","Dodge and Roll"],"relics":["Ring of the Snake","Eternal Feather","HoveringKite"],"acts_visited":["Exordium","TheCity"],"potions_floor_usage":[12,14,16,16,18,19,19,22,22],"damage_taken":[{"damage":1.0,"enemies":"2 Louse","floor":1.0,"turns":4.0},{"damage":3.0,"enemies":"Cultist","floor":2.0,"turns":5.0},{"damage":9.0,"enemies":"Small Slimes","floor":3.0,"turns":4.0},{"damage":10.0,"enemies":"3 Louse","floor":4.0,"turns":3.0},{"damage":1,"enemies":"Blue Slaver","floor":12,"turns":4},{"damage":1,"enemies":"Lots of Slimes","floor":14,"turns":5},{"damage":20,"enemies":"Hexaghost","floor":16,"turns":9},{"damage":8,"enemies":"Spheric Guardian","floor":18,"turns":5},{"damage":5,"enemies":"3 Byrds","floor":19,"turns":3},{"damage":29,"enemies":"Snake Plant","floor":21,"turns":4},{"damage":26,"enemies":"Chosen and Byrds","floor":22,"turns":9}],"seed_played":"1710903625623392838","potions_obtained":[{"floor":1.0,"key":"Ancient Potion"},{"floor":3.0,"key":"ColorlessPotion"},{"floor":4.0,"key":"PowerPotion"},{"floor":18,"key":"Weak Potion"},{"floor":21,"key":"Poison Potion"}],"is_trial":false,"path_per_floor":["M","M","M","M","$","R","?","R","T","?","?","M","R","M","R","B",null,"M","M","$","M","M"],"character_chosen":"THE_SILENT","items_purchased":["Footwork","Backstab","Outmaneuver","Dodge and Roll"],"campfire_rested":0,"item_purchase_floors":[5,5,20,20],"current_hp_per_floor":[58,55,46,36,36,36,36,36,36,25,25,24,36,35,47,27,56,48,43,43,14,0,0],"gold":60,"neow_bonus":"HUNDRED_GOLD","is_daily":false,"chose_seed":false,"campfire_upgraded":4,"win_rate":0.0,"timestamp":1613030917,"path_taken":["M","M","M","M","$","R","?","R","T","?","?","?","R","M","R","BOSS","M","M","$","M","M"],"items_purchased_type":["Card","Card","Card","Card"],"build_version":"2020-12-22","purchased_purges":2,"victory":false,"max_hp_per_floor":[66,66,66,66,66,66,66,66,66,66,66,66,66,66,66,66,66,66,66,66,66,66,66],"relic_stats":{"counters":[11,55],"HoveringKite":[8],"Eternal Feather":24,"obtain_stats":[{"HoveringKite":17,"Eternal Feather":9,"Ring of the Snake":0},{"HoveringKite":7,"Eternal Feather":4,"Ring of the Snake":0},{"HoveringKite":34,"Eternal Feather":16,"Ring of the Snake":0}],"Ring of the Snake":[22]},"card_choices":[{"not_picked":["Deflect","Flying Knee"],"picked":"Noxious Fumes","floor":1.0},{"not_picked":["Distraction","Finisher"],"picked":"Deadly Poison","floor":2.0},{"not_picked":["Prepared","Quick Slash"],"picked":"Calculated Gamble","floor":3.0},{"not_picked":["Blade Dance","Choke","Terror"],"picked":"SKIP","floor":4.0},{"not_picked":["Distraction","Riddle With Holes"],"picked":"Backflip","floor":12},{"not_picked":["Sucker Punch","Acrobatics","Backflip"],"picked":"SKIP","floor":14},{"not_picked":["Grand Finale","After Image"],"picked":"Corpse Explosion","floor":16},{"not_picked":["Slice","Outmaneuver","Sucker Punch"],"picked":"SKIP","floor":18},{"not_picked":["Deadly Poison","Deflect"],"picked":"Acrobatics","floor":19},{"not_picked":["Underhanded Strike","Grand Finale","Poisoned Stab"],"picked":"SKIP","floor":21}],"player_experience":1796618,"relics_obtained":[{"floor":9,"key":"Eternal Feather"}],"event_choices":[{"damage_healed":0,"gold_gain":0,"player_choice":"Fled","damage_taken":0,"max_hp_gain":0,"max_hp_loss":0,"event_name":"Scrap Ooze","floor":7,"gold_loss":0},{"damage_healed":0,"gold_gain":75,"player_choice":"Gather Gold","damage_taken":11,"max_hp_gain":0,"max_hp_loss":0,"event_name":"World of Goop","floor":10,"gold_loss":0},{"damage_healed":0,"gold_gain":0,"player_choice":"2 cards matched","damage_taken":0,"max_hp_gain":0,"max_hp_loss":0,"event_name":"Match and Keep!","floor":11,"gold_loss":0,"cards_obtained":["Footwork","Venomology"]}],"is_beta":false,"boss_relics":[{"not_picked":["SlaversCollar","Ring of the Serpent"],"picked":"HoveringKite"}],"items_purged_floors":[5,20],"is_endless":false,"potions_floor_spawned":[1,3,4,18,21],"killed_by":"Chosen and Byrds","ascension_level":20}}