{"host":"sc0o2qwpf9j16a4i","time":1613066220,"event":{"mods":["AchievementEnabler","BaseMod","BetterRewards","Block Reminder","Colored Map","Colored Powertips","Custom Start","Highlight Path","Minty Spire (QoL Compilation)","Relic Stats"],"gold_per_floor":[112,185,205,205,218,243,269,312,349,390,37,66,66,97,97,202,202,212,230,255,107,130,130,155,155,155,181,194,225,242,242,242,340,340,360,112,0,0,0,25,40,72,72,102,152,165,18,44,44,44],"floor_reached":51,"language":"ENG","playtime":1686,"items_purged":[],"score":1582,"play_id":"8455c575-4484-4884-bdbc-ff94391fa922","local_time":"20210211195700","daily_mods":["Insanity","Hoarder","Elite Swarm"],"is_ascension_mode":false,"campfire_choices":[{"data":"Armaments","floor":13,"key":"SMITH"},{"data":"Armaments","floor":15,"key":"SMITH"},{"data":"True Grit","floor":23,"key":"SMITH"},{"data":"Whirlwind","floor":25,"key":"SMITH"},{"data":"Feed","floor":32,"key":"SMITH"},{"data":"Feel No Pain","floor":49,"key":"SMITH"}],"circlet_count":0,"master_deck":["Sword Boomerang","Armaments+1","Uppercut","Havoc","Shrug It Off","Dual Wield","Whirlwind+1","Ghostly Armor","Ghostly Armor","Disarm","Armaments+1","Body Slam","Perfected Strike","Heavy Blade","Clash","Twin Strike","Dark Embrace","Iron Wave","Flame Barrier","Heavy Blade","Shockwave","Feel No Pain+1","Flame Barrier","Power Through","Clothesline","Warcry","Thunderclap","Warcry","Flex","Infernal Blade","Flex","Clash","Clash","True Grit+1","Body Slam","Thunderclap","Twin Strike","Perfected Strike","Warcry","Rupture","Perfected Strike","Dual Wield","Flex","Warcry","Twin Strike","Blood for Blood","Heavy Blade","Inflame","Thunderclap","Heavy Blade","Rage","Rage","Rage","Perfected Strike","Perfected Strike","Perfected Strike","Shockwave","Shockwave","Shockwave","Impervious","Impervious","Impervious","Pommel Strike","Pommel Strike","Pommel Strike","Corruption","Corruption","Corruption","Immolate","Immolate","Immolate","Body Slam","Body Slam","Body Slam","Twin Strike","Twin Strike","Twin Strike","Reaper","Reaper","Reaper","Intimidate+1","Intimidate+1","Intimidate+1","Offering","Offering","Offering","Feed","Feed","Feed+1","Armaments+1","Armaments+1","Armaments+1","Offering","Offering","Offering","Entrench","Entrench","Entrench","Reaper","Reaper","Reaper","Rage+1","Rage+1","Rage+1","Reaper","Reaper","Reaper","Impervious","Impervious","Impervious","Burning Pact+1","Burning Pact+1","Burning Pact+1","Whirlwind","Whirlwind","Whirlwind"],"relics":["Burning Blood","Mercury Hourglass","Centennial Puzzle","MawBank","Boot","Happy Flower","Tiny Chest","Ancient Tea Set","Art of War","PreservedInsect","Kunai","Philosopher\u0027s Stone","Toy Ornithopter","Chemical X","Red Skull","Self Forming Clay","StoneCalendar","Pear","StrikeDummy","SlaversCollar","Paper Frog","Red Mask","Gambling Chip","Pocketwatch","Ginger","Blood Vial","Darkstone Periapt","Akabeko","Turnip","ClockworkSouvenir","Pen Nib"],"acts_visited":["Exordium","TheCity","TheBeyond"],"potions_floor_usage":[8,10,27,33,33,50,50,50],"damage_taken":[{"damage":0,"enemies":"Cultist","floor":1,"turns":3},{"damage":4,"enemies":"Jaw Worm","floor":3,"turns":2},{"damage":2,"enemies":"Small Slimes","floor":5,"turns":2},{"damage":10,"enemies":"Lagavulin","floor":6,"turns":8},{"damage":8,"enemies":"Exordium Wildlife","floor":7,"turns":2},{"damage":0,"enemies":"3 Sentries","floor":8,"turns":7},{"damage":12,"enemies":"Gremlin Nob","floor":10,"turns":3},{"damage":0,"enemies":"3 Sentries","floor":12,"turns":2},{"damage":0,"enemies":"Gremlin Nob","floor":14,"turns":3},{"damage":0,"enemies":"Slime Boss","floor":16,"turns":3},{"damage":8,"enemies":"Spheric Guardian","floor":18,"turns":3},{"damage":8,"enemies":"Shell Parasite","floor":19,"turns":2},{"damage":15,"enemies":"Book of Stabbing","floor":24,"turns":3},{"damage":6,"enemies":"Gremlin Leader","floor":27,"turns":3},{"damage":12,"enemies":"Centurion and Healer","floor":28,"turns":2},{"damage":12,"enemies":"Slavers","floor":29,"turns":4},{"damage":0,"enemies":"Snecko","floor":30,"turns":2},{"damage":21,"enemies":"Automaton","floor":33,"turns":5},{"damage":25,"enemies":"3 Darklings","floor":35,"turns":3},{"damage":13,"enemies":"Giant Head","floor":40,"turns":3},{"damage":18,"enemies":"Orb Walker","floor":41,"turns":1},{"damage":12,"enemies":"Nemesis","floor":42,"turns":4},{"damage":12,"enemies":"Giant Head","floor":44,"turns":4},{"damage":12,"enemies":"Mind Bloom Boss Battle","floor":45,"turns":4},{"damage":6,"enemies":"Jaw Worm Horde","floor":46,"turns":3},{"damage":6,"enemies":"Nemesis","floor":48,"turns":1},{"damage":18,"enemies":"Donu and Deca","floor":50,"turns":5}],"seed_played":"-1986956159584840355","potions_obtained":[{"floor":5,"key":"GamblersBrew"},{"floor":6,"key":"Swift Potion"},{"floor":16,"key":"GamblersBrew"},{"floor":24,"key":"SkillPotion"},{"floor":29,"key":"SpeedPotion"},{"floor":30,"key":"DuplicationPotion"},{"floor":40,"key":"Dexterity Potion"},{"floor":41,"key":"FearPotion"},{"floor":44,"key":"Explosive Potion"}],"is_trial":true,"path_per_floor":["M","T","M","?","M","E","M","E","T","E","$","E","R","E","R","B",null,"M","M","T","$","T","R","E","R","T","E","M","E","M","?","R","B",null,"M","$","?","T","?","E","M","E","T","E","?","M","$","E","R","B",null],"character_chosen":"IRONCLAD","items_purchased":["Body Slam","Ancient Tea Set","Art of War","Twin Strike","Chemical X","Paper Frog","ClockworkSouvenir"],"campfire_rested":0,"item_purchase_floors":[11,11,11,11,21,36,47],"current_hp_per_floor":[80,80,80,80,80,76,74,80,80,74,74,80,80,80,80,80,80,78,76,76,76,76,76,67,67,67,82,76,78,84,84,84,88,93,74,74,74,74,74,89,81,80,80,92,91,103,103,103,103,96],"gold":44,"neow_bonus":"","is_daily":false,"chose_seed":false,"campfire_upgraded":6,"win_rate":0.0,"timestamp":1613066220,"path_taken":["M","?","M","?","?","E","M","E","T","E","?","E","R","E","R","BOSS","M","?","?","$","?","R","E","R","T","E","M","E","?","?","R","BOSS","M","$","?","?","?","E","?","E","T","E","?","M","$","E","R","BOSS"],"items_purchased_type":["Card","Relic","Relic","Card","Relic","Relic","Relic"],"build_version":"2020-12-22","purchased_purges":0,"victory":true,"max_hp_per_floor":[80,80,80,80,80,80,80,80,80,80,80,80,80,80,80,80,80,80,80,80,80,80,80,80,80,80,90,90,93,93,93,93,93,93,93,93,93,93,93,96,100,100,100,100,103,103,103,103,103,103],"relic_stats":{"Darkstone Periapt":0,"Happy Flower":[21],"counters":[27,85],"Self Forming Clay":[48],"StoneCalendar":[0],"PreservedInsect":491,"Pen Nib":[1],"Ginger":[2],"MawBank":60,"Boot":[70],"Burning Blood":138,"Mercury Hourglass":[309],"Blood Vial":6,"Centennial Puzzle":[60],"Gambling Chip":[29],"Tiny Chest":2,"Turnip":[0],"Art of War":[4],"Kunai":[19],"Chemical X":[3],"obtain_stats":[{"Darkstone Periapt":43,"StoneCalendar":26,"Ginger":40,"Boot":8,"Ancient Tea Set":11,"Burning Blood":0,"ClockworkSouvenir":47,"Blood Vial":42,"Centennial Puzzle":4,"Gambling Chip":38,"Tiny Chest":10,"Philosopher\u0027s Stone":17,"Red Mask":37,"Kunai":14,"Chemical X":21,"Red Skull":22,"Paper Frog":36,"Pear":27,"Happy Flower":9,"Self Forming Clay":24,"PreservedInsect":12,"Pen Nib":48,"MawBank":6,"Akabeko":44,"Mercury Hourglass":2,"SlaversCollar":34,"Turnip":45,"Art of War":11,"StrikeDummy":29,"Toy Ornithopter":20,"Pocketwatch":39},{"Darkstone Periapt":22,"StoneCalendar":13,"Ginger":20,"Boot":6,"Ancient Tea Set":7,"Burning Blood":0,"ClockworkSouvenir":25,"Blood Vial":22,"Centennial Puzzle":2,"Gambling Chip":19,"Tiny Chest":7,"Philosopher\u0027s Stone":10,"Red Mask":19,"Kunai":9,"Chemical X":12,"Red Skull":12,"Paper Frog":19,"Pear":14,"Happy Flower":6,"Self Forming Clay":13,"PreservedInsect":8,"Pen Nib":26,"MawBank":4,"Akabeko":23,"Mercury Hourglass":1,"SlaversCollar":18,"Turnip":24,"Art of War":7,"StrikeDummy":16,"Toy Ornithopter":12,"Pocketwatch":19},{"Darkstone Periapt":68,"StoneCalendar":41,"Ginger":63,"Boot":23,"Ancient Tea Set":26,"Burning Blood":0,"ClockworkSouvenir":79,"Blood Vial":68,"Centennial Puzzle":5,"Gambling Chip":60,"Tiny Chest":26,"Philosopher\u0027s Stone":34,"Red Mask":60,"Kunai":31,"Chemical X":39,"Red Skull":39,"Paper Frog":60,"Pear":44,"Happy Flower":23,"Self Forming Clay":41,"PreservedInsect":28,"Pen Nib":80,"MawBank":14,"Akabeko":72,"Mercury Hourglass":3,"SlaversCollar":57,"Turnip":76,"Art of War":26,"StrikeDummy":50,"Toy Ornithopter":39,"Pocketwatch":60}],"Toy Ornithopter":20,"Pocketwatch":[24]},"card_choices":[{"not_picked":["Sword Boomerang","Blood for Blood"],"picked":"Rage","floor":1},{"not_picked":["Heavy Blade","Iron Wave"],"picked":"Perfected Strike","floor":3},{"not_picked":["Body Slam","Pommel Strike"],"picked":"Shockwave","floor":5},{"not_picked":["Juggernaut","Barricade"],"picked":"Impervious","floor":6},{"not_picked":["Wild Strike","Clothesline"],"picked":"Pommel Strike","floor":7},{"not_picked":["Bludgeon","Juggernaut"],"picked":"Corruption","floor":8},{"not_picked":["Impervious","Reaper"],"picked":"Immolate","floor":10},{"not_picked":["Barricade","Demon Form","Berserk"],"picked":"SKIP","floor":12},{"not_picked":["Impervious","Brutality","Corruption"],"picked":"SKIP","floor":14},{"not_picked":["Berserk","Limit Break"],"picked":"Reaper","floor":16},{"not_picked":["Havoc","Intimidate","Headbutt"],"picked":"SKIP","floor":18},{"not_picked":["Armaments","Rage"],"picked":"Intimidate+1","floor":19},{"not_picked":["Juggernaut","Brutality"],"picked":"Offering","floor":24},{"not_picked":["Fiend Fire","Limit Break"],"picked":"Feed","floor":27},{"not_picked":["Uppercut+1","Power Through"],"picked":"Armaments+1","floor":28},{"not_picked":["Impervious","Juggernaut"],"picked":"Offering","floor":29},{"not_picked":["Headbutt","Combust"],"picked":"Entrench","floor":30},{"not_picked":["Fiend Fire","Brutality"],"picked":"Reaper","floor":33},{"not_picked":["Clothesline","Pummel+1","Searing Blow+1"],"picked":"SKIP","floor":35},{"not_picked":["Fiend Fire","Offering","Brutality"],"picked":"SKIP","floor":40},{"not_picked":["Metallicize","Infernal Blade"],"picked":"Rage+1","floor":41},{"not_picked":["Offering","Immolate"],"picked":"Reaper","floor":42},{"not_picked":["Immolate","Brutality"],"picked":"Impervious","floor":44},{"not_picked":["Wild Strike+1","Anger"],"picked":"Burning Pact+1","floor":45},{"not_picked":["Wild Strike+1","Battle Trance"],"picked":"Whirlwind","floor":46},{"not_picked":["Offering","Corruption","Juggernaut"],"picked":"SKIP","floor":48}],"player_experience":1347109,"relics_obtained":[{"floor":2,"key":"Mercury Hourglass"},{"floor":4,"key":"Centennial Puzzle"},{"floor":6,"key":"MawBank"},{"floor":8,"key":"Boot"},{"floor":9,"key":"Happy Flower"},{"floor":10,"key":"Tiny Chest"},{"floor":12,"key":"PreservedInsect"},{"floor":14,"key":"Kunai"},{"floor":20,"key":"Toy Ornithopter"},{"floor":22,"key":"Red Skull"},{"floor":24,"key":"Self Forming Clay"},{"floor":26,"key":"StoneCalendar"},{"floor":27,"key":"Pear"},{"floor":29,"key":"StrikeDummy"},{"floor":38,"key":"Gambling Chip"},{"floor":40,"key":"Ginger"},{"floor":42,"key":"Blood Vial"},{"floor":43,"key":"Darkstone Periapt"},{"floor":44,"key":"Akabeko"},{"floor":45,"key":"Turnip"},{"floor":48,"key":"Pen Nib"}],"event_choices":[{"damage_healed":0,"gold_gain":0,"player_choice":"Relic","damage_taken":0,"max_hp_gain":0,"max_hp_loss":0,"event_name":"Wheel of Change","floor":4,"gold_loss":0},{"damage_healed":0,"gold_gain":0,"player_choice":"Ignored","damage_taken":0,"max_hp_gain":0,"max_hp_loss":0,"event_name":"Beggar","floor":31,"gold_loss":0},{"damage_healed":0,"gold_gain":0,"player_choice":"Paid","damage_taken":0,"relics_obtained":["Red Mask"],"max_hp_gain":0,"max_hp_loss":0,"event_name":"Tomb of Lord Red Mask","floor":37,"gold_loss":112},{"damage_healed":0,"gold_gain":0,"player_choice":"Gave Potion","damage_taken":0,"relics_obtained":["Pocketwatch"],"max_hp_gain":0,"max_hp_loss":0,"event_name":"WeMeetAgain","floor":39,"gold_loss":0},{"damage_healed":0,"gold_gain":0,"player_choice":"Fight","damage_taken":0,"max_hp_gain":0,"max_hp_loss":0,"event_name":"MindBloom","floor":45,"gold_loss":0}],"is_beta":false,"boss_relics":[{"not_picked":["Tiny House","Velvet Choker"],"picked":"Philosopher\u0027s Stone"},{"not_picked":["Coffee Dripper","Fusion Hammer"],"picked":"SlaversCollar"}],"items_purged_floors":[],"is_endless":false,"potions_floor_spawned":[5,6,16,24,29,30,40,41,44],"ascension_level":0}}