{"host":"3d7yvplr5ovcyppx","time":1613045991,"event":{"mods":["AchievementEnabler","BaseMod","Hermit","Jorbs\u0027s Wanderer Trilogy","Minty Spire (QoL Compilation)","Quick Restart","Somnambulant","StSLib","The Cursed","The Disciple","The Servant 0.9.4"],"gold_per_floor":[118,133,145,66,66,95,109,135,135,149,184,196,196,226,226,226,226],"floor_reached":16,"language":"ENG","playtime":955,"items_purged":[],"score":165,"play_id":"455ca75e-71cc-457f-8f74-aa4ac4abe2b3","local_time":"20210211174951","is_ascension_mode":true,"campfire_choices":[{"floor":15,"key":"REST"}],"circlet_count":0,"master_deck":["Strike_B","Strike_B","Strike_B","Strike_B","Defend_B","Defend_B","Defend_B","Defend_B","Zap","Dualcast","Consume","BootSequence","Rip and Tear","Loop","Zap","Rainbow","Fission+1","Turbo+1","Fusion+1","Auto Shields+1","Buffer","Capacitor","Heatsinks"],"relics":["Cracked Core","Toxic Egg 2","Juzu Bracelet","Darkstone Periapt","Unceasing Top","Bottled Flame"],"acts_visited":["Exordium"],"potions_floor_usage":[8,14,14,14],"damage_taken":[{"damage":0,"enemies":"2 Louse","floor":1,"turns":2},{"damage":1,"enemies":"Cultist","floor":2,"turns":3},{"damage":1,"enemies":"Jaw Worm","floor":3,"turns":2},{"damage":24,"enemies":"Gremlin Nob","floor":6,"turns":4},{"damage":0,"enemies":"Blue Slaver","floor":7,"turns":2},{"damage":11,"enemies":"Lagavulin","floor":8,"turns":5},{"damage":0,"enemies":"3 Louse","floor":10,"turns":2},{"damage":44,"enemies":"Gremlin Nob","floor":11,"turns":5},{"damage":0,"enemies":"2 Fungi Beasts","floor":12,"turns":4},{"damage":0,"enemies":"Lagavulin","floor":14,"turns":5},{"damage":27,"enemies":"The Guardian","floor":16,"turns":12}],"seed_played":"1925162580779860406","potions_obtained":[{"floor":3,"key":"Dexterity Potion"},{"floor":7,"key":"AttackPotion"},{"floor":8,"key":"Dexterity Potion"},{"floor":12,"key":"FearPotion"}],"is_trial":false,"path_per_floor":["M","M","M","$","?","E","M","E","T","M","E","M","?","E","R","B"],"character_chosen":"DEFECT","items_purchased":["Loop"],"campfire_rested":1,"item_purchase_floors":[4],"current_hp_per_floor":[82,81,80,80,80,56,56,45,45,45,1,1,1,1,25,0,0],"gold":226,"neow_bonus":"TEN_PERCENT_HP_BONUS","is_daily":false,"chose_seed":false,"campfire_upgraded":0,"win_rate":0.0,"timestamp":1613045991,"path_taken":["M","M","M","$","?","E","M","E","T","M","E","M","?","E","R","BOSS"],"items_purchased_type":["Card"],"build_version":"2020-12-22","purchased_purges":0,"victory":false,"max_hp_per_floor":[82,82,82,82,82,82,82,82,82,82,82,82,82,82,82,82,82],"card_choices":[{"not_picked":["Rebound","Coolheaded"],"picked":"Consume","floor":1},{"not_picked":["Double Energy","Darkness"],"picked":"BootSequence","floor":2},{"not_picked":["Hologram","Go for the Eyes"],"picked":"Rip and Tear","floor":3},{"not_picked":["Hologram+1","Glacier+1"],"picked":"Fission+1","floor":6},{"not_picked":["Go for the Eyes","Sweeping Beam"],"picked":"Turbo+1","floor":7},{"not_picked":["Tempest+1","Ball Lightning"],"picked":"Fusion+1","floor":8},{"not_picked":["Ball Lightning","Streamline"],"picked":"Auto Shields+1","floor":10},{"not_picked":["Rebound","Ball Lightning"],"picked":"Buffer","floor":11},{"not_picked":["Conserve Battery+1","Hologram+1"],"picked":"Capacitor","floor":12},{"not_picked":["Glacier+1","Sweeping Beam"],"picked":"Heatsinks","floor":14}],"player_experience":12422,"relics_obtained":[{"floor":6,"key":"Toxic Egg 2"},{"floor":8,"key":"Juzu Bracelet"},{"floor":9,"key":"Darkstone Periapt"},{"floor":11,"key":"Unceasing Top"},{"floor":14,"key":"Bottled Flame"}],"event_choices":[{"damage_healed":0,"gold_gain":0,"player_choice":"2 cards matched","damage_taken":0,"max_hp_gain":0,"max_hp_loss":0,"event_name":"Match and Keep!","floor":5,"gold_loss":0,"cards_obtained":["Zap","Rainbow"]},{"damage_healed":0,"gold_gain":0,"player_choice":"Ignored","damage_taken":0,"max_hp_gain":0,"max_hp_loss":0,"event_name":"Golden Wing","floor":13,"gold_loss":0}],"is_beta":false,"boss_relics":[],"items_purged_floors":[],"is_endless":false,"potions_floor_spawned":[3,7,8,12],"killed_by":"The Guardian","ascension_level":1}}