{"host":"3jpcvpprzj9sjffh","time":1613037271,"event":{"mods":["AchievementEnabler","BaseMod","Colored Map","Minty Spire (QoL Compilation)","Rare Cards Sparkle","SuperFastMode","everything is the same but u backflip on backflip"],"gold_per_floor":[116,116,21,33,48,81,81,106,106,106,106,132,151,165,165,264,264,276,291,291,291],"floor_reached":20,"language":"KOR","playtime":714,"items_purged":[],"score":194,"play_id":"11c92efa-539d-4a79-977b-5eabd9c3d7f4","local_time":"20210211185431","is_ascension_mode":false,"campfire_choices":[{"floor":11,"key":"REST"},{"floor":15,"key":"REST"}],"circlet_count":0,"master_deck":["Strike_R","Strike_R","Strike_R","Strike_R","Strike_R","Defend_R","Defend_R","Defend_R","Bash","Perfected Strike","Heavy Blade","Dropkick","Spot Weakness","Twin Strike","Perfected Strike","Regret","Clothesline","Cleave","Rage","Shrug It Off","Feed","Wild Strike+1","Blood for Blood+1"],"relics":["Burning Blood","NeowsBlessing","Mummified Hand","Regal Pillow","CaptainsWheel","Self Forming Clay","Frozen Egg 2","Ancient Tea Set","SlaversCollar"],"acts_visited":["Exordium","TheCity"],"potions_floor_usage":[16,19],"damage_taken":[{"damage":0,"enemies":"Jaw Worm","floor":1,"turns":1},{"damage":0,"enemies":"Cultist","floor":4,"turns":1},{"damage":0,"enemies":"Small Slimes","floor":5,"turns":1},{"damage":40,"enemies":"3 Sentries","floor":6,"turns":7},{"damage":34,"enemies":"Lagavulin","floor":8,"turns":5},{"damage":19,"enemies":"Gremlin Nob","floor":12,"turns":4},{"damage":13,"enemies":"Blue Slaver","floor":13,"turns":3},{"damage":13,"enemies":"Large Slime","floor":14,"turns":4},{"damage":49,"enemies":"Hexaghost","floor":16,"turns":8},{"damage":43,"enemies":"3 Byrds","floor":18,"turns":7},{"damage":17,"enemies":"2 Thieves","floor":19,"turns":4},{"damage":42,"enemies":"Cultist and Chosen","floor":20,"turns":6}],"seed_played":"3185654622586650065","potions_obtained":[{"floor":4,"key":"DuplicationPotion"},{"floor":12,"key":"SneckoOil"},{"floor":13,"key":"SmokeBomb"},{"floor":14,"key":"ColorlessPotion"},{"floor":19,"key":"ColorlessPotion"}],"is_trial":false,"path_per_floor":["M","?","$","M","M","E","?","E","T","?","R","E","M","M","R","B",null,"M","M","M"],"character_chosen":"IRONCLAD","items_purchased":["Heavy Blade","Dropkick"],"campfire_rested":2,"item_purchase_floors":[3,3],"current_hp_per_floor":[80,80,80,80,80,46,46,18,18,18,57,44,37,30,69,26,80,43,32,0,0],"gold":291,"neow_bonus":"THREE_ENEMY_KILL","is_daily":false,"chose_seed":false,"campfire_upgraded":0,"win_rate":0.0,"timestamp":1613037271,"path_taken":["M","?","$","?","M","E","?","E","T","?","R","E","M","M","R","BOSS","M","M","?"],"items_purchased_type":["Card","Card"],"build_version":"2020-12-22","purchased_purges":0,"victory":false,"max_hp_per_floor":[80,80,80,80,80,80,80,80,80,80,80,80,80,80,80,80,80,80,80,80,80],"card_choices":[{"not_picked":["Cleave","Clash"],"picked":"Perfected Strike","floor":1},{"not_picked":["Brutality","True Grit"],"picked":"Spot Weakness","floor":4},{"not_picked":["Warcry","Heavy Blade"],"picked":"Twin Strike","floor":5},{"not_picked":["Whirlwind","Bloodletting"],"picked":"Perfected Strike","floor":6},{"not_picked":["Reckless Charge","Sentinel"],"picked":"Clothesline","floor":8},{"not_picked":["Perfected Strike","Clash"],"picked":"Cleave","floor":12},{"not_picked":["Warcry","Headbutt"],"picked":"Rage","floor":13},{"not_picked":["Iron Wave","Limit Break"],"picked":"Shrug It Off","floor":14},{"not_picked":["Brutality+1","Limit Break"],"picked":"Feed","floor":16},{"not_picked":["Shrug It Off","True Grit"],"picked":"Wild Strike+1","floor":18},{"not_picked":["Infernal Blade","Rampage"],"picked":"Blood for Blood+1","floor":19}],"player_experience":311457,"relics_obtained":[{"floor":6,"key":"Mummified Hand"},{"floor":8,"key":"CaptainsWheel"},{"floor":9,"key":"Self Forming Clay"},{"floor":12,"key":"Ancient Tea Set"}],"event_choices":[{"cards_removed":["Defend_R"],"damage_healed":0,"gold_gain":0,"player_choice":"Offered Basic","damage_taken":0,"max_hp_gain":0,"max_hp_loss":0,"event_name":"Bonfire Elementals","floor":2,"gold_loss":0},{"damage_healed":0,"gold_gain":0,"player_choice":"Box","damage_taken":0,"relics_obtained":["Regal Pillow"],"max_hp_gain":0,"max_hp_loss":0,"event_name":"Big Fish","floor":7,"gold_loss":0,"cards_obtained":["Regret"]},{"damage_healed":0,"gold_gain":0,"player_choice":"Gave Potion","damage_taken":0,"relics_obtained":["Frozen Egg 2"],"max_hp_gain":0,"max_hp_loss":0,"event_name":"WeMeetAgain","floor":10,"gold_loss":0}],"is_beta":false,"boss_relics":[{"not_picked":["Tiny House","Ectoplasm"],"picked":"SlaversCollar"}],"items_purged_floors":[],"is_endless":false,"potions_floor_spawned":[4,12,13,14,19],"killed_by":"Cultist and Chosen","ascension_level":0}}