{"host":"6xghz2lkudss8si6","time":1613036147,"event":{"mods":["AchievementEnabler","BaseMod","Colored Map","DeckTracker","Minty Spire (QoL Compilation)","Quick Restart","StSLib","SuperFastMode"],"gold_per_floor":[119,119,119,29,29,29,57,72,97,108,126,141,141,151,151,226,226,238,153,153,168,93,93,122,122,122,47,60,60,60],"floor_reached":29,"language":"KOR","playtime":986,"items_purged":["Strike_G"],"score":474,"play_id":"ccebd956-75d3-489d-891c-e2a689735550","local_time":"20210211183547","is_ascension_mode":true,"campfire_choices":[{"data":"Crippling Poison","floor":6,"key":"SMITH"},{"floor":13,"key":"REST"},{"data":"Bane","floor":15,"key":"SMITH"},{"floor":23,"key":"REST"},{"floor":25,"key":"REST"}],"circlet_count":0,"master_deck":["AscendersBane","Strike_G","Strike_G","Defend_G","Defend_G","Defend_G","Defend_G","Defend_G","Survivor","Neutralize","Crippling Poison+1","Backstab+1","Catalyst","Poisoned Stab","Slice","Masterful Stab","Deflect","Bane+1","Envenom","Blade Dance","Leg Sweep","Heel Hook","Footwork"],"relics":["Ring of the Snake","Calipers","PreservedInsect","Black Star","Sundial","Paper Crane","Question Card","Bottled Flame"],"acts_visited":["Exordium","TheCity"],"potions_floor_usage":[7,16,16,24,24],"damage_taken":[{"damage":2,"enemies":"Cultist","floor":1,"turns":5},{"damage":27,"enemies":"Gremlin Nob","floor":7,"turns":4},{"damage":0,"enemies":"Small Slimes","floor":8,"turns":2},{"damage":0,"enemies":"Jaw Worm","floor":10,"turns":4},{"damage":6,"enemies":"Exordium Thugs","floor":11,"turns":5},{"damage":17,"enemies":"Large Slime","floor":12,"turns":8},{"damage":5,"enemies":"Blue Slaver","floor":14,"turns":3},{"damage":22,"enemies":"Slime Boss","floor":16,"turns":9},{"damage":21,"enemies":"Shell Parasite","floor":18,"turns":5},{"damage":24,"enemies":"Spheric Guardian","floor":21,"turns":6},{"damage":29,"enemies":"Book of Stabbing","floor":24,"turns":5},{"damage":5,"enemies":"Cultist and Chosen","floor":28,"turns":7},{"damage":28,"enemies":"3 Cultists","floor":29,"turns":4}],"seed_played":"-2424575088242502968","potions_obtained":[{"floor":8,"key":"ColorlessPotion"},{"floor":12,"key":"Fire Potion"},{"floor":14,"key":"BlessingOfTheForge"},{"floor":18,"key":"Energy Potion"},{"floor":21,"key":"AttackPotion"}],"is_trial":false,"path_per_floor":["M","?","?","$","?","R","E","M","T","M","M","M","R","M","R","B",null,"M","?","?","M","?","R","E","R","T","$","M","M"],"character_chosen":"THE_SILENT","items_purchased":["Backstab","Poison Potion"],"campfire_rested":3,"item_purchase_floors":[4,4],"current_hp_per_floor":[63,68,61,61,61,61,34,34,34,34,28,11,34,29,29,7,60,39,39,39,15,15,38,9,32,32,32,27,0,0],"gold":60,"neow_bonus":"TEN_PERCENT_HP_BONUS","is_daily":false,"chose_seed":false,"campfire_upgraded":2,"win_rate":0.0,"timestamp":1613036147,"path_taken":["M","?","?","$","?","R","E","M","T","M","?","M","R","M","R","BOSS","M","?","?","M","?","R","E","R","T","$","M","M"],"items_purchased_type":["Card","Potion"],"build_version":"2020-12-22","purchased_purges":1,"victory":false,"max_hp_per_floor":[72,77,77,77,77,77,77,77,77,77,77,77,77,77,77,77,77,77,77,77,77,77,77,77,77,77,77,77,77,77],"card_choices":[{"not_picked":["Acrobatics","Prepared"],"picked":"Crippling Poison","floor":1},{"not_picked":["Outmaneuver","Crippling Poison"],"picked":"Catalyst","floor":7},{"not_picked":["Concentrate","Distraction"],"picked":"Poisoned Stab","floor":8},{"not_picked":["PiercingWail","Masterful Stab"],"picked":"Slice","floor":10},{"not_picked":["Outmaneuver","Expertise"],"picked":"Masterful Stab","floor":11},{"not_picked":["Cloak And Dagger","Backstab"],"picked":"Deflect","floor":12},{"not_picked":["Caltrops","Riddle With Holes"],"picked":"Bane","floor":14},{"not_picked":["Wraith Form v2","Venomology"],"picked":"Envenom","floor":16},{"not_picked":["Acrobatics","Prepared"],"picked":"Blade Dance","floor":18},{"not_picked":["Flying Knee","Dagger Throw"],"picked":"Heel Hook","floor":21},{"not_picked":["Deadly Poison","Poisoned Stab"],"picked":"Footwork","floor":24},{"not_picked":["Outmaneuver","Dagger Spray","Flying Knee","Deadly Poison"],"picked":"SKIP","floor":28}],"player_experience":221222,"relics_obtained":[{"floor":7,"key":"Calipers"},{"floor":9,"key":"PreservedInsect"},{"floor":24,"key":"Paper Crane"},{"floor":24,"key":"Question Card"},{"floor":26,"key":"Bottled Flame"}],"event_choices":[{"damage_healed":0,"gold_gain":0,"player_choice":"Donut","damage_taken":0,"max_hp_gain":5,"max_hp_loss":0,"event_name":"Big Fish","floor":2,"gold_loss":0},{"cards_removed":["Strike_G"],"damage_healed":0,"gold_gain":0,"player_choice":"Card Removal","damage_taken":7,"max_hp_gain":0,"max_hp_loss":0,"event_name":"Golden Wing","floor":3,"gold_loss":0},{"damage_healed":0,"gold_gain":0,"player_choice":"Forge","damage_taken":0,"max_hp_gain":0,"max_hp_loss":0,"event_name":"Accursed Blacksmith","floor":5,"gold_loss":0,"cards_upgraded":["Backstab"]},{"damage_healed":0,"gold_gain":0,"player_choice":"Obtained Relic","damage_taken":0,"relics_obtained":["Sundial"],"max_hp_gain":0,"max_hp_loss":0,"event_name":"Addict","floor":19,"gold_loss":85},{"damage_healed":0,"gold_gain":0,"player_choice":"Read","damage_taken":0,"max_hp_gain":0,"max_hp_loss":0,"event_name":"The Library","floor":20,"gold_loss":0,"cards_obtained":["Leg Sweep"]},{"cards_removed":["Strike_G"],"damage_healed":0,"gold_gain":0,"player_choice":"Gave Gold","damage_taken":0,"max_hp_gain":0,"max_hp_loss":0,"event_name":"Beggar","floor":22,"gold_loss":75}],"is_beta":false,"boss_relics":[{"not_picked":["Velvet Choker","Ring of the Serpent"],"picked":"Black Star"}],"items_purged_floors":[27],"is_endless":false,"potions_floor_spawned":[8,12,14,18,21],"killed_by":"3 Cultists","ascension_level":19}}