{"host":"m6aaltr68g9tvoay","time":1613015919,"event":{"mods":["AchievementEnabler","BaseMod","Colored Map","Downfall","Minty Spire (QoL Compilation)","Slay the Relics Exporter","StSLib"],"gold_per_floor":[99,118,130,144,144,44,44,54,86,86,24,39,39,24,40,114,114,114,130,150,60,70,70,70,70,89,120,120,120,20,20,35,35,35,35],"floor_reached":33,"language":"ENG","playtime":2087,"items_purged":["bronze:Strike"],"score":469,"play_id":"50c7a436-682b-4e66-8530-566d97a530e4","local_time":"20210210195839","is_ascension_mode":true,"campfire_choices":[{"floor":1,"key":"RECALL"},{"data":"bronze:Optimize","floor":6,"key":"SMITH"},{"floor":10,"key":"REST"},{"floor":13,"key":"REST"},{"data":"bronze:AlphaBuild","floor":18,"key":"SMITH"},{"floor":23,"key":"REST"},{"floor":25,"key":"REST"},{"data":"bronze:Iterate","floor":30,"key":"SMITH"}],"circlet_count":0,"master_deck":["AscendersBane","bronze:Defend","bronze:Defend","bronze:Defend","bronze:Defend","bronze:Replicate","bronze:Goto","bronze:InfiniteBeams","bronze:Optimize+1","bronze:BronzeOrb","bronze:WhirlingStrike","bronze:CutThrough","bronze:ForLoop","bronze:Iterate+1","bronze:Flail","bronze:Frontload","bronze:Constructor","bronze:Repair","bronze:FineTuning","bronze:AlphaBuild+1","bronze:FollowUp","bronze:Repair+1","bronze:ChildClass","bronze:ForceShield"],"relics":["bronze:PlatinumCore","downfall:HeartBlessingRed","Nunchaku","Centennial Puzzle","Strawberry","downfall:HeartBlessingBlue","Enchiridion"],"acts_visited":["Exordium","TheCity"],"potions_floor_usage":[16,27,28],"damage_taken":[{"damage":1,"enemies":"Cultist","floor":2,"turns":4},{"damage":4,"enemies":"Small Slimes","floor":3,"turns":4},{"damage":2,"enemies":"Jaw Worm","floor":4,"turns":4},{"damage":8,"enemies":"Blue Slaver","floor":8,"turns":3},{"damage":18,"enemies":"Gremlin Nob","floor":9,"turns":3},{"damage":5,"enemies":"downfall:FleeingMerchant","floor":11,"turns":4},{"damage":0,"enemies":"Large Slime","floor":12,"turns":4},{"damage":0,"enemies":"downfall:FleeingMerchant","floor":14,"turns":4},{"damage":0,"enemies":"Gremlin Gang","floor":15,"turns":1},{"damage":20,"enemies":"IC_STATUS_ARCHETYPE","floor":16,"turns":7},{"damage":16,"enemies":"Shell Parasite","floor":19,"turns":5},{"damage":37,"enemies":"Snake Plant","floor":20,"turns":7},{"damage":0,"enemies":"downfall:FleeingMerchant","floor":21,"turns":4},{"damage":38,"enemies":"Cultist and Chosen","floor":22,"turns":7},{"damage":0,"enemies":"Centurion and Healer","floor":26,"turns":5},{"damage":20,"enemies":"Gremlin Leader","floor":27,"turns":4},{"damage":0,"enemies":"Snake Plant","floor":28,"turns":1},{"damage":50,"enemies":"Chosen and Byrds","floor":32,"turns":8},{"damage":62,"enemies":"SI_MIRROR_ARCHETYPE","floor":33,"turns":12}],"seed_played":"-3375535891833994621","potions_obtained":[{"floor":2,"key":"bronze:FreeFunctionsPotion"},{"floor":3,"key":"Strength Potion"},{"floor":15,"key":"bronze:BuildAFunctionPotion"},{"floor":16,"key":"Dexterity Potion"},{"floor":22,"key":"SmokeBomb"}],"is_trial":false,"path_per_floor":["R","M","M","M","?","R","T","M","E","R","$","M","R","$","M","B",null,"R","M","M","$","M","R","T","R","M","E","M","?","R","?","M","B"],"character_chosen":"THE_AUTOMATON","items_purchased":["bronze:Frontload"],"campfire_rested":4,"item_purchase_floors":[11],"current_hp_per_floor":[63,62,58,56,56,56,56,48,30,51,46,46,67,67,67,47,64,64,54,27,34,13,34,34,55,65,72,72,72,82,66,33,0,0,0],"gold":35,"neow_bonus":"TRANSFORM_CARD","is_daily":false,"chose_seed":false,"campfire_upgraded":3,"win_rate":0.0,"timestamp":1613015919,"path_taken":["R","M","M","?","?","R","T","M","E","R","$","M","R","$","M","BOSS","R","M","M","$","M","R","T","R","M","E","?","?","R","?","M","BOSS"],"items_purchased_type":["Card"],"build_version":"2020-12-22","purchased_purges":1,"victory":false,"max_hp_per_floor":[70,70,70,70,70,70,70,70,70,70,70,70,70,70,70,70,70,70,70,70,70,70,70,70,70,70,77,77,77,87,87,87,87,87,87],"card_choices":[{"not_picked":["bronze:InfiniteBeams","bronze:Constructor"],"picked":"bronze:Optimize","floor":2},{"not_picked":["bronze:Optimize","bronze:Shield"],"picked":"bronze:BronzeOrb","floor":3},{"not_picked":["bronze:BronzeArmor","bronze:CutThrough"],"picked":"bronze:WhirlingStrike","floor":4},{"not_picked":["bronze:FineTuning","bronze:Separator"],"picked":"bronze:ForLoop","floor":8},{"not_picked":["bronze:BuggyMess","bronze:Allocate"],"picked":"bronze:Iterate","floor":9},{"not_picked":["bronze:Boost","bronze:WildBeam"],"picked":"bronze:Flail","floor":11},{"not_picked":["bronze:Separator","bronze:ForLoop"],"picked":"bronze:Constructor","floor":12},{"not_picked":["bronze:Hardcode","bronze:BuggyMess"],"picked":"bronze:Repair","floor":14},{"not_picked":["bronze:Flail","bronze:Frontload"],"picked":"bronze:FineTuning","floor":15},{"not_picked":["bronze:Assembly","bronze:RecursiveStrike"],"picked":"bronze:AlphaBuild","floor":16},{"not_picked":["bronze:Deprecate","bronze:Shell","bronze:BronzeOrb"],"picked":"SKIP","floor":19},{"not_picked":["bronze:Separator","bronze:OilSpill"],"picked":"bronze:FollowUp","floor":20},{"not_picked":["bronze:Deprecate","bronze:Constructor"],"picked":"bronze:Repair+1","floor":21},{"not_picked":["bronze:CloningBeam","bronze:FineTuning"],"picked":"bronze:ChildClass","floor":22},{"not_picked":["bronze:Fortify","bronze:FineTuning","bronze:CloningBeam"],"picked":"SKIP","floor":26},{"not_picked":["bronze:Shield","bronze:Iterate"],"picked":"bronze:ForceShield","floor":27},{"not_picked":["bronze:Constructor","bronze:Iterate","bronze:Repulsor"],"picked":"SKIP","floor":32}],"player_experience":1911597,"relics_obtained":[{"floor":7,"key":"Nunchaku"},{"floor":9,"key":"Centennial Puzzle"},{"floor":27,"key":"Strawberry"},{"floor":31,"key":"Enchiridion"}],"event_choices":[],"is_beta":false,"boss_relics":[{"not_picked":["SlaversCollar","Fusion Hammer"],"picked":"bronze:PlatinumCore"}],"items_purged_floors":[21],"is_endless":false,"potions_floor_spawned":[2,3,8,15,16,20,22,26],"killed_by":"SI_MIRROR_ARCHETYPE","ascension_level":13}}