{"host":"Jinnai","time":1613009681,"event":{"mods":["BaseMod","Bestiary","Block Reminder","Colored Map","Colored Powertips","Curses Come First","Highlight Path","Minty Spire (QoL Compilation)","Permanent Neow","Potion Indicator Mod","Quick Restart","Relic Stats","StSLib","ojb\u0027s Info Mod"],"gold_per_floor":[99,99,99,99,99,99,99,99,99,24,24,24,0,0,0,0,0],"floor_reached":16,"language":"ENG","playtime":455,"items_purged":["Strike_R"],"score":240,"play_id":"bd8797ff-b9b9-47f5-8422-c11fc17d8ee4","local_time":"20210210211441","is_ascension_mode":true,"campfire_choices":[{"floor":12,"key":"REST"},{"data":"Searing Blow","floor":15,"key":"SMITH"}],"circlet_count":0,"master_deck":["AscendersBane","Strike_R","Strike_R","Strike_R","Strike_R","Defend_R","Defend_R","Defend_R","Defend_R","Bash","Cleave","Rupture","Sword Boomerang","Reaper","Searing Blow+1","Pommel Strike","Anger","Shockwave"],"relics":["Ectoplasm","Mango","SsserpentHead","CeramicFish","Bottled Flame","Tiny Chest"],"acts_visited":["Exordium"],"potions_floor_usage":[8,8,13,14,16],"damage_taken":[{"damage":11,"enemies":"Cultist","floor":1,"turns":4},{"damage":3,"enemies":"2 Louse","floor":3,"turns":2},{"damage":2,"enemies":"Jaw Worm","floor":4,"turns":3},{"damage":40,"enemies":"Lagavulin","floor":6,"turns":6},{"damage":31,"enemies":"Gremlin Nob","floor":8,"turns":4},{"damage":0,"enemies":"Lots of Slimes","floor":11,"turns":1},{"damage":29,"enemies":"Exordium Thugs","floor":13,"turns":3},{"damage":15,"enemies":"Lagavulin","floor":14,"turns":4},{"damage":19,"enemies":"Hexaghost","floor":16,"turns":4}],"seed_played":"-819094186728882278","potions_obtained":[{"floor":3,"key":"DistilledChaos"},{"floor":6,"key":"SkillPotion"},{"floor":11,"key":"Explosive Potion"},{"floor":13,"key":"AttackPotion"},{"floor":14,"key":"GamblersBrew"}],"is_trial":false,"path_per_floor":["M","?","M","M","?","E","?","E","T","$","M","R","M","E","R","B"],"character_chosen":"IRONCLAD","items_purchased":[],"campfire_rested":1,"item_purchase_floors":[],"current_hp_per_floor":[57,57,54,52,52,26,26,1,1,1,21,47,25,12,12,0,0],"gold":0,"neow_bonus":"BOSS_RELIC","is_daily":false,"chose_seed":false,"campfire_upgraded":1,"win_rate":0.0,"timestamp":1613009681,"path_taken":["M","?","?","M","?","E","?","E","T","$","M","R","?","E","R","BOSS"],"items_purchased_type":[],"build_version":"2020-12-18","purchased_purges":1,"victory":false,"max_hp_per_floor":[75,75,75,75,75,89,89,89,89,89,89,89,89,89,89,89,89],"relic_stats":{"SsserpentHead":0,"counters":[9,31],"CeramicFish":0,"Tiny Chest":0,"Ectoplasm":444,"obtain_stats":[{"SsserpentHead":7,"Bottled Flame":9,"CeramicFish":8,"Mango":6,"Tiny Chest":14,"Ectoplasm":0,"Burning Blood":0},{"SsserpentHead":4,"Bottled Flame":5,"CeramicFish":5,"Mango":4,"Tiny Chest":8,"Ectoplasm":0,"Burning Blood":0},{"SsserpentHead":15,"Bottled Flame":19,"CeramicFish":19,"Mango":15,"Tiny Chest":27,"Ectoplasm":0,"Burning Blood":0}]},"card_choices":[{"not_picked":["Sword Boomerang","Body Slam"],"picked":"Cleave","floor":1},{"not_picked":["Flex","Body Slam"],"picked":"Rupture","floor":3},{"not_picked":["Heavy Blade","Armaments"],"picked":"Sword Boomerang","floor":4},{"not_picked":["Twin Strike","Ghostly Armor"],"picked":"Reaper","floor":6},{"not_picked":["True Grit","Hemokinesis"],"picked":"Searing Blow","floor":8},{"not_picked":["Sever Soul","Thunderclap"],"picked":"Pommel Strike","floor":11},{"not_picked":["Flex","Pommel Strike"],"picked":"Anger","floor":13},{"not_picked":["Armaments","Clash"],"picked":"Shockwave","floor":14}],"player_experience":1713676,"relics_obtained":[{"floor":6,"key":"Mango"},{"floor":8,"key":"CeramicFish"},{"floor":9,"key":"Bottled Flame"},{"floor":14,"key":"Tiny Chest"}],"event_choices":[{"damage_healed":0,"gold_gain":100,"player_choice":"Gold","damage_taken":0,"max_hp_gain":0,"max_hp_loss":0,"event_name":"Wheel of Change","floor":2,"gold_loss":0},{"damage_healed":0,"gold_gain":0,"player_choice":"Ignored","damage_taken":0,"max_hp_gain":0,"max_hp_loss":0,"event_name":"Liars Game","floor":5,"gold_loss":0},{"damage_healed":0,"gold_gain":0,"player_choice":"Trade","damage_taken":0,"relics_obtained":["SsserpentHead"],"max_hp_gain":0,"max_hp_loss":0,"event_name":"FaceTrader","floor":7,"gold_loss":0}],"is_beta":true,"boss_relics":[],"items_purged_floors":[10],"is_endless":false,"potions_floor_spawned":[3,6,11,13,14],"killed_by":"Hexaghost","ascension_level":20}}