{"host":"x7u3amoxy3d4heu5","time":1613071640,"event":{"mods":["BaseMod","Colored Map","DeckTracker","Hermit","Hubris","Infinite Spire","Marisa????????","Minty Spire (QoL Compilation)","Quick Restart","Replay The Spire","StSLib","The Cursed","The IronCluck","The Jungle","The Servant 0.9.4","The Wild Card","Unceasing Turn Reminder","slay the spire mod where everything is the same but ironclad has a cowboy hat"],"gold_per_floor":[116,116,116,129,129,154,168,183,235,248,248,261,261,280,280,375,375,389,481,144,156,156,184,184,184,184,184,109,109,109,143,143,143,143],"floor_reached":33,"language":"ENG","playtime":2283,"items_purged":[],"score":367,"play_id":"5d7a8f88-9873-4d69-a284-0a7313891b0c","local_time":"20210211122720","is_ascension_mode":true,"campfire_choices":[{"data":"hermit:Gestalt","floor":11.0,"key":"SMITH"},{"data":"hermit:CursedWeapon","floor":13.0,"key":"SMITH"},{"data":"hermit:PistolWhip","floor":15.0,"key":"SMITH"},{"data":"hermit:Magnum","floor":24.0,"key":"SMITH"},{"floor":29.0,"key":"REST"},{"floor":32,"key":"REST"}],"circlet_count":0,"master_deck":["hermit:Strike_Hermit","hermit:Strike_Hermit","hermit:Strike_Hermit","hermit:Defend_Hermit","hermit:Defend_Hermit","hermit:Defend_Hermit","hermit:Snapshot","hermit:Covet","hermit:CursedWeapon+1","hermit:Roulette","hermit:Gestalt+1","hermit:PistolWhip+1","hermit:Shortfuse","hermit:Enervate","hermit:Horror","hermit:SprayPray","hermit:SprayPray","hermit:Magnum+1","hermit:Glare","hermit:Quickdraw","hermit:Deadeye+1","hermit:Snipe+1","Pot Of Greed","Pot Of Greed","hubris:EnhanceAbility","Pot Of Greed","hermit:DeadOrAlive","hermit:Roughhouse","infinitespire:DeathsTouch","hubris:Lust","m_Survivalism","Trip","infinitespire:Collect","Ghostly","Ghostly","Ghostly","Ghostly","Ghostly","Pot Of Greed","hermit:Desperado"],"relics":["hermit:Momento","Replay:Ringing Soul","hubris:FunFungus","Snecko Eye","Grinning Jar","hubris:TinFlute","ReplayTheSpireMod:SealedPack","Replay:Kaleidoscope","Toy Ornithopter"],"acts_visited":["Exordium","TheCity"],"potions_floor_usage":[31],"damage_taken":[{"damage":2.0,"enemies":"Cultist","floor":1.0,"turns":3.0},{"damage":4.0,"enemies":"Jaw Worm","floor":4.0,"turns":3.0},{"damage":3.0,"enemies":"Gremlin Nob","floor":6.0,"turns":3.0},{"damage":4.0,"enemies":"Small Slimes","floor":7.0,"turns":3.0},{"damage":12.0,"enemies":"Gremlin Gang","floor":8.0,"turns":4.0},{"damage":2.0,"enemies":"Large Slime","floor":10.0,"turns":3.0},{"damage":2.0,"enemies":"Exordium Thugs","floor":12.0,"turns":2.0},{"damage":4.0,"enemies":"Gremlin Gang","floor":14.0,"turns":4.0},{"damage":32.0,"enemies":"Fading Forest","floor":16.0,"turns":11.0},{"damage":2.0,"enemies":"Spheric Guardian","floor":18.0,"turns":1.0},{"damage":16.0,"enemies":"Shell Parasite","floor":21.0,"turns":2.0},{"damage":42.0,"enemies":"Snecko","floor":23.0,"turns":5.0},{"damage":37,"enemies":"Gremlin Leader","floor":31,"turns":7},{"damage":66,"enemies":"Automaton","floor":33,"turns":6}],"seed_played":"-6959460526784908554","potions_obtained":[{"floor":4.0,"key":"BlessingOfTheForge"},{"floor":6.0,"key":"Elixir"},{"floor":7.0,"key":"SneckoOil"},{"floor":10.0,"key":"SkillPotion"},{"floor":21.0,"key":"Weak Potion"}],"is_trial":false,"path_per_floor":["M","?","?","M","$","E","M","M","T","M","R","M","R","M","R","B",null,"M","?","$","M","?","M","R","?","T","AVR","?","R","?","E","R","B"],"character_chosen":"HERMIT","items_purchased":["Grinning Jar","hubris:EnhanceAbility"],"campfire_rested":2,"item_purchase_floors":[20,20],"current_hp_per_floor":[73,66,66,65,65,65,64,55,55,58,58,59,59,58,58,48,99,100,103,106,93,93,54,54,30,30,33,33,69,64,30,50,0,0],"gold":143,"neow_bonus":"RANDOM_EVENT","is_daily":false,"chose_seed":false,"campfire_upgraded":4,"win_rate":0.0,"timestamp":1613071640,"path_taken":["M","?","?","?","?","E","?","?","T","M","R","M","R","M","R","BOSS","M","?","?","?","?","M","R","?","T","AVR","?","R","?","E","R","BOSS"],"items_purchased_type":["Relic","Card"],"build_version":"2020-12-22","purchased_purges":0,"victory":false,"max_hp_per_floor":[75,75,75,78,78,81,84,87,87,90,90,93,93,96,96,99,99,102,105,108,111,111,114,114,119,119,122,122,122,64,67,67,67,67],"card_choices":[{"not_picked":["hermit:CalledShot","hermit:FullyLoaded"],"picked":"hermit:Roulette","floor":1.0},{"not_picked":["hermit:CursedWeapon","hermit:Feint"],"picked":"hermit:Gestalt","floor":4.0},{"not_picked":["hermit:Headshot","hermit:Feint"],"picked":"hermit:PistolWhip","floor":6.0},{"not_picked":["hermit:TrackingShot","hermit:Midnight"],"picked":"hermit:Shortfuse","floor":7.0},{"not_picked":["hermit:HoleUp","hermit:LuckOfTheDraw"],"picked":"hermit:Enervate","floor":8.0},{"not_picked":["hermit:Determination","hermit:Coalescence"],"picked":"hermit:Horror","floor":10.0},{"not_picked":["hermit:TakeAim","hermit:Dive"],"picked":"hermit:SprayPray","floor":12.0},{"not_picked":["hermit:Desperado","hermit:Midnight"],"picked":"hermit:SprayPray","floor":14.0},{"not_picked":["hermit:FinalCanter","hermit:EternalForm"],"picked":"hermit:Magnum","floor":16.0},{"not_picked":["hermit:CalledShot","hermit:Quickdraw"],"picked":"hermit:Glare","floor":18.0},{"not_picked":["hermit:Glare","hermit:Headshot"],"picked":"hermit:Quickdraw","floor":19.0},{"not_picked":["hermit:Coalescence+1","hermit:Quickdraw"],"picked":"hermit:Deadeye+1","floor":19.0},{"not_picked":["hermit:GoldenBullet","hermit:GhostlyPresence"],"picked":"hermit:Snipe+1","floor":19.0},{"not_picked":["hermit:CalledShot","hermit:Ricochet"],"picked":"hermit:DeadOrAlive","floor":21.0},{"not_picked":["hermit:Roulette+1","hermit:Glare"],"picked":"hermit:Roughhouse","floor":23.0},{"not_picked":["TheCursedMod:CursedWand","Exchange"],"picked":"m_Survivalism","floor":27.0},{"not_picked":["hermit:Purgatory","hermit:RoundhouseKick"],"picked":"hermit:HighNoon","floor":27.0},{"not_picked":["Specialist","Madness"],"picked":"Trip","floor":27.0},{"not_picked":["Replay:Fractal Strike","infinitespire:Gouge"],"picked":"infinitespire:Collect","floor":27.0},{"not_picked":["hermit:TrackingShot+1","hermit:Combo"],"picked":"hermit:Desperado","floor":31}],"player_experience":564693,"relics_obtained":[{"floor":6.0,"key":"hubris:FunFungus"},{"floor":26.0,"key":"hubris:TinFlute"},{"floor":31,"key":"Toy Ornithopter"}],"event_choices":[{"damage_healed":0.0,"max_hp_gain":0.0,"max_hp_loss":0.0,"gold_gain":0.0,"event_name":"Scrap Ooze","player_choice":"Success","floor":2.0,"gold_loss":0.0,"damage_taken":7.0,"relics_obtained":["Replay:Ringing Soul"]},{"cards_removed":["hermit:Strike_Hermit"],"damage_healed":0.0,"max_hp_gain":0.0,"max_hp_loss":0.0,"gold_gain":0.0,"event_name":"Bonfire Elementals","player_choice":"Offered Basic","floor":3.0,"gold_loss":0.0,"damage_taken":0.0},{"cards_removed":["hermit:Defend_Hermit"],"damage_healed":0.0,"max_hp_gain":0.0,"max_hp_loss":0.0,"gold_gain":0.0,"event_name":"Back to Basics","player_choice":"Elegance","floor":22.0,"gold_loss":0.0,"damage_taken":0.0},{"damage_healed":0.0,"max_hp_gain":5.0,"max_hp_loss":0.0,"gold_gain":0.0,"event_name":"Forgotten Altar","player_choice":"Shed Blood","floor":25.0,"gold_loss":0.0,"damage_taken":29.0},{"cards_removed":["hermit:HighNoon"],"damage_healed":0.0,"max_hp_gain":0.0,"max_hp_loss":0.0,"gold_gain":0.0,"event_name":"Beggar","player_choice":"Gave Gold","floor":28.0,"gold_loss":75.0,"damage_taken":0.0},{"damage_healed":0.0,"max_hp_gain":0.0,"max_hp_loss":61.0,"gold_gain":0.0,"event_name":"Ghosts","player_choice":"Became a Ghost","floor":30.0,"gold_loss":0.0,"damage_taken":0.0,"cards_obtained":["Ghostly","Ghostly","Ghostly","Ghostly","Ghostly"]}],"is_beta":false,"boss_relics":[{"not_picked":["Runic Dome","Replay:Drink Me"],"picked":"Snecko Eye"}],"items_purged_floors":[],"is_endless":false,"potions_floor_spawned":[4,6,7,10,21,23],"killed_by":"Automaton","ascension_level":2}}