{"host":"jz4ul6vrcxqkcr33","time":1613082923,"event":{"mods":["BaseMod","Minty Spire (QoL Compilation)","StSLib"],"gold_per_floor":[99,99,99,99,99,99,99,69,69,32,32,32,32,32,32,32,32,32,0,0,0,0,0],"floor_reached":22,"language":"ENG","playtime":596,"items_purged":[],"score":273,"play_id":"4b796b51-8f5d-4d99-8e99-df2d485862d5","local_time":"20210211173523","is_ascension_mode":true,"campfire_choices":[{"floor":12,"key":"REST"},{"floor":15,"key":"REST"}],"circlet_count":0,"master_deck":["Strike_B","Strike_B","Strike_B","Strike_B","Defend_B","Defend_B","Defend_B","Defend_B","Zap","Dualcast","Static Discharge","Defragment+1","Ball Lightning","Machine Learning","Doom and Gloom","Loop","Storm","Beam Cell","Turbo","Electrodynamics","CurseOfTheBell","Sunder","Sweeping Beam","Decay"],"relics":["Ectoplasm","WarpedTongs","Emotion Chip","Ornamental Fan","Spirit Poop","Nunchaku","Calling Bell","Regal Pillow","Eternal Feather","Pocketwatch"],"acts_visited":["Exordium","TheCity"],"potions_floor_usage":[14,16,19],"damage_taken":[{"damage":0.0,"enemies":"Small Slimes","floor":1.0,"turns":3.0},{"damage":1.0,"enemies":"Cultist","floor":2.0,"turns":3.0},{"damage":2.0,"enemies":"2 Louse","floor":4.0,"turns":3.0},{"damage":28.0,"enemies":"Lagavulin","floor":6.0,"turns":6.0},{"damage":8.0,"enemies":"Lots of Slimes","floor":7.0,"turns":4.0},{"damage":20.0,"enemies":"Looter","floor":8.0,"turns":3.0},{"damage":26,"enemies":"3 Sentries","floor":13,"turns":5},{"damage":10,"enemies":"Exordium Thugs","floor":14,"turns":4},{"damage":22,"enemies":"Hexaghost","floor":16,"turns":5},{"damage":20,"enemies":"Shell Parasite","floor":18,"turns":4},{"damage":37,"enemies":"2 Thieves","floor":19,"turns":3},{"damage":6,"enemies":"3 Cultists","floor":22,"turns":3}],"seed_played":"6487303018551957512","potions_obtained":[{"floor":1.0,"key":"Dexterity Potion"},{"floor":7.0,"key":"Fruit Juice"},{"floor":8,"key":"Swift Potion"},{"floor":14,"key":"EssenceOfSteel"},{"floor":18,"key":"Dexterity Potion"}],"is_trial":false,"path_per_floor":["M","M","?","M","?","E","M","M","T","$","?","R","E","M","R","B",null,"M","M","?","?","M"],"character_chosen":"DEFECT","items_purchased":["Storm"],"campfire_rested":2,"item_purchase_floors":[10],"current_hp_per_floor":[68,67,67,65,65,37,29,14,14,14,14,38,12,2,26,4,61,41,4,4,4,0,0],"gold":0,"neow_bonus":"BOSS_RELIC","is_daily":false,"chose_seed":false,"campfire_upgraded":0,"win_rate":0.0,"timestamp":1613082923,"path_taken":["M","M","?","?","?","E","M","?","T","$","?","R","E","M","R","BOSS","M","M","?","?","M"],"items_purchased_type":["Card"],"build_version":"2020-12-13","purchased_purges":0,"victory":false,"max_hp_per_floor":[75,75,75,75,75,75,75,80,80,80,80,80,80,80,80,80,80,80,80,80,80,80,80],"card_choices":[{"not_picked":["Compile Driver","Steam"],"picked":"Static Discharge","floor":1.0},{"not_picked":["Go for the Eyes","Turbo"],"picked":"Defragment","floor":2.0},{"not_picked":["Steam","Streamline"],"picked":"Ball Lightning","floor":4.0},{"not_picked":["Stack","Hologram"],"picked":"Machine Learning","floor":6.0},{"not_picked":["Leap","Capacitor"],"picked":"Doom and Gloom","floor":7.0},{"not_picked":["Cold Snap","Static Discharge"],"picked":"Loop","floor":8},{"not_picked":["Steam","Aggregate"],"picked":"Beam Cell","floor":13},{"not_picked":["Go for the Eyes","Sweeping Beam"],"picked":"Turbo","floor":14},{"not_picked":["Fission","Rainbow"],"picked":"Electrodynamics","floor":16},{"not_picked":["Turbo","Blizzard"],"picked":"Sunder","floor":18},{"not_picked":["Doom and Gloom","Compile Driver"],"picked":"Sweeping Beam","floor":19}],"player_experience":225105,"relics_obtained":[{"floor":6.0,"key":"Emotion Chip"},{"floor":9,"key":"Ornamental Fan"},{"floor":13,"key":"Nunchaku"},{"floor":17,"key":"Regal Pillow"},{"floor":17,"key":"Eternal Feather"},{"floor":17,"key":"Pocketwatch"}],"event_choices":[{"damage_healed":0.0,"max_hp_gain":0.0,"max_hp_loss":0.0,"gold_gain":0.0,"event_name":"Upgrade Shrine","player_choice":"Upgraded","floor":3.0,"gold_loss":0.0,"damage_taken":0.0,"cards_upgraded":["Defragment"]},{"damage_healed":0.0,"max_hp_gain":0.0,"max_hp_loss":0.0,"gold_gain":0.0,"event_name":"Accursed Blacksmith","player_choice":"Rummage","floor":5.0,"gold_loss":0.0,"damage_taken":0.0,"relics_obtained":["WarpedTongs"],"cards_obtained":["Pain"]},{"cards_removed":["Pain"],"damage_healed":0,"gold_gain":0,"player_choice":"Offered Curse","damage_taken":0,"relics_obtained":["Spirit Poop"],"max_hp_gain":0,"max_hp_loss":0,"event_name":"Bonfire Elementals","floor":11,"gold_loss":0},{"damage_healed":0,"gold_gain":99,"player_choice":"Stole From Cult","damage_taken":0,"max_hp_gain":0,"max_hp_loss":0,"event_name":"Nest","floor":20,"gold_loss":0},{"damage_healed":0,"gold_gain":0,"player_choice":"Smashed Altar","damage_taken":0,"max_hp_gain":0,"max_hp_loss":0,"event_name":"Forgotten Altar","floor":21,"gold_loss":0,"cards_obtained":["Decay"]}],"is_beta":false,"boss_relics":[{"not_picked":["Velvet Choker","SacredBark"],"picked":"Calling Bell"}],"items_purged_floors":[],"is_endless":false,"potions_floor_spawned":[1,7,8,14,18],"killed_by":"3 Cultists","ascension_level":8}}