{"host":"dscols65uipasqd2","time":1613023198,"event":{"mods":["2.2 Compatiblity","AchievementEnabler","Aspiration","BaseMod","Colored Powertips","Downfall","Energized Spire","GifTheSpireLib","Hermit","Hubris","Infinite Spire","JesterMod","Jorbs\u0027s Wanderer Trilogy","Marisa????????","Minty Spire (QoL Compilation)","Rare Cards Sparkle","Replay The Spire","StSLib","Stuff the Spire","The Cursed","The Disciple","The Hierophant","The Judge","The Jungle","The Runesmith","TheFirefly"],"gold_per_floor":[99,114,125,575,575,605,605,632,649,649,649,649],"floor_reached":10,"language":"ENG","playtime":525,"items_purged":[],"score":95,"play_id":"fc1f129d-7289-405b-8ec5-e4ff18e44eaf","local_time":"20210211005958","is_ascension_mode":true,"campfire_choices":[{"floor":1,"key":"RECALL"}],"circlet_count":0,"master_deck":["sneckomod:Strike","sneckomod:Strike","sneckomod:Strike","sneckomod:Defend","sneckomod:Defend","sneckomod:Defend","sneckomod:TailWhip","sneckomod:SnekBite","sneckomod:Unknown","sneckomod:Unknown","sneckomod:SerpentIdol","sneckomod:WideSting","downfall:Icky","downfall:Icky","downfall:Icky","sneckomod:SnakeSap","sneckomod:UnknownVulnerable","sneckomod:UnknownUncommonAttack"],"relics":["sneckomod:SneckoSoul","downfall:BrokenWingStatue","Iron Hammer","Tiny Chest"],"acts_visited":["Exordium"],"potions_floor_usage":[6,6,8,8,10],"damage_taken":[{"damage":0,"enemies":"Small Slimes","floor":2,"turns":3},{"damage":0,"enemies":"2 Louse","floor":3,"turns":2},{"damage":19,"enemies":"3 Sentries","floor":6,"turns":4},{"damage":36,"enemies":"Gremlin Nob","floor":8,"turns":5},{"damage":12,"enemies":"Jaw Worm","floor":9,"turns":2},{"damage":10,"enemies":"Lagavulin","floor":10,"turns":3}],"seed_played":"5412840410600581104","potions_obtained":[{"floor":0,"key":"Adrenaline Potion"},{"floor":0,"key":"Dexterity Potion"},{"floor":0,"key":"Adrenaline Potion"},{"floor":2,"key":"Languid Potion"},{"floor":6,"key":"Adrenaline Potion"},{"floor":9,"key":"sneckomod:CheatPotion"}],"is_trial":false,"path_per_floor":["R","M","M","?","?","E","T","E","M","E"],"character_chosen":"THE_SNECKO","items_purchased":[],"campfire_rested":0,"item_purchase_floors":[],"current_hp_per_floor":[90,90,90,90,90,71,71,35,23,13,13,13],"gold":649,"neow_bonus":"THREE_SMALL_POTIONS","is_daily":false,"chose_seed":false,"campfire_upgraded":0,"win_rate":0.0,"timestamp":1613023198,"path_taken":["R","M","M","?","?","E","T","E","M","E"],"items_purchased_type":[],"build_version":"2020-12-22","purchased_purges":0,"victory":false,"max_hp_per_floor":[90,90,90,90,90,90,90,90,90,90,90,90],"card_choices":[{"not_picked":["sneckomod:UnknownBlock","sneckomod:CheapStock"],"picked":"sneckomod:SerpentIdol","floor":2},{"not_picked":["sneckomod:Unknown2Cost","sneckomod:DiceBlock"],"picked":"sneckomod:WideSting","floor":3},{"not_picked":["sneckomod:Unknown1Cost","sneckomod:SnekBeam"],"picked":"sneckomod:SnakeSap","floor":6},{"not_picked":["sneckomod:UnknownCommonAttack","sneckomod:QuickMove"],"picked":"sneckomod:UnknownVulnerable","floor":8},{"not_picked":["sneckomod:SoulCleanse","sneckomod:Unknown1Cost"],"picked":"sneckomod:UnknownUncommonAttack","floor":9}],"player_experience":633911,"relics_obtained":[{"floor":6,"key":"Iron Hammer"},{"floor":8,"key":"Tiny Chest"}],"event_choices":[],"is_beta":false,"boss_relics":[],"items_purged_floors":[],"is_endless":false,"potions_floor_spawned":[2,3,6,9],"killed_by":"Lagavulin","ascension_level":5}}