{"host":"ynimr9ugvc6f046i","time":1613016243,"event":{"mods":["2.2 Compatiblity","BaseMod","Colored Map","DeckTracker","Highlight Path","Keyboard Shortcuts","Minty Spire (QoL Compilation)","Permanent Neow","Quick Restart","StSLib","SuperFastMode"],"gold_per_floor":[112,126,126,126,139,139,157,190,190,190,190,190,200,83,109,109,109,109],"floor_reached":17,"language":"KOR","playtime":234,"items_purged":["Defend_P"],"score":330,"play_id":"e1e489da-458b-4be4-bdb0-1106a40bbbd1","local_time":"20210211130403","is_ascension_mode":true,"campfire_choices":[{"data":"Eruption","floor":6.0,"key":"SMITH"},{"floor":10.0,"key":"REST"},{"floor":11.0,"key":"REST"},{"data":"CrushJoints","floor":16.0,"key":"SMITH"}],"circlet_count":0,"master_deck":["AscendersBane","Strike_P","Strike_P+1","Strike_P","Strike_P+1","Defend_P","Defend_P","Defend_P","Eruption+1","Vigilance","FlurryOfBlows","CrushJoints+1","InnerPeace","SandsOfTime"],"relics":["VioletLotus","Potion Belt","Pen Nib","Blue Candle"],"acts_visited":["Exordium"],"potions_floor_usage":[17],"damage_taken":[{"damage":4.0,"enemies":"Jaw Worm","floor":1.0,"turns":4.0},{"damage":5.0,"enemies":"2 Louse","floor":2.0,"turns":3.0},{"damage":1.0,"enemies":"Cultist","floor":5.0,"turns":3.0},{"damage":6.0,"enemies":"Lots of Slimes","floor":7.0,"turns":4.0},{"damage":16.0,"enemies":"Gremlin Nob","floor":8.0,"turns":3.0},{"damage":6.0,"enemies":"Looter","floor":13.0,"turns":4.0},{"damage":0.0,"enemies":"Lagavulin","floor":15.0,"turns":4.0},{"damage":50,"enemies":"Hexaghost","floor":17,"turns":2}],"seed_played":"7972508705283021236","potions_obtained":[{"floor":1.0,"key":"PowerPotion"},{"floor":2.0,"key":"BottledMiracle"},{"floor":8.0,"key":"Energy Potion"},{"floor":12.0,"key":"AttackPotion"}],"is_trial":false,"path_per_floor":["M","M","?","?","M","R","M","E","T","R","R","?","M","$","E","R","B"],"character_chosen":"WATCHER","items_purchased":["SandsOfTime"],"campfire_rested":2,"item_purchase_floors":[14],"current_hp_per_floor":[57,52,32,37,36,36,30,14,14,35,56,56,50,50,50,50,0,0],"gold":109,"neow_bonus":"BOSS_RELIC","is_daily":false,"chose_seed":false,"campfire_upgraded":2,"win_rate":0.0,"timestamp":1613016243,"path_taken":["M","M","?","?","M","R","M","E","T","R","R","?","?","?","E","R","BOSS"],"items_purchased_type":["Card"],"build_version":"2020-12-22","purchased_purges":1,"victory":false,"max_hp_per_floor":[68,68,68,73,73,73,73,73,73,73,73,73,73,73,73,73,73,73],"card_choices":[{"not_picked":["SashWhip","ForeignInfluence"],"picked":"FlurryOfBlows","floor":1.0},{"not_picked":["FlyingSleeves","BowlingBash","SashWhip"],"picked":"SKIP","floor":2.0},{"not_picked":["Halt","Collect","CrushJoints"],"picked":"SKIP","floor":5.0},{"not_picked":["Halt","Collect"],"picked":"CrushJoints","floor":5.0},{"not_picked":["BowlingBash","JustLucky","EmptyBody"],"picked":"SKIP","floor":7.0},{"not_picked":["JustLucky","LikeWater","ThirdEye"],"picked":"SKIP","floor":8.0},{"not_picked":["JustLucky","InnerPeace","WaveOfTheHand"],"picked":"SKIP","floor":13.0},{"not_picked":["JustLucky","WaveOfTheHand"],"picked":"InnerPeace","floor":13.0},{"not_picked":["LikeWater","Judgement","Vengeance"],"picked":"SKIP","floor":15.0}],"player_experience":575103,"relics_obtained":[{"floor":8.0,"key":"Potion Belt"},{"floor":9.0,"key":"Pen Nib"},{"floor":15.0,"key":"Blue Candle"}],"event_choices":[{"damage_healed":0.0,"max_hp_gain":0.0,"max_hp_loss":0.0,"gold_gain":0.0,"event_name":"Shining Light","player_choice":"Entered Light","floor":3.0,"gold_loss":0.0,"damage_taken":20.0,"cards_upgraded":["Strike_P","Strike_P"]},{"damage_healed":0.0,"max_hp_gain":5.0,"max_hp_loss":0.0,"gold_gain":0.0,"event_name":"Big Fish","player_choice":"Donut","floor":4.0,"gold_loss":0.0,"damage_taken":0.0},{"damage_healed":0.0,"max_hp_gain":0.0,"max_hp_loss":0.0,"gold_gain":0.0,"event_name":"Lab","player_choice":"Got Potions","floor":12.0,"gold_loss":0.0,"damage_taken":0.0}],"is_beta":false,"boss_relics":[],"items_purged_floors":[14],"is_endless":false,"potions_floor_spawned":[1,2,8,13],"killed_by":"Hexaghost","ascension_level":20}}