{"host":"2yqfi47fogfu1ic4","time":1613083489,"event":{"mods":["AchievementEnabler","BaseMod","Colored Map","Colored Powertips","Highlight Path","Minty Spire (QoL Compilation)","Permanent Neow","Relic Stats","StSLib"],"gold_per_floor":[99,99,62,62,62,62,62,62,62,62,62,62,62,62,62,62,62,62,22,22,22,22,22],"floor_reached":22,"language":"DEU","playtime":1325,"items_purged":[],"score":462,"play_id":"193af464-8487-4756-9fc4-faebfc7ace32","local_time":"20210211234449","is_ascension_mode":true,"campfire_choices":[{"data":"Crippling Poison","floor":7,"key":"SMITH"},{"data":"Catalyst","floor":15,"key":"SMITH"}],"circlet_count":0,"master_deck":["AscendersBane","Strike_G","Strike_G","Strike_G","Strike_G","Strike_G","Defend_G","Defend_G","Defend_G","Defend_G","Defend_G","Survivor","Neutralize","Backstab","Dash","Crippling Poison+1","Catalyst+1","Night Terror","Dagger Spray","Blur","Acrobatics"],"relics":["Ectoplasm","Dead Branch","HornCleat","Mercury Hourglass","Torii","SlaversCollar"],"acts_visited":["Exordium","TheCity"],"potions_floor_usage":[18,22,22],"damage_taken":[{"damage":1,"enemies":"2 Louse","floor":1,"turns":3},{"damage":1,"enemies":"Small Slimes","floor":4,"turns":4},{"damage":2,"enemies":"Jaw Worm","floor":6,"turns":2},{"damage":32,"enemies":"3 Sentries","floor":8,"turns":14},{"damage":6,"enemies":"Lagavulin","floor":11,"turns":6},{"damage":0,"enemies":"3 Louse","floor":12,"turns":1},{"damage":0,"enemies":"Exordium Wildlife","floor":13,"turns":2},{"damage":0,"enemies":"3 Sentries","floor":14,"turns":6},{"damage":8,"enemies":"The Guardian","floor":16,"turns":10},{"damage":28,"enemies":"Spheric Guardian","floor":18,"turns":8},{"damage":1,"enemies":"2 Thieves","floor":19,"turns":4},{"damage":16,"enemies":"Centurion and Healer","floor":20,"turns":7},{"damage":18,"enemies":"Snake Plant","floor":22,"turns":5}],"seed_played":"8933547747345814373","potions_obtained":[{"floor":4,"key":"SmokeBomb"},{"floor":8,"key":"Ancient Potion"},{"floor":12,"key":"FearPotion"},{"floor":14,"key":"Weak Potion"},{"floor":16,"key":"Fruit Juice"},{"floor":19,"key":"Weak Potion"}],"is_trial":false,"path_per_floor":["M","?","?","M","?","M","R","E","T","$","E","M","M","E","R","B",null,"M","M","M","?","M"],"character_chosen":"THE_SILENT","items_purchased":[],"campfire_rested":0,"item_purchase_floors":[],"current_hp_per_floor":[58,58,58,57,62,60,60,28,28,28,22,22,22,22,22,14,57,29,28,12,12,0,0],"gold":22,"neow_bonus":"BOSS_RELIC","is_daily":false,"chose_seed":false,"campfire_upgraded":2,"win_rate":0.0,"timestamp":1613083489,"path_taken":["M","?","?","M","?","M","R","E","T","?","E","M","M","E","R","BOSS","M","M","M","?","M"],"items_purchased_type":[],"build_version":"2020-12-22","purchased_purges":0,"victory":false,"max_hp_per_floor":[66,66,66,66,71,71,71,71,71,71,71,71,71,71,71,71,71,71,71,71,71,76,76],"relic_stats":{"Torii":15,"counters":[13,69],"Dead Branch":[35],"Ectoplasm":340,"obtain_stats":[{"SlaversCollar":17,"HornCleat":9,"Torii":14,"Dead Branch":8,"Ectoplasm":0,"Ring of the Snake":0,"Mercury Hourglass":11},{"SlaversCollar":9,"HornCleat":4,"Torii":8,"Dead Branch":4,"Ectoplasm":0,"Ring of the Snake":0,"Mercury Hourglass":5},{"SlaversCollar":46,"HornCleat":23,"Torii":36,"Dead Branch":23,"Ectoplasm":0,"Ring of the Snake":0,"Mercury Hourglass":29}],"Mercury Hourglass":[134]},"card_choices":[{"not_picked":["Flying Knee","Outmaneuver"],"picked":"Backstab","floor":1},{"not_picked":["Prepared","Deadly Poison"],"picked":"Dash","floor":4},{"not_picked":["Terror","Flying Knee"],"picked":"Crippling Poison","floor":6},{"not_picked":["Cloak And Dagger","PiercingWail"],"picked":"Catalyst","floor":8},{"not_picked":["All Out Attack","Predator"],"picked":"Night Terror","floor":11},{"not_picked":["Dodge and Roll","Deflect"],"picked":"Dagger Spray","floor":12},{"not_picked":["Calculated Gamble","Predator"],"picked":"Blur","floor":13},{"not_picked":["Bane","All Out Attack"],"picked":"Acrobatics","floor":14},{"not_picked":["Bane","Outmaneuver","Slice"],"picked":"SKIP","floor":18},{"not_picked":["Quick Slash+1","Cloak And Dagger","Bane"],"picked":"SKIP","floor":19},{"not_picked":["Accuracy","Outmaneuver","Cloak And Dagger"],"picked":"SKIP","floor":20}],"player_experience":1777543,"relics_obtained":[{"floor":8,"key":"Dead Branch"},{"floor":9,"key":"HornCleat"},{"floor":11,"key":"Mercury Hourglass"},{"floor":14,"key":"Torii"}],"event_choices":[{"damage_healed":0,"gold_gain":0,"player_choice":"Leave","damage_taken":0,"max_hp_gain":0,"max_hp_loss":0,"event_name":"The Cleric","floor":2,"gold_loss":0},{"damage_healed":0,"gold_gain":0,"player_choice":"Left Gold","damage_taken":0,"max_hp_gain":0,"max_hp_loss":0,"event_name":"World of Goop","floor":3,"gold_loss":37},{"damage_healed":0,"gold_gain":0,"player_choice":"Donut","damage_taken":0,"max_hp_gain":5,"max_hp_loss":0,"event_name":"Big Fish","floor":5,"gold_loss":0},{"damage_healed":0,"gold_gain":0,"player_choice":"Ignored","damage_taken":0,"max_hp_gain":0,"max_hp_loss":0,"event_name":"The Mausoleum","floor":21,"gold_loss":0}],"is_beta":false,"boss_relics":[{"not_picked":["Busted Crown","Empty Cage"],"picked":"SlaversCollar"}],"items_purged_floors":[],"is_endless":false,"potions_floor_spawned":[4,8,12,14,16,19],"killed_by":"Snake Plant","ascension_level":20}}