{"host":"h4lp0eeso8a0ssq0","time":1613009412,"event":{"mods":["2.2 Compatiblity","AchievementEnabler","BaseMod","CapriCore","Colored Map","Minty Spire (QoL Compilation)","StSLib","SuperFastMode"],"gold_per_floor":[116,133,58,58,72,100,100,100,123,123,123,40,51,65,65,141,141,81,81,81,81,81,81,81,81,81,81,81,42,42,42,42],"floor_reached":31,"language":"KOR","playtime":1010,"items_purged":[],"score":522,"play_id":"05376e0f-026a-4092-a0a8-e6f78ba60224","local_time":"20210211111012","is_ascension_mode":true,"campfire_choices":[{"floor":7.0,"key":"REST"},{"floor":10.0,"key":"REST"},{"data":"Noxious Fumes","floor":15.0,"key":"SMITH"},{"floor":23.0,"key":"REST"},{"floor":27.0,"key":"REST"}],"circlet_count":0,"master_deck":["AscendersBane","Strike_G","Strike_G","Defend_G","Defend_G","Defend_G","Defend_G","Defend_G","Survivor","Neutralize+1","Endless Agony","Cloak And Dagger","Caltrops","Adrenaline","Heel Hook","Crippling Poison","Noxious Fumes+1","Noxious Fumes","Quick Slash","Die Die Die","Dagger Throw","Calculated Gamble","Distraction+1","Blur","Escape Plan","Dodge and Roll+1","Deflect","Blur","PiercingWail+1"],"relics":["Ring of the Snake","Dream Catcher","TungstenRod","Centennial Puzzle","Ectoplasm","White Beast Statue","Girya"],"acts_visited":["Exordium","TheCity"],"potions_floor_usage":[31],"damage_taken":[{"damage":3.0,"enemies":"Cultist","floor":1.0,"turns":5.0},{"damage":2.0,"enemies":"2 Louse","floor":2.0,"turns":4.0},{"damage":0.0,"enemies":"Jaw Worm","floor":5.0,"turns":4.0},{"damage":35.0,"enemies":"Lagavulin","floor":6.0,"turns":8.0},{"damage":6.0,"enemies":"Exordium Wildlife","floor":13.0,"turns":4.0},{"damage":4.0,"enemies":"Lots of Slimes","floor":14.0,"turns":3.0},{"damage":2.0,"enemies":"Hexaghost","floor":16.0,"turns":9.0},{"damage":12.0,"enemies":"2 Thieves","floor":18.0,"turns":3.0},{"damage":8.0,"enemies":"Spheric Guardian","floor":19.0,"turns":5.0},{"damage":2.0,"enemies":"3 Cultists","floor":20.0,"turns":4.0},{"damage":7.0,"enemies":"Snecko","floor":21.0,"turns":5.0},{"damage":5.0,"enemies":"Centurion and Healer","floor":22.0,"turns":5.0},{"damage":5.0,"enemies":"3 Cultists","floor":24.0,"turns":4.0},{"damage":23.0,"enemies":"Snecko","floor":25.0,"turns":7.0},{"damage":6.0,"enemies":"Sentry and Sphere","floor":28.0,"turns":5.0},{"damage":17.0,"enemies":"Gremlin Leader","floor":30.0,"turns":7.0},{"damage":12,"enemies":"3 Cultists","floor":31,"turns":3}],"seed_played":"1989297076485259512","potions_obtained":[{"floor":2.0,"key":"Block Potion"},{"floor":5.0,"key":"AttackPotion"},{"floor":14.0,"key":"CultistPotion"},{"floor":18.0,"key":"ColorlessPotion"},{"floor":19.0,"key":"GamblersBrew"},{"floor":22.0,"key":"Strength Potion"},{"floor":28.0,"key":"LiquidBronze"},{"floor":30.0,"key":"EntropicBrew"}],"is_trial":false,"path_per_floor":["M","M","?","?","M","E","R","?","T","R","?","$","M","M","R","B",null,"M","M","M","M","M","R","M","M","T","R","M","$","E","M"],"character_chosen":"THE_SILENT","items_purchased":["Noxious Fumes","Blur"],"campfire_rested":4,"item_purchase_floors":[12,29],"current_hp_per_floor":[56,54,54,43,43,8,27,21,21,40,40,40,34,30,30,28,57,45,37,35,28,23,42,37,14,14,33,27,27,10,0,0],"gold":42,"neow_bonus":"UPGRADE_CARD","is_daily":false,"chose_seed":false,"campfire_upgraded":1,"win_rate":0.0,"timestamp":1613009412,"path_taken":["M","M","?","?","M","E","R","?","T","R","?","?","M","?","R","BOSS","M","M","M","M","M","R","?","M","T","R","M","?","E","M"],"items_purchased_type":["Card","Card"],"build_version":"2020-12-22","purchased_purges":0,"victory":false,"max_hp_per_floor":[66,66,66,66,66,66,66,66,66,66,66,66,66,66,66,66,66,66,66,66,66,66,66,66,66,66,66,66,66,66,66,66],"card_choices":[{"not_picked":["Deflect","Underhanded Strike"],"picked":"Endless Agony","floor":1.0},{"not_picked":["Expertise","Endless Agony"],"picked":"Cloak And Dagger","floor":2.0},{"not_picked":["Underhanded Strike","Backstab"],"picked":"Caltrops","floor":5.0},{"not_picked":["Acrobatics","Quick Slash"],"picked":"Adrenaline","floor":6.0},{"not_picked":["Acrobatics","Deadly Poison"],"picked":"Heel Hook","floor":7.0},{"not_picked":["Flying Knee","Poisoned Stab"],"picked":"Crippling Poison","floor":10.0},{"not_picked":["Heel Hook","Slice"],"picked":"Noxious Fumes","floor":13.0},{"not_picked":["Acrobatics","Accuracy"],"picked":"Quick Slash","floor":14.0},{"not_picked":["Storm of Steel","Glass Knife"],"picked":"Die Die Die","floor":16.0},{"not_picked":["Dagger Spray+1","Blade Dance","Prepared"],"picked":"SKIP","floor":18.0},{"not_picked":["Underhanded Strike","Outmaneuver","Dagger Spray"],"picked":"SKIP","floor":19.0},{"not_picked":["Riddle With Holes","Flechettes"],"picked":"Dagger Throw","floor":20.0},{"not_picked":["Dodge and Roll","Distraction"],"picked":"Calculated Gamble","floor":21.0},{"not_picked":["Dagger Spray","Prepared+1"],"picked":"Distraction+1","floor":22.0},{"not_picked":["Dash","Flying Knee"],"picked":"Blur","floor":23.0},{"not_picked":["Accuracy","Flying Knee"],"picked":"Escape Plan","floor":24.0},{"not_picked":["Cloak And Dagger","Quick Slash"],"picked":"Dodge and Roll+1","floor":25.0},{"not_picked":["Expertise","Prepared+1"],"picked":"Deflect","floor":27.0},{"not_picked":["Dagger Spray","Storm of Steel","Underhanded Strike"],"picked":"SKIP","floor":28.0},{"not_picked":["Tactician","Riddle With Holes"],"picked":"PiercingWail+1","floor":30.0}],"player_experience":218922,"relics_obtained":[{"floor":6.0,"key":"TungstenRod"},{"floor":9.0,"key":"Centennial Puzzle"},{"floor":26.0,"key":"White Beast Statue"},{"floor":30.0,"key":"Girya"}],"event_choices":[{"cards_removed":["Strike_G"],"damage_healed":0.0,"max_hp_gain":0.0,"max_hp_loss":0.0,"gold_gain":0.0,"event_name":"The Cleric","player_choice":"Card Removal","floor":3.0,"gold_loss":75.0,"damage_taken":0.0},{"damage_healed":0.0,"max_hp_gain":0.0,"max_hp_loss":0.0,"gold_gain":0.0,"event_name":"Scrap Ooze","player_choice":"Success","floor":4.0,"gold_loss":0.0,"damage_taken":11.0,"relics_obtained":["Dream Catcher"]},{"cards_removed":["Strike_G"],"damage_healed":0.0,"max_hp_gain":0.0,"max_hp_loss":0.0,"gold_gain":0.0,"event_name":"Golden Wing","player_choice":"Card Removal","floor":8.0,"gold_loss":0.0,"damage_taken":7.0},{"cards_removed":["Strike_G"],"damage_healed":0.0,"max_hp_gain":0.0,"max_hp_loss":0.0,"gold_gain":0.0,"event_name":"Living Wall","player_choice":"Forget","floor":11.0,"gold_loss":0.0,"damage_taken":0.0}],"is_beta":false,"boss_relics":[{"not_picked":["Black Star","Pandora\u0027s Box"],"picked":"Ectoplasm"}],"items_purged_floors":[],"is_endless":false,"potions_floor_spawned":[2,5,14,18,19,22,25,28,30],"killed_by":"3 Cultists","ascension_level":20}}