{"host":"51f0ad793vly1w6u","time":1613045691,"event":{"mods":["BaseMod","Colored Map","DeckTracker","Minty Spire (QoL Compilation)","StSLib","SuperFastMode"],"gold_per_floor":[118,168,185,205,90,119,119,132,158,169,179,179,210,228,228,307,307,336,336,386,64,81,81,81],"floor_reached":23,"language":"KOR","playtime":511,"items_purged":["Strike_G","Strike_G"],"score":406,"play_id":"86905972-8940-48f7-88f2-a0b7324194f9","local_time":"20210211211451","is_ascension_mode":true,"campfire_choices":[{"data":"Prepared","floor":7,"key":"SMITH"},{"floor":12,"key":"REST"},{"data":"Terror","floor":15,"key":"SMITH"}],"circlet_count":0,"master_deck":["AscendersBane","Strike_G","Strike_G","Strike_G","Defend_G","Defend_G","Defend_G","Defend_G","Defend_G","Survivor","Neutralize+1","Eviscerate","Prepared+1","Backflip","Terror+1","All Out Attack","PiercingWail","Blade Dance","Finisher","Eviscerate","CurseOfTheBell","Concentrate+1"],"relics":["Ring of the Snake","Bronze Scales","Dream Catcher","Ancient Tea Set","Calling Bell","CeramicFish","Toxic Egg 2","Peace Pipe","Vajra"],"acts_visited":["Exordium","TheCity"],"potions_floor_usage":[11,16,16,22,23],"damage_taken":[{"damage":0.0,"enemies":"Small Slimes","floor":1.0,"turns":3.0},{"damage":0.0,"enemies":"Cultist","floor":3.0,"turns":3.0},{"damage":4.0,"enemies":"Jaw Worm","floor":4.0,"turns":3.0},{"damage":6.0,"enemies":"Gremlin Nob","floor":6.0,"turns":3.0},{"damage":12,"enemies":"Lots of Slimes","floor":8,"turns":4},{"damage":0,"enemies":"2 Fungi Beasts","floor":10,"turns":3},{"damage":5,"enemies":"Exordium Thugs","floor":11,"turns":4},{"damage":5,"enemies":"Lagavulin","floor":13,"turns":5},{"damage":0,"enemies":"Large Slime","floor":14,"turns":3},{"damage":20,"enemies":"Slime Boss","floor":16,"turns":10},{"damage":15,"enemies":"2 Thieves","floor":18,"turns":4},{"damage":15,"enemies":"3 Byrds","floor":22,"turns":3},{"damage":25,"enemies":"Gremlin Leader","floor":23,"turns":4}],"seed_played":"7003867634205665233","potions_obtained":[{"floor":1.0,"key":"EntropicBrew"},{"floor":3.0,"key":"AttackPotion"},{"floor":6.0,"key":"Fire Potion"},{"floor":14,"key":"ColorlessPotion"},{"floor":16,"key":"PowerPotion"},{"floor":22,"key":"CunningPotion"}],"is_trial":false,"path_per_floor":["M","?","M","M","$","E","R","M","T","M","M","R","E","M","R","B",null,"M","?","?","$","M","E"],"character_chosen":"THE_SILENT","items_purchased":["Terror","Vajra","PowerPotion"],"campfire_rested":1,"item_purchase_floors":[5,21,21],"current_hp_per_floor":[59,53,53,49,49,43,43,31,31,31,26,45,40,40,40,20,55,40,40,40,40,25,0,0],"gold":81,"neow_bonus":"UPGRADE_CARD","is_daily":false,"chose_seed":false,"campfire_upgraded":2,"win_rate":0.0,"timestamp":1613045691,"path_taken":["M","?","M","M","$","E","R","M","T","M","M","R","E","M","R","BOSS","M","?","?","$","?","E"],"items_purchased_type":["Card","Relic","Potion"],"build_version":"2020-12-22","purchased_purges":2,"victory":false,"max_hp_per_floor":[66,66,66,66,66,66,66,66,66,66,66,66,66,66,66,66,66,66,66,66,66,66,66,66],"card_choices":[{"not_picked":["Blur","Acrobatics"],"picked":"Eviscerate","floor":1.0},{"not_picked":["Heel Hook","Riddle With Holes"],"picked":"Prepared","floor":3.0},{"not_picked":["Heel Hook","Choke"],"picked":"Backflip","floor":4.0},{"not_picked":["Leg Sweep","Sucker Punch"],"picked":"All Out Attack","floor":6.0},{"not_picked":["Setup","Sucker Punch"],"picked":"PiercingWail","floor":8},{"not_picked":["Flechettes","Heel Hook","Well Laid Plans"],"picked":"SKIP","floor":10},{"not_picked":["Catalyst","Deflect","PiercingWail"],"picked":"SKIP","floor":11},{"not_picked":["Concentrate","Sucker Punch"],"picked":"Blade Dance","floor":12},{"not_picked":["Well Laid Plans","Terror"],"picked":"Finisher","floor":13},{"not_picked":["Flechettes","Concentrate"],"picked":"Eviscerate","floor":14},{"not_picked":["Deadly Poison+1","Sucker Punch+1"],"picked":"Concentrate+1","floor":18},{"not_picked":["Endless Agony","Sucker Punch","Poisoned Stab"],"picked":"SKIP","floor":22}],"player_experience":1458106,"relics_obtained":[{"floor":6.0,"key":"Bronze Scales"},{"floor":9,"key":"Dream Catcher"},{"floor":13,"key":"Ancient Tea Set"},{"floor":17,"key":"CeramicFish"},{"floor":17,"key":"Toxic Egg 2"},{"floor":17,"key":"Peace Pipe"}],"event_choices":[{"damage_healed":0.0,"max_hp_gain":0.0,"max_hp_loss":0.0,"gold_gain":50.0,"event_name":"FaceTrader","player_choice":"Touch","floor":2.0,"gold_loss":0.0,"damage_taken":6.0},{"damage_healed":0,"gold_gain":0,"player_choice":"Ignored","damage_taken":0,"max_hp_gain":0,"max_hp_loss":0,"event_name":"Cursed Tome","floor":19,"gold_loss":0},{"damage_healed":0,"gold_gain":100,"player_choice":"Bet on Murderer","damage_taken":0,"max_hp_gain":0,"max_hp_loss":0,"event_name":"The Joust","floor":20,"gold_loss":50}],"is_beta":false,"boss_relics":[{"not_picked":["Runic Dome","Tiny House"],"picked":"Calling Bell"}],"items_purged_floors":[5,21],"is_endless":false,"potions_floor_spawned":[1,3,6,14,16,22],"killed_by":"Gremlin Leader","ascension_level":20}}