{"host":"xc18ixkpjvqrt8st","time":1613071634,"event":{"mods":["Act Like it!","BaseMod","Better Match","Better Third Choice","Conspire","Downfall","Hallownest","Hermit","Hubris","Minty Spire (QoL Compilation)","Reliquary","Robot Space Explorer","Shop Mod","Spicy Shops","Spire Arcade","StSLib","The Animator","The Edgeheg","The Jungle","The Sage"],"gold_per_floor":[130,130,142,154,185,213,213,228,228,261,173,201,201,211,211,312,312,355,381,381,381],"floor_reached":20,"language":"ENG","playtime":1016,"items_purged":[],"score":262,"play_id":"0ddc2db4-0e48-453e-b56f-a46cd41444bf","local_time":"20210211132714","is_ascension_mode":true,"campfire_choices":[{"floor":7,"key":"REST"},{"floor":15,"key":"REST"}],"circlet_count":0,"master_deck":["animator:Strike_Overlord","animator:Defend_Overlord","animator:Cocytus","animator:Demiurge+1","animator:Elsword","animator:Aisha","animator:YaoHaDucy","animator:Hans","animator:YaoHaDucy","animator:Darkness","animator:LeleiLaLalena","animator:Strike_NoGameNoLife","animator:Strike_OwariNoSeraph","animator:Strike_AccelWorld","animator:Defend_Katanagatari","animator:Defend_HitsugiNoChaika","animator:Defend_OnePunchMan","animator:Kazuma","Parasite","animator:Vanir","animator:Hans","CurseOfTheBell","animator:Aqua+1","animator:Gillette+1","animator:YunYun+1","animator:Chung"],"relics":["animator:LivingPicture","animator:TheMissingPiece","NeowsBlessing","Boot","sagemod:Singing_Vial","Calling Bell","Strawberry","Gremlin Horn","Prayer Wheel"],"acts_visited":["Exordium","TheCity"],"potions_floor_usage":[10,10,10,16,19],"damage_taken":[{"damage":0,"enemies":"Small Slimes","floor":1,"turns":1},{"damage":0,"enemies":"2 Louse","floor":3,"turns":1},{"damage":0,"enemies":"Jaw Worm","floor":4,"turns":1},{"damage":5,"enemies":"2 Fungi Beasts","floor":5,"turns":4},{"damage":60,"enemies":"Gremlin Nob","floor":6,"turns":6},{"damage":13,"enemies":"Red Slaver","floor":8,"turns":4},{"damage":6,"enemies":"Lagavulin","floor":10,"turns":5},{"damage":0,"enemies":"Large Slime","floor":12,"turns":5},{"damage":1,"enemies":"2 Fungi Beasts","floor":14,"turns":3},{"damage":0,"enemies":"Hexaghost","floor":16,"turns":9},{"damage":53,"enemies":"2 Thieves","floor":18,"turns":5},{"damage":23,"enemies":"Shell Parasite","floor":19,"turns":8},{"damage":14,"enemies":"Sentry and Sphere","floor":20,"turns":2}],"seed_played":"2179264939882360984","potions_obtained":[{"floor":1,"key":"PowerPotion"},{"floor":5,"key":"Energy Potion"},{"floor":6,"key":"Strength Potion"},{"floor":12,"key":"DistilledChaos"},{"floor":18,"key":"FearPotion"}],"is_trial":false,"path_per_floor":["M","?","M","M","M","E","R","M","T","E","?","M","?","M","R","B",null,"M","M","M"],"character_chosen":"THE_ANIMATOR","items_purchased":[],"campfire_rested":2,"item_purchase_floors":[],"current_hp_per_floor":[66,66,67,67,62,2,22,10,10,4,4,4,21,21,41,41,76,23,5,0,0],"gold":381,"neow_bonus":"THREE_ENEMY_KILL","is_daily":false,"chose_seed":false,"campfire_upgraded":0,"win_rate":0.0,"timestamp":1613071634,"path_taken":["M","?","M","M","M","E","R","M","T","E","?","M","?","M","R","BOSS","M","M","M"],"items_purchased_type":[],"build_version":"2020-12-22","purchased_purges":0,"victory":false,"max_hp_per_floor":[66,66,67,67,67,67,67,68,68,68,68,68,68,69,69,69,76,76,78,78,78],"card_choices":[{"not_picked":["animator:RoryMercury","animator:Fredrika"],"picked":"animator:Elsword","floor":1},{"not_picked":["animator:Entoma","animator:Mitsuba"],"picked":"animator:Aisha","floor":3},{"not_picked":["animator:Viivi","animator:Tyuule"],"picked":"animator:YaoHaDucy","floor":4},{"not_picked":["animator:Vanir","animator:Chris"],"picked":"animator:Hans","floor":5},{"not_picked":["animator:Kyubey","animator:Guy"],"picked":"animator:YaoHaDucy","floor":6},{"not_picked":["animator:HiiragiShinya","animator:Ciel"],"picked":"animator:Darkness","floor":8},{"not_picked":["animator:Yoichi","animator:YaoHaDucy"],"picked":"animator:LeleiLaLalena","floor":10},{"not_picked":["animator:Verdia","animator:Chris"],"picked":"animator:Kazuma","floor":12},{"not_picked":["animator:Fredrika","animator:Verdia"],"picked":"animator:Vanir","floor":14},{"not_picked":["animator:AcuraShin","animator:Kyubey"],"picked":"animator:Hans","floor":16},{"not_picked":["animator:Lu+1","animator:Cocytus"],"picked":"animator:Aqua+1","floor":18},{"not_picked":["animator:YaoHaDucy","animator:Demiurge"],"picked":"animator:Gillette+1","floor":18},{"not_picked":["animator:Verdia","animator:Ciel"],"picked":"animator:YunYun+1","floor":19},{"not_picked":["animator:FeridBathory","animator:Tyuule+1"],"picked":"animator:Chung","floor":19}],"player_experience":709590,"relics_obtained":[{"floor":6,"key":"Boot"},{"floor":10,"key":"sagemod:Singing_Vial"},{"floor":17,"key":"Strawberry"},{"floor":17,"key":"Gremlin Horn"},{"floor":17,"key":"Prayer Wheel"}],"event_choices":[{"damage_healed":0,"gold_gain":0,"player_choice":"Grow","damage_taken":0,"max_hp_gain":0,"max_hp_loss":0,"event_name":"Living Wall","floor":2,"gold_loss":0,"cards_upgraded":["animator:Demiurge"]},{"damage_healed":17,"gold_gain":0,"player_choice":"Healed and dodged fight","damage_taken":0,"max_hp_gain":0,"max_hp_loss":0,"event_name":"Mushrooms","floor":13,"gold_loss":0,"cards_obtained":["Parasite"]}],"is_beta":false,"boss_relics":[{"not_picked":["Philosopher\u0027s Stone","Empty Cage"],"picked":"Calling Bell"}],"items_purged_floors":[],"is_endless":false,"potions_floor_spawned":[1,5,6,12,18],"killed_by":"Sentry and Sphere","ascension_level":2}}