{"host":"vrsxkkch9ccrec7k","time":1613003705,"event":{"mods":["Act Like it!","BaseMod","Bestiary","Better Altar","Better Match","Better Note","Better Sensory Stone","Better Skull","Better Third Choice","Better Vampires","Downfall","Minty Spire (QoL Compilation)","Permanent Neow","Relic Stats","Spicy Shops","StSLib"],"gold_per_floor":[99,116,128,128,140,28,55,89,108,108,108,108,108,121,132,230,230,230,250,250,260,260,271,271,289,28,28,46,46,46,46],"floor_reached":29,"language":"ENG","playtime":1592,"items_purged":["Pain"],"score":366,"play_id":"7ada3b46-3265-4525-9f7a-79a83c7b5919","local_time":"20210210193505","is_ascension_mode":true,"campfire_choices":[{"data":"bronze:Replicate","floor":1,"key":"SMITH"},{"floor":10,"key":"REST"},{"data":"bronze:Goto","floor":12,"key":"SMITH"},{"data":"bronze:HyperBeam","floor":18,"key":"SMITH"},{"floor":27,"key":"REST"}],"circlet_count":0,"master_deck":["AscendersBane","bronze:Strike","bronze:Strike","bronze:Strike","bronze:Defend","bronze:Defend","bronze:Defend","bronze:Defend","bronze:Replicate+1","bronze:Goto+1","bronze:Boost","bronze:Iterate","bronze:Repulsor","bronze:HyperBeam+1","bronze:Branch","bronze:Optimize","bronze:Fortify","bronze:Assembly","Dark Shackles","bronze:ForLoop","bronze:DelayedGuard"],"relics":["bronze:PlatinumCore","WarpedTongs","bronze:Timepiece","Blue Candle","Turnip","Singing Bowl"],"acts_visited":["Exordium","TheCity"],"potions_floor_usage":[13,15,16,25],"damage_taken":[{"damage":6,"enemies":"Cultist","floor":2,"turns":5},{"damage":5,"enemies":"Small Slimes","floor":3,"turns":3},{"damage":2,"enemies":"2 Louse","floor":5,"turns":3},{"damage":0,"enemies":"downfall:FleeingMerchant","floor":6,"turns":4},{"damage":12,"enemies":"Gremlin Nob","floor":8,"turns":5},{"damage":2,"enemies":"Exordium Wildlife","floor":9,"turns":3},{"damage":0,"enemies":"Lots of Slimes","floor":13,"turns":1},{"damage":3,"enemies":"Blue Slaver","floor":14,"turns":4},{"damage":14,"enemies":"Gremlin Gang","floor":15,"turns":4},{"damage":29,"enemies":"DF_ARCHETYPE_STREAMLINE","floor":16,"turns":10},{"damage":7,"enemies":"Shell Parasite","floor":19,"turns":4},{"damage":7,"enemies":"Chosen","floor":21,"turns":5},{"damage":28,"enemies":"Snake Plant","floor":23,"turns":5},{"damage":24,"enemies":"Centurion and Healer","floor":25,"turns":5},{"damage":0,"enemies":"downfall:FleeingMerchant","floor":26,"turns":4},{"damage":14,"enemies":"Sentry and Sphere","floor":28,"turns":6},{"damage":27,"enemies":"Gremlin Leader","floor":29,"turns":4}],"seed_played":"-4236417987424910970","potions_obtained":[{"floor":5,"key":"BlessingOfTheForge"},{"floor":8,"key":"SmokeBomb"},{"floor":14,"key":"Swift Potion"},{"floor":23,"key":"Regen Potion"},{"floor":28,"key":"bronze:CleanCodePotion"}],"is_trial":false,"path_per_floor":["R","M","M","?","M","$","T","E","M","R","?","R","M","M","M","B",null,"R","M","?","M","?","M","T","M","$","R","M","E"],"character_chosen":"THE_AUTOMATON","items_purchased":["bronze:Branch","Singing Bowl"],"campfire_rested":2,"item_purchase_floors":[6,26],"current_hp_per_floor":[70,64,59,59,57,57,57,45,43,66,66,66,66,63,49,20,63,63,56,56,49,44,16,16,6,6,29,17,0,0,0],"gold":46,"neow_bonus":"TEN_PERCENT_HP_BONUS","is_daily":false,"chose_seed":false,"campfire_upgraded":3,"win_rate":0.0,"timestamp":1613003705,"path_taken":["R","M","M","?","?","$","T","E","M","R","?","R","?","M","M","BOSS","R","M","?","M","?","M","T","M","$","R","M","E"],"items_purchased_type":["Card","Relic"],"build_version":"2020-12-22","purchased_purges":1,"victory":false,"max_hp_per_floor":[77,77,77,77,77,77,77,77,77,77,77,77,77,77,77,77,77,77,77,77,77,77,77,77,77,77,77,79,79,79,79],"relic_stats":{"Singing Bowl":2,"counters":[17,75],"Blue Candle":[0],"Turnip":[9],"obtain_stats":[{"bronze:PlatinumCore":17,"bronze:BronzeCore":0,"Singing Bowl":26,"Blue Candle":22,"bronze:Timepiece":8,"Turnip":24,"WarpedTongs":4},{"bronze:PlatinumCore":10,"bronze:BronzeCore":0,"Singing Bowl":15,"Blue Candle":12,"bronze:Timepiece":5,"Turnip":13,"WarpedTongs":2},{"bronze:PlatinumCore":42,"bronze:BronzeCore":0,"Singing Bowl":65,"Blue Candle":51,"bronze:Timepiece":20,"Turnip":56,"WarpedTongs":8}],"WarpedTongs":[64]},"card_choices":[{"not_picked":["bronze:Deprecate","bronze:BuggyMess"],"picked":"bronze:Boost","floor":2},{"not_picked":["bronze:Frontload","bronze:Constructor"],"picked":"bronze:Iterate","floor":3},{"not_picked":["bronze:Iterate","bronze:NullPointer"],"picked":"bronze:Repulsor","floor":5},{"not_picked":["bronze:Branch","bronze:Overload"],"picked":"bronze:HyperBeam","floor":6},{"not_picked":["bronze:FineTuning","bronze:Frontload"],"picked":"bronze:Optimize","floor":8},{"not_picked":["bronze:Safeguard","bronze:BronzeOrb"],"picked":"bronze:Fortify","floor":9},{"not_picked":["bronze:Optimize","bronze:Overheat","bronze:CutThrough"],"picked":"SKIP","floor":14},{"not_picked":["bronze:BronzeOrb","bronze:ForLoop","bronze:Iterate"],"picked":"SKIP","floor":15},{"not_picked":["bronze:Hardcode","bronze:Mutator"],"picked":"bronze:Assembly","floor":16},{"not_picked":["bronze:Shield","bronze:CloningBeam","bronze:BugBarrage"],"picked":"SKIP","floor":19},{"not_picked":["Chrysalis","Dramatic Entrance"],"picked":"Dark Shackles","floor":20},{"not_picked":["bronze:Return","bronze:Constructor","bronze:Overheat"],"picked":"SKIP","floor":21},{"not_picked":["bronze:FineTuning","bronze:BugBarrage"],"picked":"bronze:ForLoop","floor":23},{"not_picked":["bronze:DelayedGuard","bronze:Refactor","bronze:Branch"],"picked":"SKIP","floor":25},{"not_picked":["bronze:Refactor","bronze:Branch"],"picked":"bronze:DelayedGuard","floor":25},{"not_picked":["bronze:Overheat","bronze:Overload","bronze:BugBarrage"],"picked":"SKIP","floor":26},{"not_picked":["bronze:Deprecate","bronze:BuggyMess+1","bronze:DelayedGuard"],"picked":"Singing Bowl","floor":28}],"player_experience":1886521,"relics_obtained":[{"floor":8,"key":"bronze:Timepiece"},{"floor":24,"key":"Turnip"}],"event_choices":[{"cards_removed":["bronze:Strike"],"damage_healed":0,"gold_gain":0,"player_choice":"Offered Basic","damage_taken":0,"max_hp_gain":0,"max_hp_loss":0,"event_name":"Bonfire Elementals","floor":11,"gold_loss":0},{"damage_healed":0,"gold_gain":2,"player_choice":"1","damage_taken":0,"max_hp_gain":0,"max_hp_loss":0,"event_name":"betterStone:BetterStone","floor":20,"gold_loss":0}],"is_beta":false,"boss_relics":[{"not_picked":["Pandora\u0027s Box","Runic Dome"],"picked":"bronze:PlatinumCore"}],"items_purged_floors":[6],"is_endless":false,"potions_floor_spawned":[5,8,13,14,23,28],"killed_by":"Gremlin Leader","ascension_level":12}}