{"host":"j9610sde00vfp93k","time":1613057221,"event":{"mods":["AchievementEnabler","BaseMod","Gold Saver","Minty Spire (QoL Compilation)","Permanent Neow","Rare Cards Sparkle","Spire Arcade","StSLib","SuperFastMode"],"gold_per_floor":[119,130,130,130,150,150,165,165,188,188,188,153,153,169,169,300,300,319,394,29,43,43,43,63,98,123,123,123,123],"floor_reached":28,"language":"ENG","playtime":1038,"items_purged":[],"score":226,"play_id":"4b5c4736-114e-4c51-b279-973de001b4a5","local_time":"20210211232701","is_ascension_mode":false,"campfire_choices":[{"data":"DevaForm","floor":6,"key":"SMITH"},{"data":"Eruption","floor":11,"key":"SMITH"},{"data":"LikeWater","floor":13,"key":"SMITH"},{"data":"Vigilance","floor":15,"key":"SMITH"},{"floor":23,"key":"REST"},{"floor":27,"key":"REST"}],"circlet_count":0,"master_deck":["Strike_P","Strike_P","Strike_P","Strike_P","Defend_P","Defend_P","Defend_P","Defend_P","Eruption+1","Vigilance+1","DevaForm+1","LikeWater+1","CarveReality","CrushJoints","SashWhip","Prostrate+1","MasterReality","Pray+1","Prostrate+1","Metamorphosis+1","Dramatic Entrance","Study","BowlingBash","WheelKick","FollowUp+1","TalkToTheHand"],"relics":["PureWater","Bloody Idol","Potion Belt","Juzu Bracelet","Toxic Egg 2","Fusion Hammer","Membership Card","Mango","Tiny Chest"],"acts_visited":["Exordium","TheCity"],"potions_floor_usage":[28,28],"damage_taken":[{"damage":2,"enemies":"Cultist","floor":1,"turns":3},{"damage":6,"enemies":"2 Louse","floor":2,"turns":4},{"damage":6,"enemies":"Jaw Worm","floor":5,"turns":2},{"damage":3,"enemies":"Red Slaver","floor":7,"turns":2},{"damage":10,"enemies":"2 Fungi Beasts","floor":14,"turns":3},{"damage":11,"enemies":"Slime Boss","floor":16,"turns":8},{"damage":6,"enemies":"3 Byrds","floor":18,"turns":6},{"damage":16,"enemies":"2 Thieves","floor":21,"turns":3},{"damage":19,"enemies":"Cultist and Chosen","floor":24,"turns":6},{"damage":21,"enemies":"Book of Stabbing","floor":25,"turns":5},{"damage":78,"enemies":"Slavers","floor":28,"turns":5}],"seed_played":"3138949375625313871","potions_obtained":[{"floor":1,"key":"SpeedPotion"},{"floor":5,"key":"Swift Potion"},{"floor":18,"key":"Swift Potion"}],"is_trial":false,"path_per_floor":["M","M","$","?","M","R","M","?","T","?","R","?","R","M","R","B",null,"M","?","$","M","?","R","M","E","T","R","E"],"character_chosen":"WATCHER","items_purchased":["Membership Card","Prostrate+1","Metamorphosis+1","Dramatic Entrance","Study","BowlingBash"],"campfire_rested":2,"item_purchase_floors":[20,20,20,20,20,20],"current_hp_per_floor":[70,64,64,46,40,40,37,37,37,30,30,48,48,38,38,27,72,66,59,59,43,43,64,50,48,53,78,0,0],"gold":123,"neow_bonus":"ONE_RANDOM_RARE_CARD","is_daily":false,"chose_seed":false,"campfire_upgraded":4,"win_rate":0.0,"timestamp":1613057221,"path_taken":["M","?","$","?","M","R","M","?","T","?","R","?","R","M","R","BOSS","M","?","$","M","?","R","M","E","T","R","E"],"items_purchased_type":["Relic","Card","Card","Card","Card","Card"],"build_version":"2020-12-22","purchased_purges":0,"victory":false,"max_hp_per_floor":[72,72,72,72,72,72,72,72,72,72,72,72,72,72,72,72,72,72,72,72,72,72,72,72,86,86,86,86,86],"card_choices":[{"not_picked":["Evaluate","SignatureMove"],"picked":"LikeWater","floor":1},{"not_picked":["Wallop","Nirvana"],"picked":"CarveReality","floor":2},{"not_picked":["JustLucky","Wallop"],"picked":"CrushJoints","floor":5},{"not_picked":["EmptyBody","JustLucky"],"picked":"SashWhip","floor":7},{"not_picked":["FlurryOfBlows","PathToVictory+1"],"picked":"Prostrate+1","floor":14},{"not_picked":["Omniscience+1","Vault+1"],"picked":"MasterReality","floor":16},{"not_picked":["EmptyFist","FlyingSleeves+1"],"picked":"Pray+1","floor":18},{"not_picked":["InnerPeace+1","FlyingSleeves"],"picked":"WheelKick","floor":21},{"not_picked":["Conclude","Worship+1"],"picked":"FollowUp+1","floor":24},{"not_picked":["FearNoEvil+1","FlyingSleeves"],"picked":"TalkToTheHand","floor":25}],"player_experience":213471,"relics_obtained":[{"floor":9,"key":"Juzu Bracelet"},{"floor":25,"key":"Mango"},{"floor":26,"key":"Tiny Chest"}],"event_choices":[{"damage_healed":0,"gold_gain":0,"player_choice":"Take Damage","damage_taken":18,"relics_obtained":["Golden Idol"],"max_hp_gain":0,"max_hp_loss":0,"event_name":"Golden Idol","floor":4,"gold_loss":0},{"damage_healed":0,"gold_gain":0,"player_choice":"Gave Potion","damage_taken":0,"relics_obtained":["Potion Belt"],"max_hp_gain":0,"max_hp_loss":0,"event_name":"WeMeetAgain","floor":8,"gold_loss":0},{"damage_healed":0,"gold_gain":0,"player_choice":"Success","damage_taken":7,"relics_obtained":["Toxic Egg 2"],"max_hp_gain":0,"max_hp_loss":0,"event_name":"Scrap Ooze","floor":10,"gold_loss":0},{"damage_healed":18,"gold_gain":0,"player_choice":"Healed","damage_taken":0,"max_hp_gain":0,"max_hp_loss":0,"event_name":"The Cleric","floor":12,"gold_loss":35},{"damage_healed":0,"gold_gain":75,"player_choice":"Touch","damage_taken":7,"max_hp_gain":0,"max_hp_loss":0,"event_name":"FaceTrader","floor":19,"gold_loss":0},{"damage_healed":0,"gold_gain":0,"player_choice":"Gave Idol","damage_taken":0,"relics_obtained":["Bloody Idol"],"max_hp_gain":0,"max_hp_loss":0,"event_name":"Forgotten Altar","floor":22,"relics_lost":["Golden Idol"],"gold_loss":0}],"is_beta":false,"boss_relics":[{"not_picked":["Runic Dome","Sozu"],"picked":"Fusion Hammer"}],"items_purged_floors":[],"is_endless":false,"potions_floor_spawned":[1,5,18],"killed_by":"Slavers","ascension_level":0}}