{"host":"7tt2d6z13843lcxh","time":1613057615,"event":{"mods":["BaseMod","Colored Map","Downfall","Minty Spire (QoL Compilation)","Reliquary","Replay The Spire","StSLib","[IsaacMod]ÒÔÈö¼âËþ"],"gold_per_floor":[99,116,291,46,65,76,76,76,86,121,121,137,137,148,158,257,257,257,257,267,286,296,326,326,357,386,398,428,29,29,29,42,145,145,145,165,181,197,242,271,271,271,321,339,371,388,417,327,339,339],"floor_reached":51,"language":"ZHS","playtime":4293,"items_purged":["Doubt","Slimebound:SlimeBarrage"],"score":846,"play_id":"1ffde5e4-f90b-441c-9f5e-273cf78f4fe6","local_time":"20210211233335","is_ascension_mode":true,"campfire_choices":[{"data":"Slimebound:Split","floor":1.0,"key":"SMITH"},{"data":"expansioncontent:DashGenerateEvil","floor":8.0,"key":"SMITH"},{"data":"Slimebound:GoopSpray","floor":13.0,"key":"SMITH"},{"data":"Slimebound:WasteNot","floor":18.0,"key":"SMITH"},{"data":"Slimebound:MassFeed","floor":27.0,"key":"SMITH"},{"data":"Slimebound:LeechEnergy","floor":30.0,"key":"SMITH"},{"data":"Slimebound:DuplicatedForm","floor":35.0,"key":"SMITH"},{"data":"Slimebound:LeechEnergy","floor":42.0,"key":"SMITH"}],"circlet_count":0,"master_deck":["Slimebound:Tackle","Slimebound:Split+1","Slimebound:CorrosiveSpit","Slimebound:OneTwoCombo","Slimebound:PressTheAttack","Slimebound:HauntingLick","expansioncontent:DashGenerateEvil+1","Slimebound:GrowthPunch","Slimebound:DuplicatedForm+1","Slimebound:ComboTackle","Slimebound:LeechEnergy+1","Slimebound:GoopSpray+1","Hallucinations","Slimebound:TongueLash","Slimebound:ItLooksTasty","Slimebound:Gluttony","Slimebound:WasteNot+1","Slimebound:Tackle+1","Slimebound:Tackle+1","Slimebound:Tackle+1","Slimebound:Schlurp+1","Slimebound:LeechEnergy+1","Slimebound:GoopSpray","Slimebound:MassFeed+1","Slimebound:Nibble","downfall:Bewildered","Slimebound:GrowthPunch","Slimebound:Equalize","Slimebound:ItLooksTasty","Slimebound:HauntingLick+1","Slimebound:SamplingLick+1","Slimebound:SpikyOuterGoop","Slimebound:FinishingTackle+1","Slimebound:SpikyOuterGoop+1","Slimebound:LeechingTouch","Slimebound:RainOfGoop+1","Slimebound:SamplingLick+1"],"relics":["Slimebound:AbsorbEndCombat","HushsDoor","StoneCalendar","Onion Ring","Ring of Peace","Ring of Fangs","UnicornStump","Painkiller Herb","Vajra","Darkstone Periapt","MawBank","Lee\u0027s Waffle","Ornamental Fan","sneckomod:BabySnecko","Pandora\u0027s Box","Replay:Multitool","reliquary:NewFriend","Singing Bowl","Torii","Slimebound:AggressiveSlimeRelic","Anchor"],"acts_visited":["Exordium","TheCity","TheBeyond"],"potions_floor_usage":[45,50],"damage_taken":[{"damage":0.0,"enemies":"Small Slimes","floor":2.0,"turns":3.0},{"damage":5.0,"enemies":"downfall:FleeingMerchant","floor":4.0,"turns":4.0},{"damage":0.0,"enemies":"2 Louse","floor":5.0,"turns":2.0},{"damage":10.0,"enemies":"Cultist","floor":6.0,"turns":4.0},{"damage":1.0,"enemies":"2 Fungi Beasts","floor":9.0,"turns":3.0},{"damage":11.0,"enemies":"Gremlin Nob","floor":10.0,"turns":4.0},{"damage":0.0,"enemies":"Blue Slaver","floor":12.0,"turns":4.0},{"damage":5.0,"enemies":"3 Louse","floor":14.0,"turns":4.0},{"damage":0.0,"enemies":"2 Fungi Beasts","floor":15.0,"turns":4.0},{"damage":9.0,"enemies":"SI_SHIV_ARCHETYPE","floor":16.0,"turns":5.0},{"damage":0.0,"enemies":"Chosen","floor":20.0,"turns":4.0},{"damage":2.0,"enemies":"Cultist and Chosen","floor":21.0,"turns":6.0},{"damage":11.0,"enemies":"Chosen and Byrds","floor":22.0,"turns":6.0},{"damage":10.0,"enemies":"Book of Stabbing","floor":23.0,"turns":5.0},{"damage":16.0,"enemies":"Gremlin Leader","floor":25.0,"turns":6.0},{"damage":8.0,"enemies":"Centurion and Healer","floor":26.0,"turns":5.0},{"damage":0.0,"enemies":"Snake Plant","floor":28.0,"turns":4.0},{"damage":0.0,"enemies":"downfall:FleeingMerchant","floor":29.0,"turns":4.0},{"damage":0.0,"enemies":"Snecko","floor":32.0,"turns":4.0},{"damage":66.0,"enemies":"IC_MUSHROOM_ARCHETYPE","floor":33.0,"turns":8.0},{"damage":16.0,"enemies":"3 Shapes","floor":36.0,"turns":3.0},{"damage":4.0,"enemies":"3 Darklings","floor":37.0,"turns":5.0},{"damage":15.0,"enemies":"Transient","floor":38.0,"turns":5.0},{"damage":0.0,"enemies":"2 Orb Walkers","floor":39.0,"turns":3.0},{"damage":21.0,"enemies":"Reptomancer","floor":40.0,"turns":4.0},{"damage":0.0,"enemies":"Reptomancer","floor":43.0,"turns":5.0},{"damage":31.0,"enemies":"Sphere and 2 Shapes","floor":44.0,"turns":6.0},{"damage":43,"enemies":"Nemesis","floor":45,"turns":5},{"damage":9,"enemies":"Spire Growth","floor":46,"turns":5},{"damage":14,"enemies":"R_Hoarder","floor":47,"turns":6},{"damage":7,"enemies":"downfall:FleeingMerchant","floor":48,"turns":4},{"damage":0,"enemies":"Transient","floor":49,"turns":5},{"damage":60,"enemies":"DF_ARCHETYPE_ORBS","floor":50,"turns":8}],"seed_played":"-8702133761933456460","potions_obtained":[{"floor":2.0,"key":"Dexterity Potion"},{"floor":5.0,"key":"Adrenaline Potion"},{"floor":10.0,"key":"champ:CounterPotion"},{"floor":15.0,"key":"AttackPotion"},{"floor":21.0,"key":"Ancient Potion"},{"floor":22.0,"key":"Weak Potion"},{"floor":26.0,"key":"PowerPotion"},{"floor":33.0,"key":"AttackPotion"},{"floor":37.0,"key":"Block Potion"},{"floor":39.0,"key":"Strength Potion"},{"floor":44.0,"key":"Energy Potion"},{"floor":46,"key":"SpeedPotion"},{"floor":47,"key":"Adrenaline Potion"}],"is_trial":false,"path_per_floor":["R","M","?","$","M","M","T","R","M","E","?","M","R","M","M","B",null,"T","?","?","?","?","E","T","E","?","T","?","T","T","?","?","B",null,"T","?","?","?","?","E","T","T","?","?","E","?","E","T","?","B",null],"character_chosen":"SLIMEBOUND","items_purchased":["expansioncontent:DashGenerateEvil","Slimebound:GrowthPunch","Slimebound:ThreeZeroPotion","Lee\u0027s Waffle","Ornamental Fan"],"campfire_rested":0,"item_purchase_floors":[4,4,17,29,29],"current_hp_per_floor":[65,65,65,64,65,56,56,56,57,48,48,52,52,51,57,60,56,56,56,56,54,45,50,50,55,52,52,56,63,63,69,69,20,69,69,59,67,66,73,53,53,53,71,52,40,51,51,58,66,33],"gold":339,"neow_bonus":"ONE_RANDOM_RARE_CARD","is_daily":false,"chose_seed":false,"campfire_upgraded":8,"win_rate":0.0,"timestamp":1613057615,"path_taken":["R","M","?","$","M","M","T","R","M","E","?","M","R","?","M","BOSS","T","?","?","?","?","E","T","E","?","T","?","T","T","?","?","BOSS","T","?","?","?","?","E","T","T","?","?","E","?","E","T","?","BOSS"],"items_purchased_type":["Card","Card","Potion","Relic","Relic"],"build_version":"2020-12-22","purchased_purges":2,"victory":true,"max_hp_per_floor":[65,65,65,65,65,65,65,65,65,65,65,65,65,65,65,65,56,56,56,56,56,56,56,56,56,56,56,56,63,63,69,69,69,69,69,69,73,73,73,73,73,73,75,77,77,81,83,85,85,85],"card_choices":[{"not_picked":[],"picked":"ChaosCard","floor":0.0},{"not_picked":["Slimebound:LeechingTouch","Bomb"],"picked":"Slimebound:PressTheAttack","floor":2.0},{"not_picked":["Slimebound:Dissolve","Slimebound:Prepare"],"picked":"Slimebound:HauntingLick","floor":4.0},{"not_picked":["Slimebound:SplitBruiser","Slimebound:SplitAcid"],"picked":"Slimebound:DuplicatedForm","floor":5.0},{"not_picked":["Slimebound:HauntingLick","Slimebound:SpikyOuterGoop"],"picked":"Slimebound:ComboTackle","floor":6.0},{"not_picked":["Slimebound:Replication","Slimebound:LivingWall"],"picked":"Slimebound:LeechEnergy","floor":9.0},{"not_picked":["Slimebound:MassRepurpose","Slimebound:PressTheAttack"],"picked":"Slimebound:GoopSpray","floor":10.0},{"not_picked":["Slimebound:SplitSpecialist","Slimebound:Grow"],"picked":"Slimebound:TongueLash","floor":12.0},{"not_picked":["Slimebound:LevelUp","Slimebound:RollThrough"],"picked":"Slimebound:ItLooksTasty","floor":14.0},{"not_picked":["Slimebound:DisruptingSlam","Slimebound:TongueLash"],"picked":"Slimebound:Gluttony","floor":15.0},{"not_picked":["Slimebound:MinionMaster","Slimebound:LeechLife"],"picked":"Slimebound:WasteNot","floor":16.0},{"not_picked":["Slimebound:SplitAcid","Slimebound:ItLooksTasty+1","Slimebound:ProtectTheBoss"],"picked":"SKIP","floor":20.0},{"not_picked":["Slimebound:GoopTackle","Slimebound:PressTheAttack"],"picked":"Slimebound:Schlurp+1","floor":21.0},{"not_picked":["Slimebound:SplitLeeching","Slimebound:ServeAndProtect"],"picked":"Slimebound:LeechEnergy","floor":22.0},{"not_picked":["Slimebound:SplitMire","Slimebound:SplitBruiser","Slimebound:SlimeBrawl+1"],"picked":"SKIP","floor":23.0},{"not_picked":["Slimebound:SpikyOuterGoop","Slimebound:SplitSpecialist"],"picked":"Slimebound:GoopSpray","floor":25.0},{"not_picked":["Slimebound:FinishingTackle","Slimebound:Nibble"],"picked":"Slimebound:MassFeed","floor":26.0},{"not_picked":["Slimebound:SplitBruiser","Slimebound:RollThrough"],"picked":"Slimebound:Nibble","floor":28.0},{"not_picked":["Slimebound:SlimeSpikes","Slimebound:Gluttony","Slimebound:SplitLeeching"],"picked":"SKIP","floor":29.0},{"not_picked":["Slimebound:FinishingTackle","Slimebound:ItLooksTasty","Slimebound:Repurpose"],"picked":"SKIP","floor":32.0},{"not_picked":["Slimebound:DivideAndConquer+1","Slimebound:SplitLeeching+1"],"picked":"Slimebound:HauntingLick+1","floor":36.0},{"not_picked":["Slimebound:Prepare","Slimebound:RainOfGoop"],"picked":"Slimebound:SamplingLick+1","floor":37.0},{"not_picked":["Slimebound:Replication+1","Slimebound:LeechingTouch"],"picked":"Slimebound:SpikyOuterGoop","floor":38.0},{"not_picked":["Slimebound:Chomp","Slimebound:PressTheAttack+1"],"picked":"Slimebound:FinishingTackle+1","floor":39.0},{"not_picked":["Slimebound:RollThrough","Slimebound:LivingWall"],"picked":"Slimebound:SpikyOuterGoop+1","floor":40.0},{"not_picked":["Slimebound:ViciousTackle+1","Slimebound:GoopSpray+1","Slimebound:LeechEnergy+1"],"picked":"Singing Bowl","floor":43.0},{"not_picked":["Slimebound:SplitMire","Slimebound:ItLooksTasty","Slimebound:LeechEnergy+1"],"picked":"Singing Bowl","floor":44.0},{"not_picked":["Slimebound:DouseInSlime","Slimebound:Equalize+1"],"picked":"Slimebound:LeechingTouch","floor":45},{"not_picked":["Slimebound:ComboTackle+1","Slimebound:SlimeSpikes+1"],"picked":"Slimebound:RainOfGoop+1","floor":46},{"not_picked":["Slimebound:RollThrough","Slimebound:ItLooksTasty+1","Slimebound:OneTwoCombo"],"picked":"Singing Bowl","floor":47},{"not_picked":["Slimebound:SlimeBrawl+1","Slimebound:Dissolve","Slimebound:FlameTackle"],"picked":"Singing Bowl","floor":48},{"not_picked":["Slimebound:ProtectTheBoss+1","Slimebound:ItLooksTasty+1"],"picked":"Slimebound:SamplingLick+1","floor":49}],"player_experience":492701,"relics_obtained":[{"floor":7.0,"key":"StoneCalendar"},{"floor":10.0,"key":"Onion Ring"},{"floor":11.0,"key":"Ring of Peace"},{"floor":11.0,"key":"Ring of Fangs"},{"floor":23.0,"key":"Vajra"},{"floor":24.0,"key":"Darkstone Periapt"},{"floor":25.0,"key":"MawBank"},{"floor":39.0,"key":"Replay:Multitool"},{"floor":40.0,"key":"reliquary:NewFriend"},{"floor":41.0,"key":"Singing Bowl"},{"floor":43.0,"key":"Torii"},{"floor":45,"key":"Slimebound:AggressiveSlimeRelic"},{"floor":47,"key":"Anchor"}],"event_choices":[{"damage_healed":0.0,"max_hp_gain":0.0,"max_hp_loss":0.0,"gold_gain":0.0,"event_name":"Mysterious Sphere","player_choice":"Fight","floor":39.0,"gold_loss":0.0,"damage_taken":0.0}],"is_beta":false,"boss_relics":[{"not_picked":["Kintsugi","Velvet Choker"],"picked":"Painkiller Herb"},{"not_picked":[]},{"not_picked":["reliquary:Craggleroot","reliquary:KinkedSpring"],"picked":"Pandora\u0027s Box"},{"not_picked":[]}],"items_purged_floors":[17,48],"is_endless":false,"potions_floor_spawned":[2,5,10,15,21,22,26,32,33,37,39,44,46,47],"ascension_level":1}}