{"host":"36t3qd3wjvajtu1z","time":1613022642,"event":{"mods":["2.2 Compatiblity","AchievementEnabler","BaseMod","Bestiary","Block Reminder","Colored Powertips","Curses Come First","Highlight Path","Minty Spire (QoL Compilation)","Permanent Neow","Quick Restart","Random Character Button","Rare Cards Sparkle","Relic Stats","Slay-I","StSLib","Unknown Chances"],"gold_per_floor":[213,18,18,18,55,55,95,95,95,176,230,230,255,180,180,180,180],"floor_reached":16,"language":"ENG","playtime":570,"items_purged":[],"score":191,"play_id":"0bd5e45c-3f76-443a-a86e-f31ee49e2760","local_time":"20210210215042","is_ascension_mode":true,"campfire_choices":[{"data":"HandOfGreed","floor":6.0,"key":"SMITH"},{"data":"Bash","floor":8.0,"key":"SMITH"},{"data":"Whirlwind","floor":12.0,"key":"SMITH"},{"data":"Impervious","floor":15.0,"key":"SMITH"}],"circlet_count":0,"master_deck":["AscendersBane","Strike_R","Strike_R","Strike_R","Defend_R","Defend_R","Defend_R","Defend_R","Bash+1","Anger","HandOfGreed+1","Reckless Charge","Sword Boomerang","Whirlwind+1","Impervious+1","Fire Breathing+1"],"relics":["Burning Blood","Frozen Egg 2","Dream Catcher","PreservedInsect","White Beast Statue"],"acts_visited":["Exordium"],"potions_floor_usage":[16,16],"damage_taken":[{"damage":6.0,"enemies":"Cultist","floor":1.0,"turns":3.0},{"damage":2.0,"enemies":"2 Louse","floor":5.0,"turns":3.0},{"damage":9.0,"enemies":"Jaw Worm","floor":7.0,"turns":3.0},{"damage":25.0,"enemies":"3 Sentries","floor":10.0,"turns":5.0},{"damage":11.0,"enemies":"Lagavulin","floor":13.0,"turns":3.0},{"damage":78,"enemies":"The Guardian","floor":16,"turns":11}],"seed_played":"-4273775253013866444","potions_obtained":[{"floor":1.0,"key":"SkillPotion"},{"floor":5.0,"key":"ColorlessPotion"},{"floor":10.0,"key":"Weak Potion"},{"floor":13.0,"key":"SpeedPotion"}],"is_trial":false,"path_per_floor":["M","$","?","?","M","R","M","R","T","E","T","R","E","?","R","B"],"character_chosen":"IRONCLAD","items_purchased":["HandOfGreed"],"campfire_rested":0,"item_purchase_floors":[2],"current_hp_per_floor":[68,68,68,68,72,72,69,69,69,50,50,50,45,45,45,0,0],"gold":180,"neow_bonus":"HUNDRED_GOLD","is_daily":false,"chose_seed":false,"campfire_upgraded":4,"win_rate":0.0,"timestamp":1613022642,"path_taken":["M","$","?","?","M","R","M","R","T","E","?","R","E","?","R","BOSS"],"items_purchased_type":["Card"],"build_version":"2020-12-22","purchased_purges":0,"victory":false,"max_hp_per_floor":[75,75,75,75,75,75,75,75,75,75,75,75,75,75,75,75,75],"relic_stats":{"Dream Catcher":0,"counters":[6,28],"PreservedInsect":28,"obtain_stats":[{"Dream Catcher":10,"PreservedInsect":11,"Frozen Egg 2":9,"Burning Blood":0,"White Beast Statue":13},{"Dream Catcher":4,"PreservedInsect":4,"Frozen Egg 2":3,"Burning Blood":0,"White Beast Statue":5},{"Dream Catcher":14,"PreservedInsect":14,"Frozen Egg 2":9,"Burning Blood":0,"White Beast Statue":17}],"Burning Blood":30},"card_choices":[{"not_picked":["Intimidate","Flex"],"picked":"Anger","floor":1.0},{"not_picked":["Pummel","Rupture"],"picked":"Sword Boomerang","floor":5.0},{"not_picked":["Clothesline","Combust"],"picked":"Whirlwind","floor":7.0},{"not_picked":["Iron Wave","Cleave"],"picked":"Impervious","floor":10.0},{"not_picked":["Ghostly Armor","Wild Strike"],"picked":"Fire Breathing+1","floor":13.0}],"player_experience":484319,"relics_obtained":[{"floor":9.0,"key":"Frozen Egg 2"},{"floor":10.0,"key":"Dream Catcher"},{"floor":11.0,"key":"PreservedInsect"},{"floor":13.0,"key":"White Beast Statue"}],"event_choices":[{"damage_healed":0.0,"max_hp_gain":0.0,"max_hp_loss":0.0,"gold_gain":0.0,"cards_transformed":["Strike_R"],"event_name":"Living Wall","player_choice":"Change","floor":3.0,"gold_loss":0.0,"damage_taken":0.0,"cards_obtained":["Reckless Charge"]},{"damage_healed":0.0,"max_hp_gain":0.0,"max_hp_loss":0.0,"gold_gain":0.0,"event_name":"Liars Game","player_choice":"Ignored","floor":4.0,"gold_loss":0.0,"damage_taken":0.0},{"cards_removed":["Strike_R"],"damage_healed":0.0,"max_hp_gain":0.0,"max_hp_loss":0.0,"gold_gain":0.0,"event_name":"The Cleric","player_choice":"Card Removal","floor":14.0,"gold_loss":75.0,"damage_taken":0.0}],"is_beta":false,"boss_relics":[],"items_purged_floors":[],"is_endless":false,"potions_floor_spawned":[1,5,10,13],"killed_by":"The Guardian","ascension_level":16}}