{"host":"qdclwaeybsqc6q1a","time":1613081360,"event":{"mods":["AchievementEnabler","Act Like it!","BaseMod","Colored Map","Colored Powertips","Hallownest","Hubris","Humility","Infinite Spire","Minty Spire (QoL Compilation)","Rare Cards Sparkle","Reliquary","Spikes Relics","StSLib"],"gold_per_floor":[117,117,117,134,153,153,179,179,206,131,143,103,9,9,9,113,113,129,129,129,129,147,174,194,194,194,213,258,273,13,41,41,146,146,164,164,164,164],"floor_reached":37,"language":"POL","playtime":2714,"items_purged":[],"score":483,"play_id":"2fcb93f1-cd05-44c1-9ff2-8f87ae5a68fb","local_time":"20210211230920","is_ascension_mode":true,"campfire_choices":[{"floor":6.0,"key":"RECALL"},{"floor":8.0,"key":"REST"},{"floor":15.0,"key":"REST"},{"floor":25.0,"key":"REST"},{"data":"Infinite Blades","floor":32.0,"key":"SMITH"}],"circlet_count":0,"master_deck":["Strike_G","Strike_G","Strike_G+1","Strike_G+1","Strike_G","Defend_G+1","Defend_G","Defend_G","Defend_G","Defend_G","Survivor","Neutralize","Footwork","Riddle With Holes","All Out Attack","Deadly Poison","Hallownest:skillGreenpathMap","Infinite Blades+1","Dagger Spray","Footwork","infinitespire:Neurotoxin","Sucker Punch+1","Hallownest:curseDreamersLament","infinitespire:Starlight","A Thousand Cuts","Accuracy+1","Slice","Hallownest:attackAdjustingAction","Sucker Punch","Dagger Spray","Accuracy","Mind Blast","Accuracy","Corpse Explosion","Catalyst","infinitespire:Fortify"],"relics":["Ring of the Snake","Art of War","Unceasing Top","Rawhide","SlaversCollar","Hallownest:WatcherSealRelic","Pen Nib","Red Mask","ZombieTooth","Meat on the Bone","Tiny Chest","Akabeko","reliquary:Stiletto","Black Star","SpikesRelics:DaevaFist"],"acts_visited":["Hallownest:Greenpath","Hallownest:CityofTears","Hallownest:KingdomsEdge"],"potions_floor_usage":[37],"damage_taken":[{"damage":4.0,"enemies":"Hallownest:2_Baldur","floor":1.0,"turns":5.0},{"damage":7.0,"enemies":"Hallownest:2_Tiktiks_and_1_Crawlid","floor":4.0,"turns":5.0},{"damage":0.0,"enemies":"Hallownest:monsterHuskWarrior","floor":5.0,"turns":3.0},{"damage":41.0,"enemies":"Hallownest:eliteVengeflyKing","floor":7.0,"turns":14.0},{"damage":17.0,"enemies":"Hallownest:Guard_and_Warrior","floor":11.0,"turns":7.0},{"damage":32.0,"enemies":"Hallownest:BossHornet","floor":16.0,"turns":13.0},{"damage":9.0,"enemies":"Hallownest:Flukemon_and_Top","floor":18.0,"turns":8.0},{"damage":2.0,"enemies":"Hallownest:3_Youths","floor":22.0,"turns":7.0},{"damage":9.0,"enemies":"Hallownest:Nosk","floor":23.0,"turns":9.0},{"damage":36.0,"enemies":"Hallownest:2_Flukemon","floor":24.0,"turns":8.0},{"damage":2.0,"enemies":"Hallownest:monsterMisterMushroom","floor":27.0,"turns":9.0},{"damage":6.0,"enemies":"Hallownest:monsterShrumalOgre","floor":29.0,"turns":4.0},{"damage":20.0,"enemies":"Hallownest:eliteWatcherKnight","floor":31.0,"turns":13.0},{"damage":26.0,"enemies":"Hallownest:BossSoulMaster","floor":33.0,"turns":7.0},{"damage":69.0,"enemies":"Hallownest:3_Siblings","floor":35.0,"turns":9.0},{"damage":26,"enemies":"Hallownest:2_Littles","floor":37,"turns":2}],"seed_played":"-6488193069304026868","potions_obtained":[{"floor":4.0,"key":"LiquidBronze"},{"floor":7.0,"key":"LiquidMemories"},{"floor":18.0,"key":"GhostInAJar"},{"floor":23.0,"key":"Fire Potion"},{"floor":24.0,"key":"Weak Potion"},{"floor":27.0,"key":"DuplicationPotion"},{"floor":35.0,"key":"Swift Potion"}],"is_trial":false,"path_per_floor":["M","?","?","M","M","R","E","R","T","?","M","?","$","T","R","B",null,"M","?","AVR","?","M","E","M","R","T","M","T","M","$","E","R","B",null,"M","AVR","M"],"character_chosen":"THE_SILENT","items_purchased":["Dagger Spray","Footwork","Akabeko","Accuracy","Mind Blast"],"campfire_rested":3,"item_purchase_floors":[13,13,30,30,30],"current_hp_per_floor":[66,66,66,59,59,59,18,39,39,39,22,46,46,46,67,35,70,61,61,61,61,69,68,42,63,63,69,69,63,63,53,53,37,70,20,20,0,0],"gold":164,"neow_bonus":"RANDOM_COMMON_RELIC","is_daily":false,"chose_seed":false,"campfire_upgraded":1,"win_rate":0.0,"timestamp":1613081360,"path_taken":["M","?","?","M","M","R","E","R","T","?","M","?","$","?","R","BOSS","M","?","AVR","?","M","E","M","R","T","M","?","M","$","E","R","BOSS","M","AVR","M"],"items_purchased_type":["Card","Card","Relic","Card","Card"],"build_version":"2020-12-22","purchased_purges":0,"victory":false,"max_hp_per_floor":[70,70,70,70,70,70,70,70,70,70,70,70,70,70,70,70,70,70,70,70,70,70,70,70,70,70,70,70,70,70,70,70,70,70,70,70,70,70],"card_choices":[{"not_picked":["Underhanded Strike","Deflect"],"picked":"Footwork","floor":1.0},{"not_picked":["Dodge and Roll","Outmaneuver"],"picked":"Riddle With Holes","floor":4.0},{"not_picked":["Dodge and Roll","Underhanded Strike"],"picked":"All Out Attack","floor":5.0},{"not_picked":["Predator","Infinite Blades"],"picked":"Deadly Poison","floor":7.0},{"not_picked":["Reflex","hubris:TrickCloak"],"picked":"Infinite Blades","floor":11.0},{"not_picked":["Storm of Steel","A Thousand Cuts"],"picked":"infinitespire:Neurotoxin","floor":16.0},{"not_picked":["Noxious Fumes+1","Outmaneuver"],"picked":"Sucker Punch+1","floor":18.0},{"not_picked":["Slice","hubris:SlightOfHand"],"picked":"A Thousand Cuts","floor":22.0},{"not_picked":["Cloak And Dagger","Distraction"],"picked":"Accuracy+1","floor":23.0},{"not_picked":["Choke","Acrobatics"],"picked":"Slice","floor":24.0},{"not_picked":["Outmaneuver","Dagger Throw"],"picked":"Sucker Punch","floor":27.0},{"not_picked":["Outmaneuver","Acrobatics+1"],"picked":"Dagger Spray","floor":29.0},{"not_picked":["hubris:TrickCloak+1","Malaise"],"picked":"Accuracy","floor":31.0},{"not_picked":["Tools of the Trade","Glass Knife"],"picked":"Corpse Explosion","floor":33.0},{"not_picked":["Sucker Punch","Prepared"],"picked":"Catalyst","floor":35.0}],"player_experience":283396,"relics_obtained":[{"floor":7.0,"key":"Unceasing Top"},{"floor":14.0,"key":"Rawhide"},{"floor":23.0,"key":"ZombieTooth"},{"floor":26.0,"key":"Meat on the Bone"},{"floor":28.0,"key":"Tiny Chest"},{"floor":31.0,"key":"reliquary:Stiletto"}],"event_choices":[],"is_beta":false,"boss_relics":[{"not_picked":["hubris:RunicObelisk","Sozu"],"picked":"SlaversCollar"},{"not_picked":["hubris:Stopwatch","hubris:VirtuousBlindfold"],"picked":"Black Star"}],"items_purged_floors":[],"is_endless":false,"potions_floor_spawned":[4,7,18,23,24,27,35],"killed_by":"Hallownest:2_Littles","ascension_level":3,"is_humility":true}}