{"host":"fff5e1uasnm04x18","time":1613085254,"event":{"mods":["BaseMod","Highlight Path","Minty Spire (QoL Compilation)","StSLib"],"gold_per_floor":[110,35,310,327,327,353,353,381,428,428,447,459,512,527,527,628,628,645,645,657,110,125,125,4,4,31,56,56,73,83,83,83],"floor_reached":31,"language":"ENG","playtime":2269,"items_purged":["Strike_B","Strike_B"],"score":318,"play_id":"cc99833b-d0b6-40ac-840b-1cbad4365820","local_time":"20210211181414","is_ascension_mode":true,"campfire_choices":[{"floor":7,"key":"REST"},{"floor":10,"key":"REST"},{"floor":15,"key":"REST"},{"floor":23,"key":"REST"},{"floor":28,"key":"REST"}],"circlet_count":0,"master_deck":["Strike_B","Strike_B","Defend_B","Defend_B","Defend_B","Defend_B","Zap","Dualcast","Static Discharge","Glacier","Glacier","Loop","Ball Lightning","Electrodynamics","Coolheaded","Thunder Strike","Heatsinks","Storm+1","Storm","Machine Learning","Redo+1","Loop","Blizzard"],"relics":["Cracked Core","Smiling Mask","Gambling Chip","Potion Belt","Bag of Marbles","Inserter","FaceOfCleric","Prayer Wheel","ClockworkSouvenir","Enchiridion","Anchor","Orichalcum"],"acts_visited":["Exordium","TheCity"],"potions_floor_usage":[8,27,27,31,31],"damage_taken":[{"damage":1,"enemies":"Cultist","floor":1,"turns":3},{"damage":0,"enemies":"2 Louse","floor":4,"turns":3},{"damage":39,"enemies":"Lagavulin","floor":6,"turns":7},{"damage":20,"enemies":"Gremlin Nob","floor":8,"turns":4},{"damage":1,"enemies":"Jaw Worm","floor":11,"turns":4},{"damage":17,"enemies":"Large Slime","floor":12,"turns":7},{"damage":3,"enemies":"Red Slaver","floor":14,"turns":4},{"damage":38,"enemies":"Slime Boss","floor":16,"turns":11},{"damage":17,"enemies":"Spheric Guardian","floor":18,"turns":5},{"damage":13,"enemies":"Chosen","floor":20,"turns":6},{"damage":33,"enemies":"Centurion and Healer","floor":22,"turns":8},{"damage":29,"enemies":"Slavers","floor":27,"turns":3},{"damage":14,"enemies":"Snecko","floor":29,"turns":7},{"damage":2,"enemies":"3 Cultists","floor":30,"turns":4},{"damage":17,"enemies":"Book of Stabbing","floor":31,"turns":5}],"seed_played":"-1664897742905699905","potions_obtained":[{"floor":1,"key":"PotionOfCapacity"},{"floor":4,"key":"BlessingOfTheForge"},{"floor":8,"key":"AttackPotion"},{"floor":20,"key":"Fire Potion"},{"floor":27,"key":"LiquidMemories"}],"is_trial":false,"path_per_floor":["M","$","?","M","?","E","R","E","T","R","M","M","T","M","R","B",null,"M","?","M","$","M","R","$","?","T","E","R","M","M","E"],"character_chosen":"DEFECT","items_purchased":["Glacier","Prayer Wheel","ClockworkSouvenir","Heatsinks","Storm"],"campfire_rested":5,"item_purchase_floors":[2,21,21,21,24],"current_hp_per_floor":[81,81,81,81,81,42,66,46,46,70,69,52,52,49,73,35,82,65,65,53,53,21,46,46,30,30,2,27,14,13,0,0],"gold":83,"neow_bonus":"TEN_PERCENT_HP_BONUS","is_daily":false,"chose_seed":false,"campfire_upgraded":0,"win_rate":0.0,"timestamp":1613085254,"path_taken":["M","$","?","?","?","E","R","E","T","R","M","M","?","M","R","BOSS","M","?","M","$","?","R","$","?","T","E","R","M","M","E"],"items_purchased_type":["Card","Relic","Relic","Card","Card"],"build_version":"2020-12-22","purchased_purges":2,"victory":false,"max_hp_per_floor":[82,82,82,82,82,82,82,82,82,82,82,82,82,82,82,82,82,82,82,83,83,84,84,84,84,84,85,85,86,87,87,87],"card_choices":[{"not_picked":["Melter","Rebound"],"picked":"Static Discharge","floor":1},{"not_picked":["Turbo","Hello World","Stack"],"picked":"SKIP","floor":4},{"not_picked":["Conserve Battery","Streamline"],"picked":"Glacier","floor":6},{"not_picked":["Undo","Storm"],"picked":"Loop","floor":8},{"not_picked":["Go for the Eyes","Stack"],"picked":"Ball Lightning","floor":11},{"not_picked":["Hologram","Auto Shields"],"picked":"Electrodynamics","floor":12},{"not_picked":["Streamline","Beam Cell"],"picked":"Coolheaded","floor":14},{"not_picked":["Reboot","Electrodynamics"],"picked":"Thunder Strike","floor":16},{"not_picked":["Gash+1","Turbo","Hologram"],"picked":"SKIP","floor":18},{"not_picked":["Streamline","Conserve Battery","Beam Cell"],"picked":"SKIP","floor":20},{"not_picked":["Aggregate","Gash"],"picked":"Storm+1","floor":22},{"not_picked":["Go for the Eyes","Recycle","Barrage+1"],"picked":"SKIP","floor":22},{"not_picked":["Sunder+1","Rebound+1"],"picked":"Machine Learning","floor":27},{"not_picked":["Melter","Coolheaded+1"],"picked":"Redo+1","floor":29},{"not_picked":["Go for the Eyes+1","Gash","Redo"],"picked":"SKIP","floor":29},{"not_picked":["Hologram","Steam+1"],"picked":"Loop","floor":30},{"not_picked":["Beam Cell+1","Melter"],"picked":"Blizzard","floor":30}],"player_experience":589311,"relics_obtained":[{"floor":6,"key":"Smiling Mask"},{"floor":8,"key":"Gambling Chip"},{"floor":9,"key":"Potion Belt"},{"floor":13,"key":"Bag of Marbles"},{"floor":25,"key":"Enchiridion"},{"floor":26,"key":"Anchor"},{"floor":27,"key":"Orichalcum"}],"event_choices":[{"damage_healed":0,"gold_gain":275,"player_choice":"Desecrate","damage_taken":0,"max_hp_gain":0,"max_hp_loss":0,"event_name":"Golden Shrine","floor":3,"gold_loss":0,"cards_obtained":["Regret"]},{"cards_removed":["Regret"],"damage_healed":0,"gold_gain":0,"player_choice":"Forget","damage_taken":0,"max_hp_gain":0,"max_hp_loss":0,"event_name":"Living Wall","floor":5,"gold_loss":0},{"damage_healed":0,"gold_gain":0,"player_choice":"Trade","damage_taken":0,"relics_obtained":["FaceOfCleric"],"max_hp_gain":0,"max_hp_loss":0,"event_name":"FaceTrader","floor":19,"gold_loss":0},{"damage_healed":0,"gold_gain":0,"player_choice":"Obtained Book","damage_taken":16,"max_hp_gain":0,"max_hp_loss":0,"event_name":"Cursed Tome","floor":25,"gold_loss":0}],"is_beta":false,"boss_relics":[{"not_picked":["Runic Pyramid","Cursed Key"],"picked":"Inserter"}],"items_purged_floors":[21,24],"is_endless":false,"potions_floor_spawned":[1,4,8,20,27],"killed_by":"Book of Stabbing","ascension_level":4}}