{"host":"684z1xpuwaoqmmh1","time":1613053786,"event":{"mods":["A Magickal Journey","BaseMod","Downfall","Hermit","Jorbs\u0027s Wanderer Trilogy","Marisa????????","Minty Spire (QoL Compilation)","Robot Space Explorer","Shade Mod","StSLib","The Bug Knight","The Dragon Tamer","The Elementalist","The Hayseed","The Hierophant","The Marked","The Mystic","The Runesmith","The Saiyan","The Senshi","The Spell Scribe","The Vixen","TheBandit","TheFirefly"],"gold_per_floor":[110,35,55,55,66,66,92,111,159,171,188,188,188,220,220,220,220],"floor_reached":16,"language":"ENG","playtime":474,"items_purged":["theSenshi:SailorKick"],"score":202,"play_id":"d2432a71-c87a-4621-9dea-014ea283978b","local_time":"20210211162946","is_ascension_mode":true,"campfire_choices":[{"data":"theSenshi:SailorPlanetAttack","floor":6,"key":"SMITH"},{"floor":12,"key":"REST"},{"data":"theSenshi:SilverMoonCrystalPowerKiss","floor":15,"key":"SMITH"}],"circlet_count":0,"master_deck":["AscendersBane","theSenshi:SailorKick","theSenshi:SailorKick","theSenshi:SailorKick","theSenshi:SailorBlock","theSenshi:SailorBlock","theSenshi:SailorBlock","theSenshi:SailorBlock","theSenshi:RoseThrow+1","theSenshi:MoonPrismPowerMakeUp","theSenshi:SailorPlanetAttack+1","theSenshi:SailorJupiterAssists","theSenshi:SailorV","theSenshi:SilverMoonCrystalPowerKiss+1","theSenshi:MoonTiaraMagic","theSenshi:MoonPunch","theSenshi:SailorChibiMoonAssists"],"relics":["theSenshi:TransformationBroochRelic","Bottled Flame","Bag of Preparation","Regal Pillow"],"acts_visited":["Exordium"],"potions_floor_usage":[14,14],"damage_taken":[{"damage":1,"enemies":"Cultist","floor":1,"turns":4},{"damage":0,"enemies":"Small Slimes","floor":3,"turns":4},{"damage":0,"enemies":"Jaw Worm","floor":5,"turns":3},{"damage":38,"enemies":"Gremlin Nob","floor":7,"turns":5},{"damage":11,"enemies":"Looter","floor":8,"turns":4},{"damage":3,"enemies":"Blue Slaver","floor":10,"turns":3},{"damage":12,"enemies":"3 Louse","floor":11,"turns":4},{"damage":6,"enemies":"Lagavulin","floor":14,"turns":7},{"damage":24,"enemies":"The Guardian","floor":16,"turns":2}],"seed_played":"-5145693503440377823","potions_obtained":[{"floor":1,"key":"SmokeBomb"},{"floor":7,"key":"EntropicBrew"},{"floor":14,"key":"Explosive Potion"}],"is_trial":false,"path_per_floor":["M","$","M","?","M","R","E","M","T","M","M","R","?","E","R","B"],"character_chosen":"THE_SENSHI","items_purchased":[],"campfire_rested":1,"item_purchase_floors":[],"current_hp_per_floor":[67,67,67,67,67,67,29,18,18,15,3,25,25,19,19,0,0],"gold":220,"neow_bonus":"UPGRADE_CARD","is_daily":false,"chose_seed":false,"campfire_upgraded":2,"win_rate":0.0,"timestamp":1613053786,"path_taken":["M","$","?","?","M","R","E","M","T","M","M","R","?","E","R","BOSS"],"items_purchased_type":[],"build_version":"2020-12-22","purchased_purges":1,"victory":false,"max_hp_per_floor":[75,75,75,75,75,75,75,75,75,75,75,75,75,75,75,75,75],"card_choices":[{"not_picked":["theSenshi:SailorStarFighterAssists","theSenshi:SailorMercuryAssists"],"picked":"theSenshi:SailorPlanetAttack","floor":1},{"not_picked":["theSenshi:DramaticEntrance","theSenshi:MoonPower"],"picked":"theSenshi:SailorJupiterAssists","floor":3},{"not_picked":["theSenshi:SailorStarMakerAssists","theSenshi:SailorMarsAssists"],"picked":"theSenshi:SailorV","floor":5},{"not_picked":["theSenshi:DramaticEntrance","theSenshi:MoonPower"],"picked":"theSenshi:SilverMoonCrystalPowerKiss","floor":7},{"not_picked":["theSenshi:TallSilhouette","theSenshi:LateForSchool"],"picked":"theSenshi:MoonTiaraMagic","floor":8},{"not_picked":["theSenshi:DramaticEntrance","theSenshi:SailorVenusAssists"],"picked":"theSenshi:MoonPunch","floor":10},{"not_picked":["theSenshi:MoonPunch","theSenshi:TallSilhouette"],"picked":"theSenshi:SailorChibiMoonAssists","floor":11},{"not_picked":["theSenshi:MoonPower","theSenshi:YouCanTalk","theSenshi:SchoolBag"],"picked":"SKIP","floor":14}],"player_experience":3248557,"relics_obtained":[{"floor":7,"key":"Bottled Flame"},{"floor":9,"key":"Bag of Preparation"},{"floor":14,"key":"Regal Pillow"}],"event_choices":[{"damage_healed":0,"gold_gain":0,"player_choice":"Leave","damage_taken":0,"max_hp_gain":0,"max_hp_loss":0,"event_name":"The Cleric","floor":4,"gold_loss":0}],"is_beta":false,"boss_relics":[],"items_purged_floors":[2],"is_endless":false,"potions_floor_spawned":[1,7,10,14],"killed_by":"The Guardian","ascension_level":16}}