{"host":"7ij4m6ehapfophuy","time":1613007090,"event":{"mods":["BaseMod","Bestiary","Curses Come First","Filter the Spire","Minty Spire (QoL Compilation)","Relic Stats","StSLib","ojb\u0027s Better Paths Mod"],"gold_per_floor":[111,125,125,18,34,34,64,83,83,99,99,132,18,34,34,108,108,118,43,43,53,65,93,120,147,202,202,37,47,47,78,78,78,78],"floor_reached":33,"language":"ENG","playtime":1595,"items_purged":[],"score":680,"play_id":"1704d9ed-76c0-4713-ae5b-a0dca5f54529","local_time":"20210210203130","is_ascension_mode":true,"campfire_choices":[{"data":"Zap","floor":6.0,"key":"SMITH"},{"data":"Hyperbeam","floor":11.0,"key":"SMITH"},{"data":"Beam Cell","floor":15.0,"key":"SMITH"},{"floor":30,"key":"REST"},{"data":"Reprogram","floor":32,"key":"SMITH"}],"circlet_count":0,"master_deck":["AscendersBane","Strike_B","Strike_B+1","Strike_B","Strike_B","Defend_B","Defend_B","Defend_B","Defend_B","Zap+1","Lockon","Defragment","Gash+1","Beam Cell+1","Hyperbeam+1","Go for the Eyes","Gash","Sunder","Seek","Genetic Algorithm","Beam Cell+1","Undo","Self Repair","Conserve Battery","Rebound","Reprogram+1","Scrape"],"relics":["Black Star","Blue Candle","Darkstone Periapt","Pantograph","Happy Flower","Bottled Flame","Philosopher\u0027s Stone","Potion Belt","Incense Burner","HornCleat","Red Mask","Pear","Whetstone","Nunchaku","Anchor","Thread and Needle","White Beast Statue"],"acts_visited":["Exordium","TheCity"],"potions_floor_usage":[33,33],"damage_taken":[{"damage":14.0,"enemies":"Small Slimes","floor":1.0,"turns":4.0},{"damage":7.0,"enemies":"Cultist","floor":2.0,"turns":4.0},{"damage":5.0,"enemies":"2 Louse","floor":5.0,"turns":2.0},{"damage":8.0,"enemies":"Gremlin Nob","floor":7.0,"turns":3.0},{"damage":19.0,"enemies":"Exordium Wildlife","floor":8.0,"turns":2.0},{"damage":16.0,"enemies":"2 Fungi Beasts","floor":10.0,"turns":4.0},{"damage":20.0,"enemies":"3 Sentries","floor":12.0,"turns":4.0},{"damage":0.0,"enemies":"Large Slime","floor":14.0,"turns":3.0},{"damage":16.0,"enemies":"Slime Boss","floor":16.0,"turns":6.0},{"damage":0.0,"enemies":"Chosen","floor":18.0,"turns":2.0},{"damage":14.0,"enemies":"Shell Parasite","floor":21.0,"turns":3.0},{"damage":10.0,"enemies":"3 Cultists","floor":22.0,"turns":4.0},{"damage":0.0,"enemies":"Gremlin Leader","floor":23.0,"turns":6.0},{"damage":0.0,"enemies":"Masked Bandits","floor":24.0,"turns":2.0},{"damage":12.0,"enemies":"Book of Stabbing","floor":25.0,"turns":3.0},{"damage":31,"enemies":"Snecko","floor":29,"turns":8},{"damage":9,"enemies":"Gremlin Leader","floor":31,"turns":7},{"damage":96,"enemies":"Collector","floor":33,"turns":9}],"seed_played":"6958690764171355942","potions_obtained":[{"floor":1.0,"key":"GamblersBrew"},{"floor":5.0,"key":"Explosive Potion"},{"floor":16.0,"key":"EssenceOfDarkness"},{"floor":21.0,"key":"DuplicationPotion"},{"floor":22.0,"key":"Fire Potion"},{"floor":31,"key":"Fruit Juice"}],"is_trial":false,"path_per_floor":["M","M","?","$","M","R","E","M","T","M","R","E","$","M","R","B",null,"M","?","T","M","M","E","?","E","T","?","$","M","R","E","R","B"],"character_chosen":"DEFECT","items_purchased":["Explosive Potion","Gash","Weak Potion","Strength Potion","Anchor"],"campfire_rested":1,"item_purchase_floors":[4,4,13,13,28],"current_hp_per_floor":[50,43,71,71,66,66,58,39,39,23,23,3,3,3,3,12,56,56,56,56,42,32,32,39,37,37,37,37,13,37,35,35,0,0],"gold":78,"neow_bonus":"BOSS_RELIC","is_daily":false,"chose_seed":false,"campfire_upgraded":4,"win_rate":0.0,"timestamp":1613007090,"path_taken":["M","M","?","$","M","R","E","?","T","M","R","E","$","?","R","BOSS","M","?","?","M","M","E","?","E","T","?","$","?","R","E","R","BOSS"],"items_purchased_type":["Potion","Card","Potion","Potion","Relic"],"build_version":"2020-12-22","purchased_purges":0,"victory":false,"max_hp_per_floor":[71,71,71,71,71,71,71,71,71,71,71,71,71,71,71,71,71,71,71,71,71,71,71,71,81,81,81,81,81,81,81,81,86,86],"relic_stats":{"Darkstone Periapt":0,"Nunchaku":[5],"Happy Flower":[17],"counters":[18,76],"Blue Candle":[0],"Pantograph":50,"Black Star":5,"Whetstone":["Strike_B","Gash"],"obtain_stats":[{"Darkstone Periapt":7,"Potion Belt":20,"Pear":25,"Happy Flower":12,"Blue Candle":7,"Thread and Needle":31,"Incense Burner":23,"Whetstone":25,"White Beast Statue":31,"Bottled Flame":12,"Nunchaku":26,"Anchor":28,"HornCleat":23,"Pantograph":9,"Philosopher\u0027s Stone":17,"Black Star":0,"Red Mask":24,"Cracked Core":0},{"Darkstone Periapt":4,"Potion Belt":10,"Pear":15,"Happy Flower":7,"Blue Candle":4,"Thread and Needle":17,"Incense Burner":13,"Whetstone":15,"White Beast Statue":17,"Bottled Flame":7,"Nunchaku":15,"Anchor":15,"HornCleat":13,"Pantograph":5,"Philosopher\u0027s Stone":9,"Black Star":0,"Red Mask":14,"Cracked Core":0},{"Darkstone Periapt":13,"Potion Belt":34,"Pear":52,"Happy Flower":23,"Blue Candle":13,"Thread and Needle":67,"Incense Burner":47,"Whetstone":52,"White Beast Statue":67,"Bottled Flame":23,"Nunchaku":52,"Anchor":52,"HornCleat":47,"Pantograph":15,"Philosopher\u0027s Stone":32,"Black Star":0,"Red Mask":49,"Cracked Core":0}]},"card_choices":[{"not_picked":["Recycle","Beam Cell"],"picked":"Lockon","floor":1.0},{"not_picked":["Leap","Turbo"],"picked":"Defragment","floor":2.0},{"not_picked":["Steam","Chaos"],"picked":"Beam Cell","floor":5.0},{"not_picked":["Melter","Cold Snap"],"picked":"Hyperbeam","floor":7.0},{"not_picked":["Ball Lightning","Turbo","Cold Snap"],"picked":"SKIP","floor":8.0},{"not_picked":["Double Energy","Cold Snap"],"picked":"Go for the Eyes","floor":10.0},{"not_picked":["Tempest","Compile Driver"],"picked":"Gash","floor":12.0},{"not_picked":["Redo","Turbo"],"picked":"Sunder","floor":14.0},{"not_picked":["Fission","Rainbow"],"picked":"Seek","floor":16.0},{"not_picked":["Go for the Eyes","Melter"],"picked":"Genetic Algorithm","floor":18.0},{"not_picked":["Melter","White Noise"],"picked":"Beam Cell+1","floor":21.0},{"not_picked":["Stack","Sunder"],"picked":"Undo","floor":22.0},{"not_picked":["Static Discharge+1","Defragment"],"picked":"Self Repair","floor":23.0},{"not_picked":["Redo","Barrage"],"picked":"Conserve Battery","floor":24.0},{"not_picked":["Loop","Cold Snap+1"],"picked":"Rebound","floor":25.0},{"not_picked":["Stack","Coolheaded+1","Chill"],"picked":"SKIP","floor":29},{"not_picked":["Chill","Hello World"],"picked":"Scrape","floor":31}],"player_experience":1077393,"relics_obtained":[{"floor":7.0,"key":"Blue Candle"},{"floor":7.0,"key":"Darkstone Periapt"},{"floor":9.0,"key":"Pantograph"},{"floor":12.0,"key":"Happy Flower"},{"floor":12.0,"key":"Bottled Flame"},{"floor":20.0,"key":"Potion Belt"},{"floor":23.0,"key":"Incense Burner"},{"floor":23.0,"key":"HornCleat"},{"floor":24.0,"key":"Red Mask"},{"floor":25.0,"key":"Pear"},{"floor":25.0,"key":"Whetstone"},{"floor":26.0,"key":"Nunchaku"},{"floor":31,"key":"Thread and Needle"},{"floor":31,"key":"White Beast Statue"}],"event_choices":[{"damage_healed":28.0,"max_hp_gain":0.0,"max_hp_loss":0.0,"gold_gain":0.0,"event_name":"Wheel of Change","player_choice":"Full Heal","floor":3.0,"gold_loss":0.0,"damage_taken":0.0},{"cards_removed":["Dualcast"],"damage_healed":0.0,"max_hp_gain":0.0,"max_hp_loss":0.0,"gold_gain":0.0,"event_name":"Beggar","player_choice":"Gave Gold","floor":19.0,"gold_loss":75.0,"damage_taken":0.0},{"damage_healed":0.0,"max_hp_gain":0.0,"max_hp_loss":0.0,"gold_gain":0.0,"event_name":"Masked Bandits","player_choice":"Fought Bandits","floor":24.0,"gold_loss":0.0,"damage_taken":0.0},{"damage_healed":0.0,"max_hp_gain":0.0,"max_hp_loss":0.0,"gold_gain":0.0,"event_name":"The Library","player_choice":"Read","floor":27.0,"gold_loss":0.0,"damage_taken":0.0,"cards_obtained":["Reprogram"]}],"is_beta":false,"boss_relics":[{"not_picked":["Inserter","SacredBark"],"picked":"Philosopher\u0027s Stone"}],"items_purged_floors":[],"is_endless":false,"potions_floor_spawned":[1,5,14,16,21,22,31],"killed_by":"Collector","ascension_level":20}}