{"host":"pdq28s6637cpsst2","time":1613019072,"event":{"mods":["BaseMod","Colored Map","Highlight Path","Minty Spire (QoL Compilation)","Quick Restart"],"gold_per_floor":[113,130,130,35,51,76,76,76,76],"floor_reached":8,"language":"ENG","playtime":649,"items_purged":[],"score":62,"play_id":"361ae3d8-8386-402e-bb60-9d97e5f8cd87","local_time":"20210210235112","is_ascension_mode":true,"campfire_choices":[{"data":"Defragment","floor":7,"key":"SMITH"}],"circlet_count":0,"master_deck":["Strike_B","Strike_B","Strike_B","Defend_B","Defend_B","Defend_B","Defend_B","Zap","Dualcast","Amplify","Coolheaded","Hologram","Defragment+1","Steam","Streamline","Echo Form"],"relics":["Cracked Core","InkBottle"],"acts_visited":["Exordium"],"potions_floor_usage":[6,8,8],"damage_taken":[{"damage":12,"enemies":"2 Louse","floor":1,"turns":3},{"damage":0,"enemies":"Cultist","floor":2,"turns":4},{"damage":13,"enemies":"Jaw Worm","floor":5,"turns":5},{"damage":12,"enemies":"Lagavulin","floor":6,"turns":8},{"damage":19,"enemies":"Gremlin Nob","floor":8,"turns":4}],"seed_played":"-835165091419994960","potions_obtained":[{"floor":1,"key":"Explosive Potion"},{"floor":2,"key":"Weak Potion"},{"floor":5,"key":"SpeedPotion"}],"is_trial":false,"path_per_floor":["M","M","?","$","M","E","R","E"],"character_chosen":"DEFECT","items_purchased":["Defragment","Steam"],"campfire_rested":0,"item_purchase_floors":[4,4],"current_hp_per_floor":[42,42,42,42,29,17,17,0,0],"gold":76,"neow_bonus":"THREE_RARE_CARDS","is_daily":false,"chose_seed":false,"campfire_upgraded":1,"win_rate":0.0,"timestamp":1613019072,"path_taken":["M","M","?","$","M","E","R","E"],"items_purchased_type":["Card","Card"],"build_version":"2020-12-22","purchased_purges":0,"victory":false,"max_hp_per_floor":[75,75,75,75,75,75,75,75,75],"card_choices":[{"not_picked":["Thunder Strike","Hyperbeam"],"picked":"Amplify","floor":0},{"not_picked":["Steam Power","Chaos"],"picked":"Coolheaded","floor":1},{"not_picked":["Leap","Undo"],"picked":"Hologram","floor":2},{"not_picked":["Redo","Compile Driver"],"picked":"Streamline","floor":5},{"not_picked":["Steam Power","Streamline"],"picked":"Echo Form","floor":6}],"player_experience":121533,"relics_obtained":[{"floor":6,"key":"InkBottle"}],"event_choices":[{"cards_removed":["Strike_B"],"damage_healed":0,"gold_gain":0,"player_choice":"Purged","damage_taken":0,"max_hp_gain":0,"max_hp_loss":0,"event_name":"Purifier","floor":3,"gold_loss":0}],"is_beta":false,"boss_relics":[],"items_purged_floors":[],"is_endless":false,"potions_floor_spawned":[1,2,5],"killed_by":"Gremlin Nob","ascension_level":2}}