{"host":"cijwx898anu8dehj","time":1613084071,"event":{"mods":["AchievementEnabler","AlwaysNeverKeys","BaseMod","Colored Map","Colored Powertips","Highlight Path","Minty Spire (QoL Compilation)","Rare Cards Sparkle","Relic Stats","Slay-I"],"gold_per_floor":[116,127,139,215,233,233,262,262,286,286,298,298,298,308,308,382,382,398,313,313,327,340,340,45,45,45,45,45,45,80,91,91,164,164,184,184,197,222,162,162,177,177,226,226,226],"floor_reached":44,"language":"ENG","playtime":2269,"items_purged":["Strike_G"],"score":703,"play_id":"d8ab692e-c862-454c-aa76-7fa695016c80","local_time":"20210211205431","is_ascension_mode":true,"campfire_choices":[{"data":"Neutralize","floor":6,"key":"SMITH"},{"floor":8,"key":"REST"},{"data":"Noxious Fumes","floor":10,"key":"SMITH"},{"floor":12,"key":"REST"},{"data":"Catalyst","floor":15,"key":"SMITH"},{"floor":23,"key":"REST"},{"floor":25,"key":"REST"},{"data":"Leg Sweep","floor":29,"key":"SMITH"},{"floor":32,"key":"REST"},{"floor":40,"key":"REST"},{"floor":42,"key":"REST"}],"circlet_count":0,"master_deck":["AscendersBane","Strike_G","Strike_G","Defend_G","Defend_G","Defend_G+1","Defend_G","Defend_G","Survivor","Neutralize+1","Backflip","Cloak And Dagger+1","Poisoned Stab","Noxious Fumes+1","Caltrops","Catalyst+1","Adrenaline","Cloak And Dagger","Catalyst+1","Leg Sweep+1","Wraith Form v2","PanicButton","Skewer","Leg Sweep"],"relics":["Busted Crown","Pantograph","Bottled Lightning","Happy Flower","Snecko Eye","Blue Candle","Anchor","Ornamental Fan","CultistMask","Ninja Scroll","SacredBark","Calipers","Dream Catcher"],"acts_visited":["Exordium","TheCity","TheBeyond"],"potions_floor_usage":[16,22,33],"damage_taken":[{"damage":0,"enemies":"Cultist","floor":1,"turns":5},{"damage":0,"enemies":"2 Louse","floor":2,"turns":3},{"damage":0,"enemies":"Jaw Worm","floor":3,"turns":5},{"damage":6,"enemies":"Looter","floor":5,"turns":3},{"damage":29,"enemies":"Gremlin Nob","floor":7,"turns":5},{"damage":3,"enemies":"Red Slaver","floor":11,"turns":4},{"damage":0,"enemies":"Exordium Thugs","floor":14,"turns":5},{"damage":10,"enemies":"The Guardian","floor":16,"turns":8},{"damage":18,"enemies":"Chosen","floor":18,"turns":5},{"damage":13,"enemies":"Spheric Guardian","floor":21,"turns":5},{"damage":12,"enemies":"Centurion and Healer","floor":22,"turns":6},{"damage":37,"enemies":"Gremlin Leader","floor":30,"turns":6},{"damage":0,"enemies":"Shelled Parasite and Fungi","floor":31,"turns":6},{"damage":63,"enemies":"Collector","floor":33,"turns":10},{"damage":0,"enemies":"3 Darklings","floor":35,"turns":5},{"damage":0,"enemies":"3 Shapes","floor":37,"turns":7},{"damage":25,"enemies":"Mind Bloom Boss Battle","floor":38,"turns":12},{"damage":38,"enemies":"Transient","floor":41,"turns":5},{"damage":0,"enemies":"Sphere and 2 Shapes","floor":44,"turns":2}],"seed_played":"-1591329405541069505","potions_obtained":[{"floor":3,"key":"LiquidBronze"},{"floor":7,"key":"GamblersBrew"},{"floor":11,"key":"PowerPotion"},{"floor":14,"key":"CultistPotion"},{"floor":16,"key":"DuplicationPotion"},{"floor":30,"key":"SpeedPotion"},{"floor":31,"key":"Poison Potion"},{"floor":33,"key":"BlessingOfTheForge"}],"is_trial":false,"path_per_floor":["M","M","M","T","M","R","E","R","T","R","M","R","?","M","R","B",null,"M","?","?","M","M","R","$","R","T","?","$","R","E","M","R","B",null,"M","?","M","?","?","R","M","R","T","M"],"character_chosen":"THE_SILENT","items_purchased":["Leg Sweep","Anchor"],"campfire_rested":7,"item_purchase_floors":[24,24],"current_hp_per_floor":[63,63,63,63,57,57,28,49,49,49,46,67,53,53,53,60,68,50,50,50,37,25,46,46,67,67,67,67,67,30,30,51,7,54,54,54,54,45,45,66,28,49,49,49,49],"gold":226,"neow_bonus":"BOSS_RELIC","is_daily":false,"chose_seed":false,"campfire_upgraded":4,"win_rate":0.0,"timestamp":1613084071,"path_taken":["M","M","M","?","M","R","E","R","T","R","M","R","?","M","R","BOSS","M","?","?","?","M","R","$","R","T","?","$","R","E","M","R","BOSS","M","?","M","?","?","R","?","R","T","M"],"items_purchased_type":["Card","Relic"],"build_version":"2020-12-22","purchased_purges":1,"victory":false,"max_hp_per_floor":[70,70,70,70,70,70,70,70,70,70,70,70,70,70,70,70,70,70,70,70,70,70,70,70,70,70,70,70,70,70,70,70,70,70,70,70,70,70,70,70,70,70,70,70,70],"relic_stats":{"Dream Catcher":0,"Busted Crown":38,"Happy Flower":[28],"counters":[19,107],"Ornamental Fan":[84],"Pantograph":52,"Blue Candle":[0],"Snecko Eye":[128,122,141,126],"obtain_stats":[{"Calipers":38,"Happy Flower":9,"Blue Candle":19,"SacredBark":34,"Anchor":24,"Dream Catcher":43,"Busted Crown":0,"Ornamental Fan":26,"Ninja Scroll":30,"Pantograph":4,"Snecko Eye":17,"CultistMask":27,"Bottled Lightning":7,"Ring of the Snake":0},{"Calipers":17,"Happy Flower":5,"Blue Candle":9,"SacredBark":14,"Anchor":11,"Dream Catcher":18,"Busted Crown":0,"Ornamental Fan":11,"Ninja Scroll":12,"Pantograph":3,"Snecko Eye":8,"CultistMask":11,"Bottled Lightning":5,"Ring of the Snake":0},{"Calipers":100,"Happy Flower":21,"Blue Candle":43,"SacredBark":76,"Anchor":54,"Dream Catcher":105,"Busted Crown":0,"Ornamental Fan":54,"Ninja Scroll":60,"Pantograph":13,"Snecko Eye":38,"CultistMask":54,"Bottled Lightning":21,"Ring of the Snake":0}]},"card_choices":[{"not_picked":[],"picked":"Backflip","floor":1},{"not_picked":[],"picked":"Cloak And Dagger","floor":2},{"not_picked":[],"picked":"Poisoned Stab","floor":3},{"not_picked":[],"picked":"Noxious Fumes","floor":5},{"not_picked":[],"picked":"Caltrops","floor":7},{"not_picked":[],"picked":"Catalyst","floor":11},{"not_picked":["Prepared"],"picked":"SKIP","floor":14},{"not_picked":[],"picked":"Adrenaline","floor":16},{"not_picked":[],"picked":"Cloak And Dagger","floor":18},{"not_picked":["Blade Dance"],"picked":"SKIP","floor":21},{"not_picked":["Dodge and Roll"],"picked":"SKIP","floor":22},{"not_picked":["Accuracy"],"picked":"SKIP","floor":30},{"not_picked":["Finisher+1"],"picked":"SKIP","floor":31},{"not_picked":[],"picked":"Wraith Form v2","floor":33},{"not_picked":["Deadly Poison"],"picked":"SKIP","floor":35},{"not_picked":[],"picked":"PanicButton","floor":36},{"not_picked":["Slice"],"picked":"SKIP","floor":37},{"not_picked":["Riddle With Holes"],"picked":"SKIP","floor":41}],"player_experience":1126322,"relics_obtained":[{"floor":4,"key":"Pantograph"},{"floor":7,"key":"Bottled Lightning"},{"floor":9,"key":"Happy Flower"},{"floor":26,"key":"Ornamental Fan"},{"floor":30,"key":"Ninja Scroll"},{"floor":38,"key":"Calipers"},{"floor":43,"key":"Dream Catcher"}],"event_choices":[{"damage_healed":0,"gold_gain":0,"player_choice":"Entered Light","damage_taken":14,"max_hp_gain":0,"max_hp_loss":0,"event_name":"Shining Light","floor":13,"gold_loss":0,"cards_upgraded":["Cloak And Dagger","Defend_G"]},{"damage_healed":0,"gold_gain":0,"player_choice":"Obtained Relic","damage_taken":0,"relics_obtained":["Blue Candle"],"max_hp_gain":0,"max_hp_loss":0,"event_name":"Addict","floor":19,"gold_loss":85},{"damage_healed":0,"gold_gain":0,"player_choice":"Copied","damage_taken":0,"max_hp_gain":0,"max_hp_loss":0,"event_name":"Duplicator","floor":20,"gold_loss":0,"cards_obtained":["Catalyst"]},{"damage_healed":0,"gold_gain":0,"player_choice":"Trade","damage_taken":0,"relics_obtained":["CultistMask"],"max_hp_gain":0,"max_hp_loss":0,"event_name":"FaceTrader","floor":27,"gold_loss":0},{"damage_healed":0,"gold_gain":0,"player_choice":"Memory 1","damage_taken":0,"max_hp_gain":0,"max_hp_loss":0,"event_name":"SensoryStone","floor":36,"gold_loss":0},{"damage_healed":0,"gold_gain":0,"player_choice":"Fight","damage_taken":0,"max_hp_gain":0,"max_hp_loss":0,"event_name":"MindBloom","floor":38,"gold_loss":0},{"damage_healed":0,"gold_gain":0,"cards_transformed":["Strike_G","Strike_G"],"player_choice":"Transformed Cards","damage_taken":0,"max_hp_gain":0,"max_hp_loss":0,"event_name":"Designer","floor":39,"gold_loss":60,"cards_obtained":["Skewer","Leg Sweep"]}],"is_beta":false,"boss_relics":[{"not_picked":["Fusion Hammer","Ectoplasm"],"picked":"Snecko Eye"},{"not_picked":["Runic Pyramid","Coffee Dripper"],"picked":"SacredBark"}],"items_purged_floors":[24],"is_endless":false,"potions_floor_spawned":[3,7,11,14,16,30,31,33,35],"killed_by":"Sphere and 2 Shapes","ascension_level":13}}