{"host":"qrjxgo49ov8bsko8","time":1613074840,"event":{"mods":["BaseMod","Curses Come First","Minty Spire (QoL Compilation)","Relic Stats","Slay-I","Spire Arcade","StSLib"],"gold_per_floor":[117,292,225,245,257,270,270,290,290,290,290,306,0,15,15,115,115,133,133,133,153,127,127,127],"floor_reached":23,"language":"ENG","playtime":1066,"items_purged":[],"score":183,"play_id":"40a74d6c-a3e0-4578-a0f4-29a697088a92","local_time":"20210211152040","is_ascension_mode":false,"campfire_choices":[{"floor":11,"key":"REST"},{"floor":15,"key":"REST"}],"circlet_count":0,"master_deck":["Strike_R","Strike_R","Strike_R","Strike_R","Strike_R","Defend_R","Defend_R","Defend_R","Defend_R","Bash","Fire Breathing+1","Doubt","Body Slam","Rampage","Dropkick","True Grit","Shrug It Off","Cleave","Armaments","Cleave","Reaper","Shockwave","Thunderclap"],"relics":["Burning Blood","Dream Catcher","Omamori","Regal Pillow","Blood Vial","Black Star","Nilry\u0027s Codex"],"acts_visited":["Exordium","TheCity"],"potions_floor_usage":[16,16,16,21],"damage_taken":[{"damage":7,"enemies":"Small Slimes","floor":1,"turns":4},{"damage":13,"enemies":"Cultist","floor":4,"turns":6},{"damage":1,"enemies":"2 Louse","floor":5,"turns":3},{"damage":33,"enemies":"Exordium Wildlife","floor":6,"turns":7},{"damage":51,"enemies":"Gremlin Gang","floor":8,"turns":6},{"damage":5,"enemies":"2 Fungi Beasts","floor":12,"turns":4},{"damage":2,"enemies":"Blue Slaver","floor":14,"turns":5},{"damage":68,"enemies":"The Guardian","floor":16,"turns":17},{"damage":71,"enemies":"3 Byrds","floor":18,"turns":7},{"damage":5,"enemies":"Chosen","floor":21,"turns":4},{"damage":12,"enemies":"Gremlin Leader","floor":23,"turns":1}],"seed_played":"1630782739277275156","potions_obtained":[{"floor":5,"key":"Regen Potion"},{"floor":6,"key":"HeartOfIron"},{"floor":14,"key":"PowerPotion"},{"floor":16,"key":"Swift Potion"}],"is_trial":false,"path_per_floor":["M","?","?","M","M","M","?","M","T","?","R","M","$","M","R","B",null,"M","?","?","M","$","E"],"character_chosen":"IRONCLAD","items_purchased":["Regal Pillow","Blood Vial","Thunderclap"],"campfire_rested":2,"item_purchase_floors":[13,13,22],"current_hp_per_floor":[87,87,87,80,85,58,58,13,13,13,39,40,40,46,87,36,88,23,23,7,10,10,0,0],"gold":127,"neow_bonus":"TEN_PERCENT_HP_BONUS","is_daily":false,"chose_seed":false,"campfire_upgraded":0,"win_rate":0.0,"timestamp":1613074840,"path_taken":["M","?","?","?","M","M","?","?","T","?","R","M","?","?","R","BOSS","M","?","?","M","$","E"],"items_purchased_type":["Relic","Relic","Card"],"build_version":"2020-12-22","purchased_purges":0,"victory":false,"max_hp_per_floor":[88,88,88,88,88,88,88,88,88,88,88,88,88,88,88,88,88,88,88,88,88,88,88,88],"relic_stats":{"Blood Vial":7,"Dream Catcher":2,"Regal Pillow":15,"counters":[11,64],"Black Star":0,"obtain_stats":[{"Blood Vial":13,"Dream Catcher":3,"Regal Pillow":13,"Nilry\u0027s Codex":20,"Omamori":9,"Black Star":17,"Burning Blood":0},{"Blood Vial":6,"Dream Catcher":1,"Regal Pillow":6,"Nilry\u0027s Codex":9,"Omamori":5,"Black Star":8,"Burning Blood":0},{"Blood Vial":30,"Dream Catcher":4,"Regal Pillow":30,"Nilry\u0027s Codex":59,"Omamori":26,"Black Star":52,"Burning Blood":0}],"Burning Blood":60},"card_choices":[{"not_picked":["Body Slam","Havoc"],"picked":"Fire Breathing","floor":1},{"not_picked":["Bloodletting","Clothesline"],"picked":"Body Slam","floor":4},{"not_picked":["Perfected Strike","Body Slam"],"picked":"Rampage","floor":5},{"not_picked":["Pommel Strike","Armaments"],"picked":"Dropkick","floor":6},{"not_picked":["Combust","Entrench"],"picked":"True Grit","floor":8},{"not_picked":["Warcry","Flame Barrier"],"picked":"Shrug It Off","floor":11},{"not_picked":["Rage","Iron Wave"],"picked":"Cleave","floor":12},{"not_picked":["Pummel","Rage"],"picked":"Armaments","floor":14},{"not_picked":["Shockwave","Heavy Blade"],"picked":"Cleave","floor":15},{"not_picked":["Limit Break","Exhume"],"picked":"Reaper","floor":16},{"not_picked":["Perfected Strike","Dual Wield","Evolve+1"],"picked":"SKIP","floor":18},{"not_picked":["Seeing Red","Hemokinesis"],"picked":"Shockwave","floor":21}],"player_experience":496781,"relics_obtained":[{"floor":9,"key":"Omamori"},{"floor":20,"key":"Nilry\u0027s Codex"}],"event_choices":[{"damage_healed":0,"gold_gain":175,"player_choice":"AGREE","damage_taken":0,"max_hp_gain":0,"max_hp_loss":0,"event_name":"Liars Game","floor":2,"gold_loss":0,"cards_obtained":["Doubt"]},{"damage_healed":0,"gold_gain":0,"player_choice":"Paid Gold","damage_taken":0,"relics_obtained":["Dream Catcher"],"max_hp_gain":0,"max_hp_loss":0,"event_name":"WeMeetAgain","floor":3,"gold_loss":67},{"damage_healed":0,"gold_gain":0,"player_choice":"Ignored","damage_taken":0,"max_hp_gain":0,"max_hp_loss":0,"event_name":"NoteForYourself","floor":7,"gold_loss":0},{"damage_healed":0,"gold_gain":0,"player_choice":"Grow","damage_taken":0,"max_hp_gain":0,"max_hp_loss":0,"event_name":"Living Wall","floor":10,"gold_loss":0,"cards_upgraded":["Fire Breathing"]},{"damage_healed":0,"gold_gain":0,"player_choice":"Smashed Altar","damage_taken":0,"max_hp_gain":0,"max_hp_loss":0,"event_name":"Forgotten Altar","floor":19,"gold_loss":0,"cards_obtained":["Decay"]},{"damage_healed":0,"gold_gain":0,"player_choice":"Obtained Book","damage_taken":16,"max_hp_gain":0,"max_hp_loss":0,"event_name":"Cursed Tome","floor":20,"gold_loss":0}],"is_beta":false,"boss_relics":[{"not_picked":["Ectoplasm","Empty Cage"],"picked":"Black Star"}],"items_purged_floors":[],"is_endless":false,"potions_floor_spawned":[5,6,14,16],"killed_by":"Gremlin Leader","ascension_level":0}}