{"host":"lg52aq764g9v2r4m","time":1613058701,"event":{"mods":["2.2 Compatiblity","BaseMod","Minty Spire (QoL Compilation)"],"gold_per_floor":[112,187,187,3,17,17,36,36,59,20,20,34,53,67,67,67,67],"floor_reached":16,"language":"ENG","playtime":1172,"items_purged":["Strike_R"],"score":101,"play_id":"1e53ed73-0868-492b-98c3-45c09c30855c","local_time":"20210211105141","is_ascension_mode":true,"campfire_choices":[{"floor":6,"key":"REST"},{"data":"Heavy Blade","floor":8,"key":"SMITH"},{"data":"Seeing Red","floor":11,"key":"SMITH"},{"floor":15,"key":"REST"}],"circlet_count":0,"master_deck":["Strike_R","Strike_R","Strike_R","Strike_R","Defend_R","Defend_R","Defend_R","Defend_R","Bash","Burning Pact","Inflame","Seeing Red+1","Dark Embrace","Heavy Blade+1","Combust","Heavy Blade","Barricade","Perfected Strike"],"relics":["Burning Blood","Letter Opener","Omamori"],"acts_visited":["Exordium"],"potions_floor_usage":[],"damage_taken":[{"damage":10,"enemies":"2 Louse","floor":1,"turns":3},{"damage":19,"enemies":"Jaw Worm","floor":5,"turns":3},{"damage":11,"enemies":"Cultist","floor":7,"turns":4},{"damage":17,"enemies":"Looter","floor":12,"turns":3},{"damage":22,"enemies":"Red Slaver","floor":13,"turns":4},{"damage":25,"enemies":"3 Louse","floor":14,"turns":4},{"damage":55,"enemies":"Slime Boss","floor":16,"turns":7}],"seed_played":"9062464181443470832","potions_obtained":[{"floor":5,"key":"LiquidMemories"},{"floor":12,"key":"Explosive Potion"},{"floor":13,"key":"LiquidMemories"}],"is_trial":false,"path_per_floor":["M","?","?","$","M","R","M","R","T","$","R","M","M","M","R","B"],"character_chosen":"IRONCLAD","items_purchased":["Inflame","Seeing Red","Combust"],"campfire_rested":2,"item_purchase_floors":[4,4,10],"current_hp_per_floor":[84,73,61,61,48,74,69,69,69,69,69,58,42,23,49,0,0],"gold":67,"neow_bonus":"TEN_PERCENT_HP_BONUS","is_daily":false,"chose_seed":false,"campfire_upgraded":2,"win_rate":0.0,"timestamp":1613058701,"path_taken":["M","?","?","?","M","R","M","R","T","$","R","M","?","M","R","BOSS"],"items_purchased_type":["Card","Card","Card"],"build_version":"2020-12-22","purchased_purges":1,"victory":false,"max_hp_per_floor":[88,88,88,88,88,88,88,88,88,88,88,88,88,88,88,88,88],"card_choices":[{"not_picked":["Clothesline","Hemokinesis"],"picked":"Burning Pact","floor":1},{"not_picked":["Shrug It Off","Clothesline"],"picked":"Dark Embrace","floor":5},{"not_picked":["Armaments","Sever Soul"],"picked":"Heavy Blade","floor":7},{"not_picked":["Sword Boomerang","Shrug It Off"],"picked":"Heavy Blade","floor":12},{"not_picked":["Pummel","Ghostly Armor"],"picked":"Barricade","floor":13},{"not_picked":["Battle Trance","Twin Strike"],"picked":"Perfected Strike","floor":14}],"player_experience":70228,"relics_obtained":[{"floor":9,"key":"Omamori"}],"event_choices":[{"damage_healed":0,"gold_gain":75,"player_choice":"Gather Gold","damage_taken":11,"max_hp_gain":0,"max_hp_loss":0,"event_name":"World of Goop","floor":2,"gold_loss":0},{"damage_healed":0,"gold_gain":0,"player_choice":"Success","damage_taken":12,"relics_obtained":["Letter Opener"],"max_hp_gain":0,"max_hp_loss":0,"event_name":"Scrap Ooze","floor":3,"gold_loss":0}],"is_beta":false,"boss_relics":[],"items_purged_floors":[4],"is_endless":false,"potions_floor_spawned":[5,12,13],"killed_by":"Slime Boss","ascension_level":2}}