{"host":"vt6dr1xq3iy14a3e","time":1613056175,"event":{"mods":["AchievementEnabler","BaseMod","Colored Map","DeckTracker","Minty Spire (QoL Compilation)","Replay The Spire","StSLib","SuperFastMode"],"gold_per_floor":[111,124,143,153,168,168,203,203,227,241,268,268,286,300,300,404,404,417,433,433,433,433],"floor_reached":21,"language":"KOR","playtime":1198,"items_purged":[],"score":293,"play_id":"bff25399-bea6-4364-a93b-bd397259c01f","local_time":"20210212000935","is_ascension_mode":true,"campfire_choices":[{"data":"Masterful Stab","floor":6,"key":"SMITH"},{"data":"Footwork","floor":8,"key":"SMITH"},{"data":"Burst","floor":12,"key":"SMITH"}],"circlet_count":0,"master_deck":["AscendersBane","Survivor","Neutralize","Masterful Stab+1","PiercingWail","Well Laid Plans","Footwork+1","Blade Dance+1","Burst+1","Backflip","Tactician","Night Terror","Atom Bomb","Outmaneuver","Escape Plan","Die Die Die","ReplayTheSpireMod:Tripwire","Sneak Up","Cloak And Dagger","Finisher","Hidden Blade","Toxin Wave","Acrobatics","ReplayTheSpireMod:Speed Training"],"relics":["Runic Dome","Eternal Feather","Whetstone","Lantern","Pandora\u0027s Box"],"acts_visited":["Exordium","TheCity"],"potions_floor_usage":[7,7,11,21],"damage_taken":[{"damage":1,"enemies":"Cultist","floor":1,"turns":4},{"damage":3,"enemies":"2 Louse","floor":2,"turns":3},{"damage":3,"enemies":"Jaw Worm","floor":3,"turns":4},{"damage":3,"enemies":"Blue Slaver","floor":4,"turns":3},{"damage":6,"enemies":"3 Louse","floor":5,"turns":5},{"damage":16,"enemies":"Gremlin Nob","floor":7,"turns":4},{"damage":0,"enemies":"Lots of Slimes","floor":10,"turns":5},{"damage":8,"enemies":"Lagavulin","floor":11,"turns":8},{"damage":11,"enemies":"Exordium Thugs","floor":13,"turns":6},{"damage":8,"enemies":"Exordium Wildlife","floor":14,"turns":5},{"damage":27,"enemies":"The Guardian","floor":16,"turns":13},{"damage":17,"enemies":"Shell Parasite","floor":18,"turns":4},{"damage":1,"enemies":"2 Thieves","floor":19,"turns":3},{"damage":43,"enemies":"Masked Bandits","floor":21,"turns":4}],"seed_played":"-6573409652302290667","potions_obtained":[{"floor":1,"key":"Fire Potion"},{"floor":5,"key":"Weak Potion"},{"floor":10,"key":"Strength Potion"},{"floor":14,"key":"EssenceOfSteel"}],"is_trial":false,"path_per_floor":["M","M","M","M","M","R","E","R","T","M","E","R","M","M","R_BF","B",null,"M","M","?","?"],"character_chosen":"THE_SILENT","items_purchased":[],"campfire_rested":0,"item_purchase_floors":[],"current_hp_per_floor":[62,59,56,53,47,47,31,40,40,40,32,44,33,25,58,31,60,43,42,42,0,0],"gold":433,"neow_bonus":"BOSS_RELIC","is_daily":false,"chose_seed":false,"campfire_upgraded":3,"win_rate":0.0,"timestamp":1613056175,"path_taken":["M","M","?","M","M","R","E","R","T","M","E","R","M","M","R_BF","BOSS","M","M","?","?"],"items_purchased_type":[],"build_version":"2020-12-22","purchased_purges":0,"victory":false,"max_hp_per_floor":[70,70,70,70,70,70,70,70,70,70,70,70,70,70,70,70,70,70,70,70,70,70],"card_choices":[{"not_picked":["PiercingWail","Bane"],"picked":"Masterful Stab","floor":1},{"not_picked":["Bane","Flying Knee"],"picked":"PiercingWail","floor":2},{"not_picked":["Poisoned Stab","Hidden Blade"],"picked":"Deadly Poison","floor":3},{"not_picked":["Fluid Movement","Deadly Poison"],"picked":"Well Laid Plans","floor":4},{"not_picked":["ReplayTheSpireMod:The Works","PiercingWail","Flying Knee"],"picked":"SKIP","floor":5},{"not_picked":["Outmaneuver","Caltrops"],"picked":"Footwork","floor":7},{"not_picked":["Deflect","ReplayTheSpireMod:Necrosis"],"picked":"Blade Dance","floor":10},{"not_picked":["Cloak And Dagger","ReplayTheSpireMod:Shiv Toss"],"picked":"Burst","floor":11},{"not_picked":["Acrobatics","Deadly Poison"],"picked":"Backflip","floor":13},{"not_picked":["Backstab","Dagger Throw"],"picked":"Tactician","floor":14},{"not_picked":["Malaise","ReplayTheSpireMod:From All Sides"],"picked":"Night Terror","floor":16},{"not_picked":["Footwork","Dodge and Roll"],"picked":"Acrobatics","floor":18},{"not_picked":["Backflip","Underhanded Strike"],"picked":"ReplayTheSpireMod:Speed Training","floor":19}],"player_experience":1060686,"relics_obtained":[{"floor":7,"key":"Eternal Feather"},{"floor":9,"key":"Whetstone"},{"floor":11,"key":"Lantern"}],"event_choices":[{"cards_removed":["Deadly Poison"],"damage_healed":0,"gold_gain":0,"player_choice":"Elegance","damage_taken":0,"max_hp_gain":0,"max_hp_loss":0,"event_name":"Back to Basics","floor":20,"gold_loss":0},{"damage_healed":0,"gold_gain":0,"player_choice":"Fought Bandits","damage_taken":0,"max_hp_gain":0,"max_hp_loss":0,"event_name":"Masked Bandits","floor":21,"gold_loss":0}],"is_beta":false,"boss_relics":[{"not_picked":["Ectoplasm","Sozu"],"picked":"Pandora\u0027s Box"}],"items_purged_floors":[],"is_endless":false,"potions_floor_spawned":[1,5,10,14],"killed_by":"Masked Bandits","ascension_level":10}}