{"host":"sc0o2qwpf9j16a4i","time":1613071689,"event":{"mods":["AchievementEnabler","BaseMod","BetterRewards","Block Reminder","Colored Map","Colored Powertips","Custom Start","Highlight Path","Minty Spire (QoL Compilation)","Relic Stats"],"gold_per_floor":[159,40,40,91,167,167,251,251,251,293,371,446,524,524,524,856,856,911,911,161,213,213,294,294,294,320,362,68,158,158,236,236,236,236],"floor_reached":33,"language":"ENG","playtime":829,"items_purged":["Strike_G"],"score":452,"play_id":"471bd2eb-9062-42dc-b80f-2e538c38690e","local_time":"20210211212809","daily_mods":["Allstar","Flight","Midas"],"is_ascension_mode":false,"campfire_choices":[{"floor":6,"key":"REST"},{"floor":8,"key":"REST"},{"floor":15,"key":"REST"},{"floor":24,"key":"REST"},{"floor":32,"key":"REST"}],"circlet_count":0,"master_deck":["Strike_G","Strike_G","Strike_G","Strike_G","Defend_G+1","Defend_G","Defend_G","Defend_G","Defend_G","Survivor+1","Neutralize","Secret Weapon","Violence","Mind Blast","Dark Shackles","Magnetism","Quick Slash","Flying Knee","Dash","Dagger Spray","Cloak And Dagger","Poisoned Stab+1","Sucker Punch+1","Poisoned Stab+1","Footwork","Injury","CurseOfTheBell","Crippling Poison","Noxious Fumes","Dark Shackles","PiercingWail","Poisoned Stab+1","Dash+1","Pain","Bouncing Flask","Footwork","Quick Slash+1","Flying Knee+1","Calculated Gamble+1","Crippling Poison+1"],"relics":["Ring of the Snake","Molten Egg 2","Torii","Oddly Smooth Stone","Lantern","StrikeDummy","Strawberry","Bloody Idol","Calling Bell","Bag of Marbles","Eternal Feather","TungstenRod","Bird Faced Urn","War Paint","Anchor","WarpedTongs","Nunchaku","PreservedInsect","Pen Nib","Akabeko"],"acts_visited":["Exordium","TheCity"],"potions_floor_usage":[13,13,23,31,31,33],"damage_taken":[{"damage":4,"enemies":"Cultist","floor":1,"turns":5},{"damage":0,"enemies":"Jaw Worm","floor":4,"turns":4},{"damage":12,"enemies":"3 Sentries","floor":7,"turns":8},{"damage":0,"enemies":"Small Slimes","floor":10,"turns":3},{"damage":25,"enemies":"Gremlin Nob","floor":11,"turns":5},{"damage":0,"enemies":"Lagavulin","floor":12,"turns":7},{"damage":2,"enemies":"3 Sentries","floor":13,"turns":5},{"damage":8,"enemies":"Slime Boss","floor":16,"turns":8},{"damage":6,"enemies":"2 Thieves","floor":18,"turns":3},{"damage":6,"enemies":"Spheric Guardian","floor":21,"turns":4},{"damage":6,"enemies":"Slavers","floor":23,"turns":5},{"damage":0,"enemies":"Snake Plant","floor":27,"turns":2},{"damage":0,"enemies":"Gremlin Leader","floor":29,"turns":2},{"damage":0,"enemies":"Book of Stabbing","floor":31,"turns":3},{"damage":98,"enemies":"Collector","floor":33,"turns":7}],"seed_played":"1494406190118346864","potions_obtained":[{"floor":7,"key":"PowerPotion"},{"floor":10,"key":"SneckoOil"},{"floor":11,"key":"Energy Potion"},{"floor":16,"key":"AttackPotion"},{"floor":18,"key":"Strength Potion"},{"floor":23,"key":"Strength Potion"}],"is_trial":true,"path_per_floor":["M","$","?","M","T","R","E","R","T","M","E","E","E","?","R","B",null,"M","?","$","M","?","E","R","?","T","M","$","E","?","E","R","B"],"character_chosen":"THE_SILENT","items_purchased":["Flying Knee","Dash","Bird Faced Urn","Noxious Fumes","War Paint","Dark Shackles","PiercingWail","PreservedInsect","Footwork","Quick Slash+1","Flying Knee+1"],"campfire_rested":5,"item_purchase_floors":[2,2,20,20,20,20,20,28,28,28,28],"current_hp_per_floor":[66,66,66,66,66,70,58,70,70,70,45,45,50,50,73,65,77,71,71,71,67,67,66,77,77,77,77,77,77,77,77,77,0,0],"gold":236,"neow_bonus":"","is_daily":false,"chose_seed":false,"campfire_upgraded":0,"win_rate":0.0,"timestamp":1613071689,"path_taken":["M","$","?","?","?","R","E","R","T","M","E","E","E","?","R","BOSS","M","?","$","?","?","E","R","?","T","?","$","E","?","E","R","BOSS"],"items_purchased_type":["Card","Card","Relic","Card","Relic","Card","Card","Relic","Card","Card","Card"],"build_version":"2020-12-22","purchased_purges":1,"victory":false,"max_hp_per_floor":[70,70,70,70,70,70,70,70,70,70,70,70,77,77,77,77,77,77,77,77,77,77,77,77,77,77,77,77,77,77,77,77,77,77],"relic_stats":{"Torii":19,"counters":[15,71],"Eternal Feather":11,"PreservedInsect":87,"Pen Nib":[2],"War Paint":["Survivor","Defend_G"],"WarpedTongs":[14],"Nunchaku":[3],"Bloody Idol":5,"Bird Faced Urn":[2],"obtain_stats":[{"Lantern":11,"Torii":7,"Golden Idol":14,"Oddly Smooth Stone":9,"Eternal Feather":17,"PreservedInsect":28,"Pen Nib":29,"War Paint":20,"Akabeko":31,"WarpedTongs":25,"Calling Bell":17,"Anchor":23,"Nunchaku":26,"Strawberry":13,"Bird Faced Urn":20,"Bloody Idol":22,"Molten Egg 2":5,"Bag of Marbles":17,"StrikeDummy":12,"TungstenRod":17,"Ring of the Snake":0},{"Lantern":5,"Torii":3,"Golden Idol":7,"Oddly Smooth Stone":3,"Eternal Feather":8,"PreservedInsect":12,"Pen Nib":13,"War Paint":9,"Akabeko":14,"WarpedTongs":11,"Calling Bell":8,"Anchor":11,"Nunchaku":11,"Strawberry":7,"Bird Faced Urn":9,"Bloody Idol":10,"Molten Egg 2":2,"Bag of Marbles":8,"StrikeDummy":6,"TungstenRod":8,"Ring of the Snake":0},{"Lantern":25,"Torii":17,"Golden Idol":37,"Oddly Smooth Stone":17,"Eternal Feather":45,"PreservedInsect":59,"Pen Nib":61,"War Paint":48,"Akabeko":64,"WarpedTongs":57,"Calling Bell":45,"Anchor":57,"Nunchaku":57,"Strawberry":37,"Bird Faced Urn":48,"Bloody Idol":52,"Molten Egg 2":9,"Bag of Marbles":45,"StrikeDummy":32,"TungstenRod":45,"Ring of the Snake":0}],"TungstenRod":29,"Ring of the Snake":[30]},"card_choices":[{"not_picked":["Leg Sweep","Backflip"],"picked":"Quick Slash","floor":1},{"not_picked":["Calculated Gamble","Setup"],"picked":"Dagger Spray","floor":4},{"not_picked":["Infinite Blades","Storm of Steel"],"picked":"Cloak And Dagger","floor":7},{"not_picked":["Bouncing Flask","Eviscerate+1"],"picked":"Poisoned Stab+1","floor":10},{"not_picked":["Outmaneuver","Deadly Poison"],"picked":"Sucker Punch+1","floor":11},{"not_picked":["Quick Slash+1","Backflip"],"picked":"Poisoned Stab+1","floor":12},{"not_picked":["Cloak And Dagger","Quick Slash+1"],"picked":"Footwork","floor":13},{"not_picked":["Well Laid Plans","Dagger Throw+1"],"picked":"Crippling Poison","floor":18},{"not_picked":["Finisher+1","Backflip"],"picked":"Poisoned Stab+1","floor":21},{"not_picked":["Prepared","PiercingWail"],"picked":"Dash+1","floor":23},{"not_picked":["Bouncing Flask","Acrobatics","Eviscerate+1"],"picked":"SKIP","floor":27},{"not_picked":["Acrobatics","Eviscerate+1"],"picked":"Bouncing Flask","floor":27},{"not_picked":["Skewer+1","Underhanded Strike+1"],"picked":"Calculated Gamble+1","floor":29},{"not_picked":["Distraction","Flying Knee+1"],"picked":"Crippling Poison+1","floor":31}],"player_experience":1353161,"relics_obtained":[{"floor":5,"key":"Molten Egg 2"},{"floor":7,"key":"Torii"},{"floor":9,"key":"Oddly Smooth Stone"},{"floor":11,"key":"Lantern"},{"floor":12,"key":"StrikeDummy"},{"floor":13,"key":"Strawberry"},{"floor":17,"key":"Bag of Marbles"},{"floor":17,"key":"Eternal Feather"},{"floor":17,"key":"TungstenRod"},{"floor":23,"key":"Anchor"},{"floor":26,"key":"Nunchaku"},{"floor":29,"key":"Pen Nib"},{"floor":31,"key":"Akabeko"}],"event_choices":[{"damage_healed":0,"gold_gain":0,"player_choice":"Ignored","damage_taken":0,"max_hp_gain":0,"max_hp_loss":0,"event_name":"NoteForYourself","floor":3,"gold_loss":0},{"damage_healed":0,"gold_gain":0,"player_choice":"Take Wound","damage_taken":0,"relics_obtained":["Golden Idol"],"max_hp_gain":0,"max_hp_loss":0,"event_name":"Golden Idol","floor":14,"gold_loss":0,"cards_obtained":["Injury"]},{"damage_healed":0,"gold_gain":0,"player_choice":"Bought 0 Potions","damage_taken":0,"max_hp_gain":0,"max_hp_loss":0,"event_name":"The Woman in Blue","floor":19,"gold_loss":0},{"damage_healed":0,"gold_gain":0,"player_choice":"Gave Idol","damage_taken":0,"relics_obtained":["Bloody Idol"],"max_hp_gain":0,"max_hp_loss":0,"event_name":"Forgotten Altar","floor":22,"relics_lost":["Golden Idol"],"gold_loss":0},{"damage_healed":0,"gold_gain":0,"player_choice":"Rummage","damage_taken":0,"relics_obtained":["WarpedTongs"],"max_hp_gain":0,"max_hp_loss":0,"event_name":"Accursed Blacksmith","floor":25,"gold_loss":0,"cards_obtained":["Pain"]},{"damage_healed":0,"gold_gain":0,"player_choice":"Ignored","damage_taken":0,"max_hp_gain":0,"max_hp_loss":0,"event_name":"Ghosts","floor":30,"gold_loss":0}],"is_beta":false,"boss_relics":[{"not_picked":["Coffee Dripper","Ring of the Serpent"],"picked":"Calling Bell"}],"items_purged_floors":[20],"is_endless":false,"potions_floor_spawned":[7,10,11,16,18,23],"killed_by":"Collector","ascension_level":0}}