{"host":"5y2vm16xfq9gfmb2","time":1613083910,"event":{"mods":["AchievementEnabler","BaseMod","Better Third Choice","Colored Map","Colored Powertips","DeckTracker","Marisa????????","Minty Spire (QoL Compilation)","Rare Cards Sparkle","Relic Stats","StSLib","The Alterego","The Servant 0.9.4"],"gold_per_floor":[110,110,110,75,38,38,70,81,81,111,111,111,180,198,198,295,295,310,310,23,36,55,55,69,69,140,160,75,85,85,97,97,199,199,215,227,275,124,137,169,224,224,249,249,249,9,9,9,9,9],"floor_reached":51,"language":"ENG","playtime":3524,"items_purged":[],"score":806,"play_id":"0bb5e903-cd6e-4907-ac98-961395c59ba5","local_time":"20210211175150","is_ascension_mode":false,"campfire_choices":[{"data":"alterego_mod:Impale","floor":6,"key":"SMITH"},{"floor":11,"key":"REST"},{"floor":15,"key":"REST"},{"floor":23,"key":"REST"},{"floor":25,"key":"REST"},{"data":"Double Energy","floor":32,"key":"SMITH"},{"floor":42,"key":"REST"},{"floor":47,"key":"REST"},{"data":"Apotheosis","floor":49,"key":"SMITH"}],"circlet_count":0,"master_deck":["alterego_mod:Strike","alterego_mod:Strike","alterego_mod:Strike","alterego_mod:Strike","alterego_mod:Defend","alterego_mod:Defend","alterego_mod:Defend","alterego_mod:Defend","alterego_mod:Impale+1","alterego_mod:BigMeatyClaws","alterego_mod:BrynhildrsRune","Deep Breath","alterego_mod:Mirror","Double Energy+1","alterego_mod:Valentines","alterego_mod:SakuraFive","alterego_mod:DeftHands","Parasite","alterego_mod:Collar","alterego_mod:Lift","alterego_mod:Belts","Good Instincts","alterego_mod:Undulate","alterego_mod:BiFurious+1","alterego_mod:Exercise+1","alterego_mod:RidiculouslyBig+1","alterego_mod:Cooking","alterego_mod:Valkyrie","alterego_mod:AlterEgo","CurseOfTheBell","alterego_mod:Pet+1","alterego_mod:Nekomimi","alterego_mod:Support+1","alterego_mod:TrashNCrash","alterego_mod:Santa+1","alterego_mod:DeftHands","Dramatic Entrance","Apotheosis+1","Discovery"],"relics":["alterego_mod:MasochisticConstitution","Pocketwatch","Pen Nib","InkBottle","Nunchaku","SlaversCollar","Mango","Ornamental Fan","White Beast Statue","Calling Bell","Lantern","Pantograph","Calipers","CatCart","Lee\u0027s Waffle","Anchor","Gambling Chip","Regal Pillow","Bottled Lightning"],"acts_visited":["Exordium","TheCity","TheBeyond"],"potions_floor_usage":[16,16,22,33,33,33,36,37,37,37,37,37,37,41,41,50,50],"damage_taken":[{"damage":13,"enemies":"Small Slimes","floor":1,"turns":6},{"damage":44,"enemies":"3 Sentries","floor":7,"turns":8},{"damage":0,"enemies":"2 Louse","floor":8,"turns":2},{"damage":30,"enemies":"Lagavulin","floor":10,"turns":5},{"damage":0,"enemies":"Cultist","floor":14,"turns":2},{"damage":30,"enemies":"Slime Boss","floor":16,"turns":8},{"damage":51,"enemies":"Shell Parasite","floor":18,"turns":6},{"damage":20,"enemies":"3 Byrds","floor":21,"turns":3},{"damage":11,"enemies":"Snake Plant","floor":22,"turns":3},{"damage":21,"enemies":"Snecko","floor":24,"turns":4},{"damage":10,"enemies":"Cultist and Chosen","floor":27,"turns":7},{"damage":10,"enemies":"Shelled Parasite and Fungi","floor":29,"turns":4},{"damage":0,"enemies":"Snecko","floor":31,"turns":4},{"damage":0,"enemies":"Champ","floor":33,"turns":7},{"damage":62,"enemies":"3 Shapes","floor":35,"turns":5},{"damage":12,"enemies":"3 Darklings","floor":36,"turns":6},{"damage":8,"enemies":"Orin","floor":37,"turns":6},{"damage":4,"enemies":"Maw","floor":39,"turns":11},{"damage":6,"enemies":"Giant Head","floor":40,"turns":9},{"damage":73,"enemies":"2 Orb Walkers","floor":41,"turns":7},{"damage":55,"enemies":"Donu and Deca","floor":50,"turns":9}],"seed_played":"-6282716363096566537","potions_obtained":[{"floor":10,"key":"Energy Potion"},{"floor":14,"key":"ColorlessPotion"},{"floor":21,"key":"FearPotion"},{"floor":29,"key":"EntropicBrew"},{"floor":31,"key":"EntropicBrew"},{"floor":33,"key":"FearPotion"},{"floor":35,"key":"SkillPotion"},{"floor":36,"key":"ColorlessPotion"},{"floor":37,"key":"Swift Potion"},{"floor":39,"key":"SteroidPotion"},{"floor":40,"key":"Fire Potion"},{"floor":41,"key":"LiquidMemories"}],"is_trial":false,"path_per_floor":["M","?","?","?","$","R","E","M","T","E","R","?","?","M","R","B",null,"M","?","$","M","M","R","M","R","T","M","?","M","?","M","R","B",null,"M","M","?","$","M","E","?","R","T","?","?","$","R","$","R","B",null],"character_chosen":"The_Alterego","items_purchased":["alterego_mod:Valentines","Mango","Lee\u0027s Waffle","Bottled Lightning"],"campfire_rested":6,"item_purchase_floors":[5,20,38,46],"current_hp_per_floor":[68,33,56,71,71,71,42,42,42,13,34,52,52,52,73,44,74,24,24,38,19,16,43,23,50,50,48,48,39,70,77,77,87,94,46,38,48,104,101,99,37,69,69,69,59,59,106,106,106,57],"gold":9,"neow_bonus":"RANDOM_COLORLESS","is_daily":false,"chose_seed":false,"campfire_upgraded":3,"win_rate":0.0,"timestamp":1613083910,"path_taken":["M","?","?","?","?","R","E","?","T","E","R","?","?","M","R","BOSS","M","?","?","M","M","R","M","R","T","?","?","M","?","M","R","BOSS","M","M","?","?","M","E","?","R","T","?","?","$","R","$","R","BOSS"],"items_purchased_type":["Card","Relic","Relic","Relic"],"build_version":"2020-12-22","purchased_purges":0,"victory":true,"max_hp_per_floor":[71,71,71,71,71,71,72,72,72,73,73,73,73,73,73,74,74,75,75,89,90,91,91,92,92,92,93,93,94,94,94,94,94,94,95,96,97,104,105,106,107,107,107,107,107,107,107,107,107,108],"relic_stats":{"Nunchaku":[32],"Lee\u0027s Waffle":56,"Regal Pillow":15,"counters":[21,122],"Ornamental Fan":[240],"Pantograph":1,"Gambling Chip":[3],"Pen Nib":[34],"obtain_stats":[{"alterego_mod:MasochisticConstitution":0,"Lantern":34,"Lee\u0027s Waffle":38,"Regal Pillow":43,"Calipers":34,"Mango":20,"Pen Nib":7,"White Beast Statue":28,"Calling Bell":34,"SlaversCollar":17,"Nunchaku":10,"Anchor":40,"Ornamental Fan":26,"Pantograph":34,"Gambling Chip":41,"Bottled Lightning":46,"CatCart":37,"InkBottle":9,"Pocketwatch":2},{"alterego_mod:MasochisticConstitution":0,"Lantern":14,"Lee\u0027s Waffle":17,"Regal Pillow":20,"Calipers":14,"Mango":7,"Pen Nib":2,"White Beast Statue":11,"Calling Bell":14,"SlaversCollar":6,"Nunchaku":4,"Anchor":19,"Ornamental Fan":10,"Pantograph":14,"Gambling Chip":20,"Bottled Lightning":20,"CatCart":17,"InkBottle":3,"Pocketwatch":1},{"alterego_mod:MasochisticConstitution":0,"Lantern":69,"Lee\u0027s Waffle":86,"Regal Pillow":113,"Calipers":69,"Mango":37,"Pen Nib":14,"White Beast Statue":54,"Calling Bell":69,"SlaversCollar":31,"Nunchaku":21,"Anchor":106,"Ornamental Fan":47,"Pantograph":69,"Gambling Chip":113,"Bottled Lightning":113,"CatCart":86,"InkBottle":16,"Pocketwatch":6}],"InkBottle":[57],"Pocketwatch":[96]},"card_choices":[{"not_picked":["Forethought","Purity"],"picked":"Deep Breath","floor":0},{"not_picked":["alterego_mod:PerceptionDisorder","alterego_mod:HighServant"],"picked":"alterego_mod:Mirror","floor":1},{"not_picked":["alterego_mod:MagicResistance","alterego_mod:ChallengeComplete"],"picked":"alterego_mod:SakuraFive","floor":7},{"not_picked":["alterego_mod:Mirror","alterego_mod:Bloomers"],"picked":"alterego_mod:Santa","floor":8},{"not_picked":["alterego_mod:GoddessCore","alterego_mod:Punishment"],"picked":"alterego_mod:DeftHands","floor":10},{"not_picked":["alterego_mod:DiscoLights","alterego_mod:Cooking"],"picked":"alterego_mod:Collar","floor":14},{"not_picked":["alterego_mod:Rake","alterego_mod:Tantrum"],"picked":"alterego_mod:Lift","floor":16},{"not_picked":["alterego_mod:Maid","alterego_mod:Bloomers+1"],"picked":"alterego_mod:Belts","floor":18},{"not_picked":["alterego_mod:MagicResistance","alterego_mod:BeGentle"],"picked":"alterego_mod:Undulate","floor":21},{"not_picked":["alterego_mod:Jiggle","alterego_mod:Table+1"],"picked":"alterego_mod:BiFurious+1","floor":22},{"not_picked":["alterego_mod:DustData","alterego_mod:Collar"],"picked":"alterego_mod:Exercise+1","floor":24},{"not_picked":["alterego_mod:Complex","alterego_mod:Skirt"],"picked":"alterego_mod:RidiculouslyBig+1","floor":27},{"not_picked":["alterego_mod:Jiggle","alterego_mod:Mirror"],"picked":"alterego_mod:Cooking","floor":29},{"not_picked":["alterego_mod:ChallengeComplete","alterego_mod:Undulate+1"],"picked":"alterego_mod:Valkyrie","floor":31},{"not_picked":["alterego_mod:Lift","alterego_mod:Alter"],"picked":"alterego_mod:AlterEgo","floor":33},{"not_picked":["alterego_mod:BoobPocket","alterego_mod:Maid"],"picked":"alterego_mod:Pet+1","floor":35},{"not_picked":["alterego_mod:Skirt+1","alterego_mod:TrashNCrash+1"],"picked":"alterego_mod:Nekomimi","floor":36},{"not_picked":["alterego_mod:PainIsPleasure","alterego_mod:PresenceConcealment+1"],"picked":"alterego_mod:Support+1","floor":37},{"not_picked":["alterego_mod:Table","alterego_mod:Bounce+1"],"picked":"alterego_mod:TrashNCrash","floor":39},{"not_picked":["alterego_mod:Jiggle","alterego_mod:Complex+1"],"picked":"alterego_mod:Santa+1","floor":40},{"not_picked":["alterego_mod:Skirt+1","alterego_mod:BiFurious"],"picked":"alterego_mod:DeftHands","floor":41},{"not_picked":["Madness","Finesse"],"picked":"Dramatic Entrance","floor":45},{"not_picked":["Metamorphosis","Sadistic Nature"],"picked":"Apotheosis","floor":45},{"not_picked":["PanicButton","Panacea"],"picked":"Discovery","floor":45}],"player_experience":33597,"relics_obtained":[{"floor":7,"key":"Pen Nib"},{"floor":9,"key":"InkBottle"},{"floor":10,"key":"Nunchaku"},{"floor":26,"key":"Ornamental Fan"},{"floor":34,"key":"Lantern"},{"floor":34,"key":"Pantograph"},{"floor":34,"key":"Calipers"},{"floor":37,"key":"CatCart"},{"floor":40,"key":"Anchor"},{"floor":41,"key":"Gambling Chip"},{"floor":43,"key":"Regal Pillow"}],"event_choices":[{"damage_healed":23,"gold_gain":0,"player_choice":"Banana","damage_taken":0,"max_hp_gain":0,"max_hp_loss":0,"event_name":"Big Fish","floor":3,"gold_loss":0},{"damage_healed":17,"gold_gain":0,"player_choice":"Healed","damage_taken":0,"max_hp_gain":0,"max_hp_loss":0,"event_name":"The Cleric","floor":4,"gold_loss":35},{"damage_healed":18,"gold_gain":0,"player_choice":"Healed and dodged fight","damage_taken":0,"max_hp_gain":0,"max_hp_loss":0,"event_name":"Mushrooms","floor":12,"gold_loss":0,"cards_obtained":["Parasite"]},{"damage_healed":0,"gold_gain":69,"player_choice":"Gained Gold","damage_taken":0,"max_hp_gain":0,"max_hp_loss":0,"event_name":"Golden Wing","floor":13,"gold_loss":0},{"damage_healed":0,"gold_gain":0,"player_choice":"1 cards matched","damage_taken":0,"max_hp_gain":0,"max_hp_loss":0,"event_name":"Match and Keep!","floor":19,"gold_loss":0,"cards_obtained":["Good Instincts"]},{"damage_healed":0,"gold_gain":0,"player_choice":"Obtained Relic","damage_taken":0,"relics_obtained":["White Beast Statue"],"max_hp_gain":0,"max_hp_loss":0,"event_name":"Addict","floor":28,"gold_loss":85},{"damage_healed":31,"gold_gain":0,"player_choice":"Heal","damage_taken":0,"max_hp_gain":0,"max_hp_loss":0,"event_name":"The Library","floor":30,"gold_loss":0},{"damage_healed":0,"gold_gain":0,"player_choice":"Fight","damage_taken":0,"max_hp_gain":0,"max_hp_loss":0,"event_name":"OrinTheCat","floor":37,"gold_loss":0},{"damage_healed":0,"gold_gain":0,"player_choice":"Fight","damage_taken":0,"max_hp_gain":0,"max_hp_loss":0,"event_name":"Mysterious Sphere","floor":41,"gold_loss":0},{"cards_removed":["alterego_mod:Santa"],"damage_healed":0,"gold_gain":0,"player_choice":"Removed Skill","damage_taken":0,"max_hp_gain":0,"max_hp_loss":0,"event_name":"Falling","floor":44,"gold_loss":0},{"damage_healed":0,"gold_gain":0,"player_choice":"Memory 3","damage_taken":10,"max_hp_gain":0,"max_hp_loss":0,"event_name":"SensoryStone","floor":45,"gold_loss":0}],"is_beta":false,"boss_relics":[{"not_picked":["Velvet Choker","Coffee Dripper"],"picked":"SlaversCollar"},{"not_picked":["Philosopher\u0027s Stone","SacredBark"],"picked":"Calling Bell"}],"items_purged_floors":[],"is_endless":false,"potions_floor_spawned":[10,14,21,29,31,33,35,36,37,39,40,41],"ascension_level":0}}