{"host":"6a9c3xws62y7efyw","time":1613013182,"event":{"mods":["BaseMod","Colored Map","Minty Spire (QoL Compilation)","Relic Stats","StSLib"],"gold_per_floor":[16,29,44,58,71,71,98,98,98,98,173,183,217,217,217,290,290,270,16,16,16,16,16,16,16,16,16,16,16,16,16,16,16,16,16,16,16,16,16,16,16,16,16,16,16,16,16,16,16,16,16,16,16,16,16,16,16],"floor_reached":56,"language":"ENG","playtime":3049,"items_purged":[],"score":2111,"play_id":"e7db0f00-400a-4305-bcd1-93ed5fc0188b","local_time":"20210210191302","is_ascension_mode":true,"campfire_choices":[{"data":"Blade Dance","floor":6.0,"key":"SMITH"},{"data":"Predator","floor":8.0,"key":"SMITH"},{"data":"Neutralize","floor":10.0,"key":"SMITH"},{"floor":15.0,"key":"REST"},{"data":"Wraith Form v2","floor":24.0,"key":"SMITH"},{"data":"A Thousand Cuts","floor":32.0,"key":"SMITH"},{"floor":46.0,"key":"RECALL"},{"data":"Burst","floor":49.0,"key":"SMITH"},{"data":"Leg Sweep","floor":53.0,"key":"SMITH"}],"circlet_count":0,"master_deck":["AscendersBane","Strike_G","Strike_G","Strike_G","Defend_G","Defend_G","Defend_G","Defend_G","Defend_G","Survivor","Neutralize+1","Blade Dance+1","Predator+1","Quick Slash","Endless Agony","Bullet Time","Backflip","Wraith Form v2+1","Footwork+1","Backflip","Acrobatics","Bullet Time","Bane","All Out Attack","All Out Attack+1","Well Laid Plans+1","Poisoned Stab","A Thousand Cuts+1","Predator+1","Burst+1","CurseOfTheBell","Blade Dance","Leg Sweep+1","Escape Plan+1","Cloak And Dagger"],"relics":["Ring of the Snake","Du-Vu Doll","Ornamental Fan","Vajra","Bag of Preparation","Ectoplasm","Snake Skull","Shuriken","MawBank","PreservedInsect","Calling Bell","Blood Vial","Meat on the Bone","Pocketwatch","Thread and Needle","Happy Flower","Pantograph","Nunchaku","StrikeDummy"],"acts_visited":["Exordium","TheCity","TheBeyond","TheEnding"],"potions_floor_usage":[55],"damage_taken":[{"damage":2.0,"enemies":"Jaw Worm","floor":1.0,"turns":4.0},{"damage":4.0,"enemies":"2 Louse","floor":2.0,"turns":3.0},{"damage":0.0,"enemies":"Small Slimes","floor":3.0,"turns":2.0},{"damage":0.0,"enemies":"Exordium Thugs","floor":4.0,"turns":4.0},{"damage":6.0,"enemies":"Exordium Wildlife","floor":5.0,"turns":3.0},{"damage":11.0,"enemies":"Gremlin Nob","floor":7.0,"turns":3.0},{"damage":0.0,"enemies":"Lots of Slimes","floor":12.0,"turns":3.0},{"damage":1.0,"enemies":"3 Sentries","floor":13.0,"turns":6.0},{"damage":11.0,"enemies":"Slime Boss","floor":16.0,"turns":6.0},{"damage":0.0,"enemies":"2 Thieves","floor":18.0,"turns":2.0},{"damage":0.0,"enemies":"Shell Parasite","floor":21.0,"turns":4.0},{"damage":0.0,"enemies":"3 Cultists","floor":22.0,"turns":4.0},{"damage":3.0,"enemies":"Book of Stabbing","floor":23.0,"turns":4.0},{"damage":0.0,"enemies":"Slavers","floor":25.0,"turns":3.0},{"damage":0.0,"enemies":"Shelled Parasite and Fungi","floor":27.0,"turns":4.0},{"damage":0.0,"enemies":"Snake Plant","floor":29.0,"turns":2.0},{"damage":0.0,"enemies":"Sentry and Sphere","floor":30.0,"turns":4.0},{"damage":0.0,"enemies":"Chosen and Byrds","floor":31.0,"turns":2.0},{"damage":20.0,"enemies":"Collector","floor":33.0,"turns":6.0},{"damage":1.0,"enemies":"3 Shapes","floor":35.0,"turns":3.0},{"damage":2.0,"enemies":"3 Darklings","floor":39.0,"turns":3.0},{"damage":0.0,"enemies":"Nemesis","floor":40.0,"turns":6.0},{"damage":0.0,"enemies":"Spire Growth","floor":41.0,"turns":3.0},{"damage":8.0,"enemies":"Jaw Worm Horde","floor":42.0,"turns":4.0},{"damage":0.0,"enemies":"Sphere and 2 Shapes","floor":44.0,"turns":4.0},{"damage":0.0,"enemies":"Giant Head","floor":45.0,"turns":4.0},{"damage":20.0,"enemies":"Nemesis","floor":47.0,"turns":5.0},{"damage":0.0,"enemies":"Writhing Mass","floor":48.0,"turns":5.0},{"damage":61.0,"enemies":"Time Eater","floor":50.0,"turns":12.0},{"damage":39.0,"enemies":"Awakened One","floor":51.0,"turns":10.0},{"damage":50,"enemies":"Shield and Spear","floor":55,"turns":3},{"damage":45,"enemies":"The Heart","floor":56,"turns":3}],"seed_played":"-7170051750719017163","potions_obtained":[{"floor":4.0,"key":"Strength Potion"},{"floor":5.0,"key":"Swift Potion"},{"floor":12.0,"key":"SkillPotion"},{"floor":16.0,"key":"DistilledChaos"},{"floor":21.0,"key":"Fire Potion"},{"floor":25.0,"key":"PowerPotion"},{"floor":31.0,"key":"DistilledChaos"},{"floor":45.0,"key":"Energy Potion"}],"is_trial":false,"path_per_floor":["M","M","M","M","M","R","E","R","T","R","?","M","E","?","R","B",null,"M","$","?","M","M","E","R","E","T","M","$","M","M","M","R","B",null,"M","?","T","$","M","E","M","M","T","M","E","R","E","M","R","B","B",null,"R","$","E","B"],"character_chosen":"THE_SILENT","items_purchased":["Snake Skull","Backflip","Acrobatics"],"campfire_rested":1,"item_purchase_floors":[19,19,19],"current_hp_per_floor":[57,53,53,53,47,47,36,36,36,36,25,25,24,6,25,14,53,53,53,53,53,53,50,50,50,50,50,50,50,50,50,50,30,57,58,58,58,58,58,60,62,56,56,58,60,60,42,44,44,17,17,54,54,54,18,0,0],"gold":16,"neow_bonus":"ONE_RARE_RELIC","is_daily":false,"chose_seed":false,"campfire_upgraded":7,"win_rate":0.0,"timestamp":1613013182,"path_taken":["M","M","M","M","M","R","E","R","T","R","?","M","E","?","R","BOSS","M","$","?","M","M","E","R","E","T","M","$","M","M","M","R","BOSS","M","?","?","?","?","E","M","M","T","M","E","R","E","M","R","BOSS","BOSS","R","$","E","BOSS"],"items_purchased_type":["Relic","Card","Card"],"build_version":"2020-12-22","purchased_purges":0,"victory":false,"max_hp_per_floor":[66,66,66,66,66,66,66,66,66,66,66,66,66,66,66,66,66,66,66,66,66,66,66,66,66,66,66,66,66,66,66,66,66,66,66,66,66,66,66,66,66,66,66,66,66,66,66,66,66,66,66,66,66,66,66,66,66],"relic_stats":{"Happy Flower":[17],"counters":[32,134],"Snake Skull":[17],"PreservedInsect":307,"Bag of Preparation":[48],"MawBank":0,"Blood Vial":24,"Nunchaku":[11],"Ornamental Fan":[372],"Shuriken":[70],"Pantograph":72,"Ectoplasm":927,"obtain_stats":[{"Happy Flower":40,"Vajra":9,"Thread and Needle":37,"Snake Skull":19,"PreservedInsect":26,"Bag of Preparation":13,"MawBank":25,"Du-Vu Doll":0,"Calling Bell":34,"Blood Vial":34,"Nunchaku":47,"Ornamental Fan":7,"Shuriken":23,"Pantograph":45,"Ectoplasm":17,"StrikeDummy":55,"Ring of the Snake":0,"Meat on the Bone":34,"Pocketwatch":34},{"Happy Flower":22,"Vajra":6,"Thread and Needle":20,"Snake Skull":10,"PreservedInsect":14,"Bag of Preparation":8,"MawBank":14,"Du-Vu Doll":0,"Calling Bell":19,"Blood Vial":19,"Nunchaku":27,"Ornamental Fan":6,"Shuriken":13,"Pantograph":26,"Ectoplasm":9,"StrikeDummy":31,"Ring of the Snake":0,"Meat on the Bone":19,"Pocketwatch":19},{"Happy Flower":81,"Vajra":19,"Thread and Needle":72,"Snake Skull":36,"PreservedInsect":51,"Bag of Preparation":28,"MawBank":51,"Du-Vu Doll":0,"Calling Bell":69,"Blood Vial":69,"Nunchaku":101,"Ornamental Fan":19,"Shuriken":48,"Pantograph":96,"Ectoplasm":34,"StrikeDummy":131,"Ring of the Snake":0,"Meat on the Bone":69,"Pocketwatch":69}],"Ring of the Snake":[66],"Meat on the Bone":36,"Pocketwatch":[33]},"card_choices":[{"not_picked":["Quick Slash","Slice"],"picked":"Blade Dance","floor":1.0},{"not_picked":["Finisher","Flying Knee"],"picked":"Predator","floor":2.0},{"not_picked":["Prepared","Underhanded Strike"],"picked":"Quick Slash","floor":3.0},{"not_picked":["Sucker Punch","Outmaneuver"],"picked":"Endless Agony","floor":4.0},{"not_picked":["PiercingWail","Slice"],"picked":"Bullet Time","floor":5.0},{"not_picked":["Deadly Poison","Sucker Punch","Outmaneuver"],"picked":"SKIP","floor":7.0},{"not_picked":["Terror","Concentrate"],"picked":"Backflip","floor":12.0},{"not_picked":["Bane","Sucker Punch"],"picked":"Terror","floor":13.0},{"not_picked":["Venomology","Bullet Time"],"picked":"Wraith Form v2","floor":16.0},{"not_picked":["Reflex","Blur"],"picked":"Footwork+1","floor":18.0},{"not_picked":["Dagger Throw","Poisoned Stab"],"picked":"All Out Attack","floor":21.0},{"not_picked":["Poisoned Stab","Underhanded Strike"],"picked":"All Out Attack+1","floor":22.0},{"not_picked":["Underhanded Strike","Deflect"],"picked":"Well Laid Plans+1","floor":23.0},{"not_picked":["Dagger Spray","Setup","Deadly Poison"],"picked":"SKIP","floor":25.0},{"not_picked":["Deadly Poison","Dodge and Roll"],"picked":"Poisoned Stab","floor":27.0},{"not_picked":["Acrobatics","Backflip"],"picked":"A Thousand Cuts","floor":29.0},{"not_picked":["Deadly Poison","Backflip"],"picked":"Predator+1","floor":30.0},{"not_picked":["Setup","Deadly Poison","Deflect"],"picked":"SKIP","floor":31.0},{"not_picked":["Die Die Die","Unload"],"picked":"Burst","floor":33.0},{"not_picked":["Dagger Throw","Outmaneuver"],"picked":"Blade Dance","floor":35.0},{"not_picked":["Blade Dance","Slice"],"picked":"Leg Sweep","floor":39.0},{"not_picked":["Flying Knee","Choke+1","Catalyst+1"],"picked":"SKIP","floor":40.0},{"not_picked":["Blade Dance","Distraction"],"picked":"Escape Plan+1","floor":41.0},{"not_picked":["Deadly Poison","Outmaneuver","Acrobatics"],"picked":"SKIP","floor":42.0},{"not_picked":["Footwork","Sucker Punch"],"picked":"Cloak And Dagger","floor":44.0},{"not_picked":["Quick Slash+1","Doppelganger","Choke"],"picked":"SKIP","floor":45.0},{"not_picked":["Dodge and Roll","Dagger Throw","PiercingWail"],"picked":"SKIP","floor":47.0},{"not_picked":["Backflip","Poisoned Stab","Prepared"],"picked":"SKIP","floor":48.0},{"not_picked":["Quick Slash","Heel Hook","Skewer"],"picked":"SKIP","floor":55}],"player_experience":1519754,"relics_obtained":[{"floor":7.0,"key":"Ornamental Fan"},{"floor":9.0,"key":"Vajra"},{"floor":13.0,"key":"Bag of Preparation"},{"floor":23.0,"key":"Shuriken"},{"floor":25.0,"key":"MawBank"},{"floor":26.0,"key":"PreservedInsect"},{"floor":34.0,"key":"Blood Vial"},{"floor":34.0,"key":"Meat on the Bone"},{"floor":34.0,"key":"Pocketwatch"},{"floor":37.0,"key":"Thread and Needle"},{"floor":40.0,"key":"Happy Flower"},{"floor":45.0,"key":"Pantograph"},{"floor":47.0,"key":"Nunchaku"},{"floor":55,"key":"StrikeDummy"}],"event_choices":[{"damage_healed":0.0,"max_hp_gain":0.0,"max_hp_loss":0.0,"gold_gain":75.0,"event_name":"World of Goop","player_choice":"Gather Gold","floor":11.0,"gold_loss":0.0,"damage_taken":11.0},{"damage_healed":0.0,"max_hp_gain":0.0,"max_hp_loss":0.0,"gold_gain":0.0,"event_name":"Scrap Ooze","player_choice":"Fled","floor":14.0,"gold_loss":0.0,"damage_taken":18.0},{"damage_healed":0.0,"max_hp_gain":0.0,"max_hp_loss":0.0,"gold_gain":0.0,"cards_transformed":["Strike_G","Strike_G"],"event_name":"Drug Dealer","player_choice":"Became Test Subject","floor":20.0,"gold_loss":0.0,"damage_taken":0.0,"cards_obtained":["Bullet Time","Bane"]},{"cards_removed":["Terror"],"damage_healed":0.0,"max_hp_gain":0.0,"max_hp_loss":0.0,"gold_gain":0.0,"event_name":"Falling","player_choice":"Removed Skill","floor":36.0,"gold_loss":0.0,"damage_taken":0.0}],"is_beta":false,"boss_relics":[{"not_picked":["SacredBark","Ring of the Serpent"],"picked":"Ectoplasm"},{"not_picked":["Runic Dome","SlaversCollar"],"picked":"Calling Bell"}],"items_purged_floors":[],"is_endless":false,"potions_floor_spawned":[4,5,12,16,21,25,31,35,39,45,47],"killed_by":"The Heart","ascension_level":20}}