{"host":"gaqyve1328ta0etl","time":1613056484,"event":{"mods":["BaseMod","Colored Map","Colored Powertips","Duelist Mod","Googly Eyes","Hero for Fun","Minty Spire (QoL Compilation)","Shop Mod","StSLib","SuperFastMode","The Hierophant","The Runesmith"],"gold_per_floor":[212,102,119,134,134,165,165,176,176,194,194,225,225,81,81,186,186,198,14,33,52,63,63,98,98,167,167,167,92,92,191,191,290,290,302,302,302],"floor_reached":36,"language":"ENG","playtime":2766,"items_purged":["Strike_B","Strike_B"],"score":660,"play_id":"11fdaa9c-627f-480a-81c1-d5cbacb690ae","local_time":"20210211071444","is_ascension_mode":true,"campfire_choices":[{"floor":7,"key":"REST"},{"floor":11,"key":"REST"},{"floor":13,"key":"REST"},{"floor":15,"key":"REST"},{"floor":23,"key":"REST"},{"floor":25,"key":"REST"},{"floor":28,"key":"REST"},{"data":"Reboot","floor":32,"key":"SMITH"}],"circlet_count":0,"master_deck":["AscendersBane","Strike_B","Defend_B","Defend_B","Defend_B","Defend_B","Zap","Dualcast+1","Gash","Skim+1","Doom and Gloom","Cold Snap","Sweeping Beam","Genetic Algorithm","Reboot+1","Hologram","Trip","Gash+1","Barrage+1","Scrape","Hologram","Seek","Glacier+1"],"relics":["Cracked Core","War Paint","InkBottle","TungstenRod","DataDisk","Inserter","StrikeDummy","Pear","Sozu"],"acts_visited":["Exordium","TheCity","TheBeyond"],"potions_floor_usage":[3,10,16,22,22,24,24],"damage_taken":[{"damage":1,"enemies":"Cultist","floor":1,"turns":3},{"damage":2,"enemies":"Jaw Worm","floor":3,"turns":3},{"damage":4,"enemies":"Small Slimes","floor":4,"turns":4},{"damage":60,"enemies":"Gremlin Nob","floor":6,"turns":5},{"damage":6,"enemies":"Looter","floor":8,"turns":4},{"damage":3,"enemies":"Blue Slaver","floor":10,"turns":2},{"damage":30,"enemies":"3 Sentries","floor":12,"turns":4},{"damage":0,"enemies":"Slime Boss","floor":16,"turns":8},{"damage":15,"enemies":"Spheric Guardian","floor":18,"turns":5},{"damage":9,"enemies":"Shell Parasite","floor":20,"turns":4},{"damage":8,"enemies":"Cultist and Chosen","floor":21,"turns":4},{"damage":0,"enemies":"Snake Plant","floor":22,"turns":2},{"damage":36,"enemies":"Slavers","floor":24,"turns":6},{"damage":64,"enemies":"Champ","floor":33,"turns":9},{"damage":36,"enemies":"3 Darklings","floor":35,"turns":5},{"damage":32,"enemies":"2 Orb Walkers","floor":36,"turns":4}],"seed_played":"-209872686557159154","potions_obtained":[{"floor":1,"key":"Explosive Potion"},{"floor":8,"key":"Fire Potion"},{"floor":10,"key":"FearPotion"},{"floor":16,"key":"Ancient Potion"},{"floor":20,"key":"EssenceOfSteel"},{"floor":21,"key":"Fire Potion"},{"floor":22,"key":"SkillPotion"}],"is_trial":false,"path_per_floor":["M","$","M","M","?","E","R","M","T","M","R","E","R","$","R","B",null,"M","$","M","M","M","R","E","R","T","?","R","?","$","?","R","B",null,"M","?"],"character_chosen":"DEFECT","items_purchased":["Skim","DataDisk","Trip"],"campfire_rested":7,"item_purchase_floors":[2,14,19],"current_hp_per_floor":[67,67,65,61,61,1,23,17,17,14,36,6,28,28,50,50,69,54,54,45,37,37,59,23,45,55,55,80,80,80,80,80,16,68,32,0,0],"gold":302,"neow_bonus":"HUNDRED_GOLD","is_daily":false,"chose_seed":false,"campfire_upgraded":1,"win_rate":0.0,"timestamp":1613056484,"path_taken":["M","$","?","M","?","E","R","?","T","M","R","E","R","$","R","BOSS","M","$","M","M","M","R","E","R","T","?","R","?","$","?","R","BOSS","M","?"],"items_purchased_type":["Card","Relic","Card"],"build_version":"2020-12-22","purchased_purges":2,"victory":false,"max_hp_per_floor":[75,75,75,75,75,75,75,75,75,75,75,75,75,75,75,75,75,75,75,75,75,75,75,75,75,85,85,85,85,85,85,85,85,85,85,85,85],"card_choices":[{"not_picked":["FTL","Hologram"],"picked":"Gash","floor":1},{"not_picked":["Stack","Go for the Eyes","Undo"],"picked":"SKIP","floor":3},{"not_picked":["BootSequence","Streamline","Compile Driver"],"picked":"SKIP","floor":4},{"not_picked":["Hologram","Double Energy"],"picked":"Doom and Gloom","floor":6},{"not_picked":["Hello World","Reinforced Body"],"picked":"Cold Snap","floor":8},{"not_picked":["Tempest","Steam"],"picked":"Sweeping Beam","floor":10},{"not_picked":["Compile Driver","Loop"],"picked":"Genetic Algorithm","floor":12},{"not_picked":["Hyperbeam","Fission"],"picked":"Reboot","floor":16},{"not_picked":["Reprogram","Redo"],"picked":"Hologram","floor":18},{"not_picked":["Turbo","Beam Cell"],"picked":"Gash+1","floor":20},{"not_picked":["Genetic Algorithm","Reinforced Body"],"picked":"Barrage+1","floor":21},{"not_picked":["Redo","Stack"],"picked":"Scrape","floor":22},{"not_picked":["Ball Lightning","Recycle"],"picked":"Hologram","floor":24},{"not_picked":["Thunder Strike","Biased Cognition"],"picked":"Seek","floor":33},{"not_picked":["Conserve Battery","Blizzard"],"picked":"Glacier+1","floor":35}],"player_experience":2114096,"relics_obtained":[{"floor":6,"key":"War Paint"},{"floor":9,"key":"InkBottle"},{"floor":12,"key":"TungstenRod"},{"floor":24,"key":"StrikeDummy"},{"floor":26,"key":"Pear"}],"event_choices":[{"damage_healed":0,"gold_gain":0,"player_choice":"0 cards matched","damage_taken":0,"max_hp_gain":0,"max_hp_loss":0,"event_name":"Match and Keep!","floor":5,"gold_loss":0,"cards_obtained":[]},{"damage_healed":0,"gold_gain":0,"player_choice":"Ignored","damage_taken":0,"max_hp_gain":0,"max_hp_loss":0,"event_name":"Vampires","floor":27,"gold_loss":0},{"cards_removed":["Strike_B"],"damage_healed":0,"gold_gain":0,"player_choice":"Gave Gold","damage_taken":0,"max_hp_gain":0,"max_hp_loss":0,"event_name":"Beggar","floor":29,"gold_loss":75},{"damage_healed":0,"gold_gain":99,"player_choice":"Stole From Cult","damage_taken":0,"max_hp_gain":0,"max_hp_loss":0,"event_name":"Nest","floor":31,"gold_loss":0},{"damage_healed":0,"gold_gain":0,"player_choice":"Fight","damage_taken":0,"max_hp_gain":0,"max_hp_loss":0,"event_name":"Mysterious Sphere","floor":36,"gold_loss":0}],"is_beta":false,"boss_relics":[{"not_picked":["Velvet Choker","Calling Bell"],"picked":"Inserter"},{"not_picked":["Fusion Hammer","Pandora\u0027s Box"],"picked":"Sozu"}],"items_purged_floors":[2,19],"is_endless":false,"potions_floor_spawned":[1,8,10,16,20,21,22],"killed_by":"2 Orb Walkers","ascension_level":10}}