{"host":"rtw1tnr74gozsrw1","time":1613015767,"event":{"mods":["BaseMod","Colored Map","Colored Powertips","Highlight Path","Infinite Spire","Minty Spire (QoL Compilation)","StSLib","The Jungle"],"gold_per_floor":[109,126,126,126,126,126,153,78,132,132,146,159,176,76,76,177,177,196,207,207,207,207,207,207,207],"floor_reached":24,"language":"ENG","playtime":787,"items_purged":["Strike_B","Defend_B"],"score":263,"play_id":"ae416f3c-189c-48ec-bf76-441bc2e0a965","local_time":"20210211045607","is_ascension_mode":true,"campfire_choices":[{"data":"Echo Form","floor":6,"key":"SMITH"},{"data":"Gash","floor":10,"key":"SMITH"},{"data":"Zap","floor":15,"key":"SMITH"},{"data":"Creative AI","floor":23,"key":"SMITH"}],"circlet_count":0,"master_deck":["Strike_B","Strike_B","Defend_B","Defend_B","Zap+1","Dualcast","Gash+1","Echo Form+1","Seek","Go for the Eyes","BootSequence","Steam","FTL","Creative AI+1","Loop","FTL","Defragment+1"],"relics":["Cracked Core","NeowsBlessing","Prayer Wheel","infinitespire:Satchel","Philosopher\u0027s Stone"],"acts_visited":["Exordium","TheCity"],"potions_floor_usage":[12,19,24],"damage_taken":[{"damage":0,"enemies":"Small Slimes","floor":1,"turns":1},{"damage":0,"enemies":"2 Louse","floor":2,"turns":1},{"damage":0,"enemies":"Gremlin Nob","floor":7,"turns":1},{"damage":4,"enemies":"Jaw Worm","floor":11,"turns":3},{"damage":1,"enemies":"Blue Slaver","floor":12,"turns":3},{"damage":0,"enemies":"2 Fungi Beasts","floor":13,"turns":4},{"damage":27,"enemies":"Slime Boss","floor":16,"turns":9},{"damage":12,"enemies":"Shell Parasite","floor":18,"turns":6},{"damage":0,"enemies":"Chosen","floor":19,"turns":5},{"damage":48,"enemies":"Book of Stabbing","floor":24,"turns":5}],"seed_played":"2406098048337214017","potions_obtained":[{"floor":2,"key":"Block Potion"},{"floor":12,"key":"EssenceOfSteel"},{"floor":13,"key":"Swift Potion"},{"floor":18,"key":"SneckoOil"},{"floor":19,"key":"LiquidBronze"}],"is_trial":false,"path_per_floor":["M","M","?","?","?","R","E","$","T","R","M","M","M","$","R","B",null,"M","M","?","?","?","R","E"],"character_chosen":"DEFECT","items_purchased":[],"campfire_rested":0,"item_purchase_floors":[],"current_hp_per_floor":[75,75,75,75,68,68,68,68,68,68,64,63,63,63,63,36,75,63,63,63,49,75,75,27,27],"gold":207,"neow_bonus":"THREE_ENEMY_KILL","is_daily":false,"chose_seed":false,"campfire_upgraded":4,"win_rate":0.0,"timestamp":1613015767,"path_taken":["M","M","?","?","?","R","E","?","T","R","M","M","M","$","R","BOSS","M","M","?","?","?","R","E"],"items_purchased_type":[],"build_version":"2020-12-22","purchased_purges":2,"victory":false,"max_hp_per_floor":[75,75,75,75,75,75,75,75,75,75,75,75,75,75,75,75,75,75,75,75,80,80,80,80,80],"card_choices":[{"not_picked":["Consume","Sweeping Beam"],"picked":"Gash","floor":1},{"not_picked":["Sweeping Beam","Compile Driver"],"picked":"Echo Form","floor":2},{"not_picked":["Ball Lightning","Sunder"],"picked":"Seek","floor":7},{"not_picked":["Rip and Tear","BootSequence"],"picked":"Go for the Eyes","floor":11},{"not_picked":["Compile Driver","Stack","Hello World"],"picked":"SKIP","floor":11},{"not_picked":["Rip and Tear","Compile Driver"],"picked":"BootSequence","floor":12},{"not_picked":["Force Field","Meteor Strike"],"picked":"Steam","floor":12},{"not_picked":["Go for the Eyes","Streamline"],"picked":"FTL","floor":13},{"not_picked":["Ball Lightning","Steam Power","Fusion"],"picked":"SKIP","floor":13},{"not_picked":["Amplify","Seek"],"picked":"Creative AI","floor":16},{"not_picked":["Hologram","Barrage"],"picked":"Loop","floor":18},{"not_picked":["Barrage","Leap"],"picked":"FTL","floor":18},{"not_picked":["Beam Cell","Conserve Battery"],"picked":"Defragment+1","floor":19},{"not_picked":["Redo","Creative AI","Barrage+1"],"picked":"SKIP","floor":19}],"player_experience":128209,"relics_obtained":[{"floor":7,"key":"Prayer Wheel"},{"floor":9,"key":"infinitespire:Satchel"}],"event_choices":[{"damage_healed":0,"gold_gain":0,"player_choice":"Ignored","damage_taken":0,"max_hp_gain":0,"max_hp_loss":0,"event_name":"Liars Game","floor":3,"gold_loss":0},{"damage_healed":0,"gold_gain":0,"player_choice":"Fled","damage_taken":0,"max_hp_gain":0,"max_hp_loss":0,"event_name":"Scrap Ooze","floor":4,"gold_loss":0},{"cards_removed":["Strike_B"],"damage_healed":0,"gold_gain":0,"player_choice":"Card Removal","damage_taken":7,"max_hp_gain":0,"max_hp_loss":0,"event_name":"Golden Wing","floor":5,"gold_loss":0},{"cards_removed":["Defend_B"],"damage_healed":0,"gold_gain":0,"player_choice":"Elegance","damage_taken":0,"max_hp_gain":0,"max_hp_loss":0,"event_name":"Back to Basics","floor":20,"gold_loss":0},{"damage_healed":0,"gold_gain":0,"player_choice":"Shed Blood","damage_taken":19,"max_hp_gain":5,"max_hp_loss":0,"event_name":"Forgotten Altar","floor":21,"gold_loss":0},{"damage_healed":26,"gold_gain":0,"player_choice":"Heal","damage_taken":0,"max_hp_gain":0,"max_hp_loss":0,"event_name":"The Library","floor":22,"gold_loss":0}],"is_beta":false,"boss_relics":[{"not_picked":["Busted Crown","Velvet Choker"],"picked":"Philosopher\u0027s Stone"}],"items_purged_floors":[8,14],"is_endless":false,"potions_floor_spawned":[2,12,13,18,19],"killed_by":"Book of Stabbing","ascension_level":4}}