{"host":"qgvpd00zvzorrg7j","time":1613063888,"event":{"mods":["BaseMod","Colored Map","Downfall","Minty Spire (QoL Compilation)","Quick Restart","StSLib"],"gold_per_floor":[99,118,28,28,13,163,163,163,177,177,197,97,112,97,113,212,212,212,227,6,6,33,53,53,70,70,70,70,70,70,97,111,216,216,216,91,91,91,91,91,117,152,242,310,321,221,221,221,240,240,240,240],"floor_reached":50,"language":"ENG","playtime":3587,"items_purged":["bronze:Defend","downfall:Icky","bronze:FindAndReplace"],"score":577,"play_id":"980ce05f-b20d-4448-82fb-bf168c4f8b02","local_time":"20210211121808","is_ascension_mode":false,"campfire_choices":[{"data":"bronze:Goto","floor":1.0,"key":"SMITH"},{"data":"bronze:CutThrough","floor":10.0,"key":"SMITH"},{"data":"bronze:CutThrough","floor":12.0,"key":"SMITH"},{"data":"bronze:HardenedForm","floor":18.0,"key":"SMITH"},{"data":"1","floor":27.0,"key":"LIFT"},{"data":"2","floor":35.0,"key":"LIFT"},{"data":"3","floor":40.0,"key":"LIFT"},{"data":"bronze:Virus","floor":46,"key":"SMITH"}],"circlet_count":0,"master_deck":["bronze:Replicate","bronze:Goto+1","bronze:DelayedGuard","bronze:CutThrough+1","bronze:CutThrough+1","bronze:Constructor","bronze:AlphaBuild","bronze:Iterate","bronze:HardenedForm+1","bronze:Backtrace","bronze:CleanCode","bronze:Virus+1","bronze:HardenedForm","bronze:Break","bronze:ChosenStrike","bronze:Overheat+1","CurseOfTheBell","CurseOfTheBell","bronze:Flail","bronze:GetLatest+1","bronze:Frontload+1","bronze:Goto+1","bronze:ChildClass+1"],"relics":["bronze:PlatinumCore","Vajra","downfall:HeartBlessingBlue","Pandora\u0027s Box","Juzu Bracelet","Girya","MutagenicStrength","Red Mask","Oddly Smooth Stone","downfall:ExtraCursedBell","Potion Belt","Letter Opener","Ginger","downfall:KnowingSkull","FossilizedHelix","Mercury Hourglass","bronze:BottledCode","Ancient Tea Set","Lantern","Incense Burner","Toxic Egg 2","downfall:HeartBlessingGreen"],"acts_visited":["Exordium","TheCity","TheBeyond"],"potions_floor_usage":[42,42,50,50],"damage_taken":[{"damage":0.0,"enemies":"2 Louse","floor":2.0,"turns":2.0},{"damage":10.0,"enemies":"downfall:FleeingMerchant","floor":3.0,"turns":4.0},{"damage":1.0,"enemies":"downfall:FleeingMerchant","floor":5.0,"turns":4.0},{"damage":0.0,"enemies":"Cultist","floor":9.0,"turns":2.0},{"damage":0.0,"enemies":"Small Slimes","floor":11.0,"turns":2.0},{"damage":0.0,"enemies":"Gremlin Gang","floor":13.0,"turns":3.0},{"damage":15.0,"enemies":"downfall:FleeingMerchant","floor":14.0,"turns":4.0},{"damage":0.0,"enemies":"Exordium Wildlife","floor":15.0,"turns":3.0},{"damage":47.0,"enemies":"IC_STATUS_ARCHETYPE","floor":16.0,"turns":14.0},{"damage":10.0,"enemies":"Chosen","floor":19.0,"turns":4.0},{"damage":1.0,"enemies":"downfall:FleeingMerchant","floor":20.0,"turns":4.0},{"damage":0.0,"enemies":"Masked Bandits","floor":22.0,"turns":2.0},{"damage":0.0,"enemies":"3 Byrds","floor":23.0,"turns":2.0},{"damage":6.0,"enemies":"Centurion and Healer","floor":25.0,"turns":4.0},{"damage":9.0,"enemies":"Book of Stabbing","floor":31.0,"turns":2.0},{"damage":0.0,"enemies":"Snake Plant","floor":32.0,"turns":2.0},{"damage":43.0,"enemies":"SI_MIRROR_ARCHETYPE","floor":33.0,"turns":5.0},{"damage":0,"enemies":"Nemesis","floor":42,"turns":1},{"damage":14,"enemies":"Nemesis","floor":43,"turns":3},{"damage":37,"enemies":"Giant Head","floor":44,"turns":7},{"damage":0,"enemies":"3 Darklings","floor":45,"turns":2},{"damage":0,"enemies":"3 Shapes","floor":49,"turns":2},{"damage":30,"enemies":"DF_ARCHETYPE_ORBS","floor":50,"turns":2}],"seed_played":"8806817117230080210","potions_obtained":[{"floor":9.0,"key":"EssenceOfSteel"},{"floor":11.0,"key":"LiquidBronze"},{"floor":13.0,"key":"FearPotion"},{"floor":22.0,"key":"Swift Potion"},{"floor":30.0,"key":"CultistPotion"},{"floor":32.0,"key":"SpeedPotion"},{"floor":43,"key":"BlessingOfTheForge"},{"floor":49,"key":"FearPotion"}],"is_trial":false,"path_per_floor":["R","M","$","?","$","?","T","?","M","R","M","R","M","$","M","B",null,"R","M","$","?","?","M","T","M","$","R","?","?","?","E","M","B",null,"R","$","?","?","$","R","T","E","?","E","M","R","?","?","M","B"],"character_chosen":"THE_AUTOMATON","items_purchased":["Juzu Bracelet","Girya"],"campfire_rested":0,"item_purchase_floors":[20,20],"current_hp_per_floor":[70,70,60,60,59,59,59,59,59,59,59,69,69,54,54,7,80,80,70,69,69,69,69,69,63,63,63,63,56,56,47,47,4,80,80,80,80,70,70,70,70,70,56,19,19,19,19,19,19,0,0,0],"gold":240,"neow_bonus":"RANDOM_COMMON_RELIC","is_daily":false,"chose_seed":false,"campfire_upgraded":5,"win_rate":0.0,"timestamp":1613063888,"path_taken":["R","M","$","?","?","?","T","?","M","R","M","R","?","$","M","BOSS","R","M","$","?","?","M","T","M","?","R","?","?","?","E","M","BOSS","R","$","?","?","$","R","T","E","?","E","M","R","?","?","M","BOSS"],"items_purchased_type":["Relic","Relic"],"build_version":"2020-12-22","purchased_purges":3,"victory":false,"max_hp_per_floor":[70,70,70,70,70,70,70,70,70,70,70,80,80,80,80,80,80,80,80,80,80,80,80,80,80,80,80,80,80,80,80,80,80,80,80,80,80,70,70,70,70,70,70,70,70,70,70,70,70,70,70,70],"card_choices":[{"not_picked":["bronze:Frontload","bronze:WildBeam"],"picked":"bronze:DelayedGuard","floor":2.0},{"not_picked":["bronze:Repulsor","bronze:BuggyMess"],"picked":"bronze:CutThrough","floor":3.0},{"not_picked":["bronze:Repulsor","bronze:Constructor"],"picked":"bronze:CutThrough","floor":5.0},{"not_picked":["bronze:Turbo","bronze:ForLoop"],"picked":"bronze:Constructor","floor":9.0},{"not_picked":["bronze:Constructor","bronze:ForceShield","bronze:Frontload"],"picked":"SKIP","floor":11.0},{"not_picked":["bronze:OilSpill","bronze:Deprecate","bronze:NullPointer"],"picked":"SKIP","floor":13.0},{"not_picked":["bronze:BitShift","bronze:WildBeam"],"picked":"bronze:AlphaBuild","floor":14.0},{"not_picked":["bronze:Philosophize","bronze:Safeguard"],"picked":"bronze:Iterate","floor":15.0},{"not_picked":["bronze:Format","bronze:ThunderWave"],"picked":"bronze:HardenedForm","floor":16.0},{"not_picked":["bronze:Iterate","bronze:Invalidate"],"picked":"bronze:ChosenStrike","floor":19.0},{"not_picked":["bronze:NullPointer+1","bronze:Backtrace+1"],"picked":"bronze:Overheat+1","floor":20.0},{"not_picked":["bronze:ForLoop","bronze:Invalidate","bronze:BuggyMess"],"picked":"SKIP","floor":23.0},{"not_picked":["bronze:Overheat+1","bronze:BronzeOrb","bronze:CutThrough"],"picked":"SKIP","floor":25.0},{"not_picked":["bronze:Philosophize","bronze:DarkDash","bronze:Separator"],"picked":"SKIP","floor":31.0},{"not_picked":["bronze:Repair","bronze:Deprecate+1"],"picked":"bronze:Flail","floor":32.0},{"not_picked":["bronze:ForceShield","bronze:Overheat","bronze:Shield+1"],"picked":"SKIP","floor":42},{"not_picked":["bronze:DarkDash","bronze:WhirlingStrike+1"],"picked":"bronze:GetLatest+1","floor":44},{"not_picked":["bronze:BuggyMess+1","bronze:NullPointer"],"picked":"bronze:Frontload+1","floor":45},{"not_picked":["bronze:Shell+1","bronze:Shield+1"],"picked":"bronze:ChildClass+1","floor":49}],"player_experience":627044,"relics_obtained":[{"floor":22.0,"key":"Red Mask"},{"floor":24.0,"key":"Oddly Smooth Stone"},{"floor":28.0,"key":"Potion Belt"},{"floor":28.0,"key":"Letter Opener"},{"floor":28.0,"key":"Ginger"},{"floor":31.0,"key":"FossilizedHelix"},{"floor":37.0,"key":"Mercury Hourglass"},{"floor":41.0,"key":"Ancient Tea Set"},{"floor":42,"key":"Lantern"},{"floor":43,"key":"Incense Burner"},{"floor":44,"key":"Toxic Egg 2"}],"event_choices":[{"damage_healed":0.0,"max_hp_gain":0.0,"max_hp_loss":0.0,"gold_gain":0.0,"event_name":"NoteForYourself","player_choice":"Ignored","floor":4.0,"gold_loss":0.0,"damage_taken":0.0},{"cards_removed":["bronze:Strike"],"damage_healed":0.0,"max_hp_gain":0.0,"max_hp_loss":0.0,"gold_gain":0.0,"event_name":"Bonfire Elementals","player_choice":"Offered Basic","floor":8.0,"gold_loss":0.0,"damage_taken":0.0},{"damage_healed":0.0,"max_hp_gain":0.0,"max_hp_loss":0.0,"gold_gain":0.0,"event_name":"Drug Dealer","player_choice":"Inject Mutagens","floor":21.0,"gold_loss":0.0,"damage_taken":0.0,"relics_obtained":["MutagenicStrength"]},{"damage_healed":0.0,"max_hp_gain":0.0,"max_hp_loss":0.0,"gold_gain":0.0,"event_name":"Masked Bandits","player_choice":"Fought Bandits","floor":22.0,"gold_loss":0.0,"damage_taken":0.0}],"is_beta":false,"boss_relics":[{"not_picked":["SlaversCollar","Runic Pyramid"],"picked":"Pandora\u0027s Box"},{"not_picked":["Snecko Eye","Tiny House"],"picked":"bronze:PlatinumCore"}],"items_purged_floors":[3,20,36],"is_endless":false,"potions_floor_spawned":[9,11,13,15,22,23,32,43,49],"killed_by":"DF_ARCHETYPE_ORBS","ascension_level":0}}