{"host":"3d7yvplr5ovcyppx","time":1613052934,"event":{"mods":["AchievementEnabler","BaseMod","Hermit","Jorbs\u0027s Wanderer Trilogy","Minty Spire (QoL Compilation)","Quick Restart","Somnambulant","StSLib","The Cursed","The Disciple","The Servant 0.9.4"],"gold_per_floor":[109,125,125,145,160,160,189,200,200,226,239,239,269,288,288,390,390,403,421,131,141,56,90,90,56,56,56,56],"floor_reached":27,"language":"ENG","playtime":1183,"items_purged":[],"score":268,"play_id":"3bedc625-e9a0-4eb7-bae1-32baf02e002f","local_time":"20210211194534","is_ascension_mode":true,"campfire_choices":[{"data":"Zap","floor":6,"key":"SMITH"},{"data":"Static Discharge","floor":12,"key":"SMITH"},{"data":"Storm","floor":15,"key":"SMITH"},{"data":"Thunder Strike","floor":24,"key":"SMITH"}],"circlet_count":0,"master_deck":["Strike_B","Strike_B","Strike_B","Strike_B+1","Defend_B+1","Defend_B","Defend_B","Defend_B","Zap+1","Dualcast","Redo+1","Redo+1","Sweeping Beam+1","Sweeping Beam","Capacitor","Static Discharge+1","Self Repair","Steam Power+1","BootSequence+1","Storm+1","Darkness+1","Thunder Strike+1","FTL+1","Chaos+1","Tempest+1","Aggregate+1","Loop"],"relics":["Cracked Core","Eternal Feather","Toxic Egg 2","War Paint","Calipers","SlaversCollar","Bird Faced Urn","Blood Vial","Meat on the Bone","Whetstone"],"acts_visited":["Exordium","TheCity"],"potions_floor_usage":[7,13,13,16,18],"damage_taken":[{"damage":1,"enemies":"Cultist","floor":1,"turns":3},{"damage":0,"enemies":"Small Slimes","floor":2,"turns":2},{"damage":1,"enemies":"Jaw Worm","floor":4,"turns":3},{"damage":8,"enemies":"3 Louse","floor":5,"turns":2},{"damage":22,"enemies":"3 Sentries","floor":7,"turns":4},{"damage":0,"enemies":"2 Fungi Beasts","floor":8,"turns":2},{"damage":21,"enemies":"Lagavulin","floor":10,"turns":7},{"damage":0,"enemies":"Exordium Wildlife","floor":11,"turns":3},{"damage":18,"enemies":"Gremlin Nob","floor":13,"turns":3},{"damage":0,"enemies":"Large Slime","floor":14,"turns":5},{"damage":14,"enemies":"Hexaghost","floor":16,"turns":7},{"damage":22,"enemies":"2 Thieves","floor":18,"turns":3},{"damage":23,"enemies":"Shell Parasite","floor":19,"turns":4},{"damage":36,"enemies":"Snake Plant","floor":21,"turns":5},{"damage":27,"enemies":"Book of Stabbing","floor":23,"turns":4},{"damage":28,"enemies":"Slavers","floor":27,"turns":2}],"seed_played":"5889265942302596605","potions_obtained":[{"floor":5,"key":"FocusPotion"},{"floor":8,"key":"SteroidPotion"},{"floor":11,"key":"DuplicationPotion"},{"floor":14,"key":"Weak Potion"},{"floor":16,"key":"PotionOfCapacity"},{"floor":18,"key":"Fruit Juice"}],"is_trial":false,"path_per_floor":["M","M","?","M","M","R","E","M","T","E","M","R","E","M","R","B",null,"M","M","$","M","?","E","R","$","T","E"],"character_chosen":"DEFECT","items_purchased":["Bird Faced Urn","Loop"],"campfire_rested":0,"item_purchase_floors":[20,25],"current_hp_per_floor":[74,74,74,73,65,65,43,43,43,29,36,45,27,34,46,32,75,65,49,49,28,28,7,22,22,22,0,0],"gold":56,"neow_bonus":"THREE_CARDS","is_daily":false,"chose_seed":false,"campfire_upgraded":4,"win_rate":0.0,"timestamp":1613052934,"path_taken":["M","?","?","M","M","R","E","M","T","E","M","R","E","M","R","BOSS","M","M","$","M","?","E","R","$","T","E"],"items_purchased_type":["Relic","Card"],"build_version":"2020-12-22","purchased_purges":0,"victory":false,"max_hp_per_floor":[75,75,75,75,75,75,75,75,75,75,75,75,75,75,75,75,75,80,80,80,80,80,80,80,80,80,80,80],"card_choices":[{"not_picked":["Streamline","Reinforced Body"],"picked":"Redo","floor":0},{"not_picked":["Cold Snap","Darkness"],"picked":"Redo","floor":1},{"not_picked":["Stack","Hologram"],"picked":"Sweeping Beam","floor":2},{"not_picked":["Blizzard","Auto Shields"],"picked":"Sweeping Beam","floor":4},{"not_picked":["Steam","Stack"],"picked":"Capacitor","floor":5},{"not_picked":["Leap","Steam Power"],"picked":"Static Discharge","floor":7},{"not_picked":["Compile Driver","Sunder"],"picked":"Self Repair","floor":8},{"not_picked":["Scrape","All For One"],"picked":"Steam Power+1","floor":10},{"not_picked":["Tempest+1","Leap+1"],"picked":"BootSequence+1","floor":11},{"not_picked":["Double Energy+1","Steam Power+1"],"picked":"Storm","floor":13},{"not_picked":["Compile Driver","Coolheaded+1"],"picked":"Darkness+1","floor":14},{"not_picked":["Core Surge","Meteor Strike"],"picked":"Thunder Strike","floor":16},{"not_picked":["Compile Driver","Reinforced Body+1"],"picked":"FTL+1","floor":18},{"not_picked":["Steam+1","Beam Cell"],"picked":"Chaos+1","floor":19},{"not_picked":["Hologram+1","Self Repair"],"picked":"Tempest+1","floor":21},{"not_picked":["Doom and Gloom","All For One"],"picked":"Aggregate+1","floor":23}],"player_experience":25247,"relics_obtained":[{"floor":7,"key":"Eternal Feather"},{"floor":9,"key":"Toxic Egg 2"},{"floor":10,"key":"War Paint"},{"floor":13,"key":"Calipers"},{"floor":23,"key":"Meat on the Bone"},{"floor":26,"key":"Whetstone"}],"event_choices":[{"damage_healed":0,"gold_gain":0,"player_choice":"Grow","damage_taken":0,"max_hp_gain":0,"max_hp_loss":0,"event_name":"Living Wall","floor":3,"gold_loss":0,"cards_upgraded":["Redo"]},{"damage_healed":0,"gold_gain":0,"player_choice":"Obtained Relic","damage_taken":0,"relics_obtained":["Blood Vial"],"max_hp_gain":0,"max_hp_loss":0,"event_name":"Addict","floor":22,"gold_loss":85}],"is_beta":false,"boss_relics":[{"not_picked":["Sozu","Fusion Hammer"],"picked":"SlaversCollar"}],"items_purged_floors":[],"is_endless":false,"potions_floor_spawned":[5,8,11,14,16,18],"killed_by":"Slavers","ascension_level":1}}