{"host":"23qk1co0p3p8qz56","time":1613013312,"event":{"mods":["100% Spire Juice","AchievementEnabler","Act Like it!","Arknights","BaseMod","Better Note","Better Third Choice","BetterRewards","CapriCore","Chen","Colored Map","Downfall","Duelist Mod","Friendly Minions","Gensokyo","Gold Saver","KinomotoSakuraMod(ñÿîVñ{?)","Koishi","LagranYue(ùfäiòNÅEåé)","Lobotomy","LobotomyExtend","Mari Mod (Legacy)","Mari\u0027s V1 Patch","MarisaÅiñ∂âJÅ@ñÇóùçπÅj","Minty Spire (QoL Compilation)","Prisma Mod","ReimuÅiîé??öÎÅj","RemiliaÅiÂQïƒ‰ª?Åj","RumiaBox-òIïƒ?ìIê_îÈ·¥éq","StSLib","The Administrix","The Alterego","The Animator","The Gatherer","The Immortal","The Senshi","Waifu the Spire","WarShipGirlsR/??è≠èóR mod","Yakumo Yukari mod","Yohane!","Yuyuko"],"gold_per_floor":[184,203,217,229,229,229,246,246,246,260,185,285,315,333,333,430,430,449,462,316,316,316],"floor_reached":21,"language":"ENG","playtime":1466,"items_purged":["animator:Hakurou","animator:Chung"],"score":175,"play_id":"9d261b22-01d7-429f-85e4-f488a62a3e77","local_time":"20210210201512","is_ascension_mode":false,"campfire_choices":[{"data":"animator:Kuroyukihime","floor":6,"key":"SMITH"},{"data":"animator:DolaSchwi","floor":15,"key":"SMITH"}],"circlet_count":0,"master_deck":["animator:Strike_AccelWorld","animator:Defend_AccelWorld","animator:Strike","animator:Strike","animator:Strike","animator:Defend","animator:Defend","animator:Defend","animator:Kuroyukihime+1","animator:LimeBell+1","animator:DolaCouronne","animator:Tet","animator:DolaSchwi+1","animator:AcuraTooru","animator:Shuna","animator:AcuraTooru","animator:WinryRockbell","animator:IzunaHatsuse","animator:Saber","animator:Aqua","animator:Demiurge"],"relics":["animator:LivingPicture","animator:TheMissingPiece","animator:PurgingStone","LagranYue:RandomDrawCardRelic","LetterFromLob","Pantograph","animator:HolyGrailRelic"],"acts_visited":["Exordium","TheCity"],"potions_floor_usage":[16,18,21],"damage_taken":[{"damage":0,"enemies":"Small Slimes","floor":1,"turns":3},{"damage":0,"enemies":"2 Louse","floor":2,"turns":2},{"damage":0,"enemies":"Cultist","floor":3,"turns":4},{"damage":5,"enemies":"2 Fungi Beasts","floor":4,"turns":5},{"damage":0,"enemies":"Looter","floor":7,"turns":4},{"damage":0,"enemies":"3 Louse","floor":10,"turns":4},{"damage":12,"enemies":"Lots of Slimes","floor":13,"turns":5},{"damage":25,"enemies":"Gremlin Gang","floor":14,"turns":5},{"damage":51,"enemies":"Slime Boss","floor":16,"turns":15},{"damage":6,"enemies":"Chosen","floor":18,"turns":7},{"damage":35,"enemies":"3 Byrds","floor":19,"turns":7},{"damage":22,"enemies":"Centurion and Healer","floor":21,"turns":7}],"seed_played":"-6328158948625788372","potions_obtained":[{"floor":1,"key":"SmokeBomb"},{"floor":13,"key":"SteroidPotion"},{"floor":16,"key":"Fruit Juice"},{"floor":19,"key":"LiquidBronze"}],"is_trial":false,"path_per_floor":["M","M","M","M","?","R","M","?","T","M","$","?","M","M","R","B",null,"M","M","$","M"],"character_chosen":"THE_ANIMATOR","items_purchased":["animator:Demiurge"],"campfire_rested":0,"item_purchase_floors":[20],"current_hp_per_floor":[66,66,66,61,61,61,61,61,61,61,61,61,49,24,24,2,74,73,40,40,20,20],"gold":316,"neow_bonus":"UPGRADE_CARD","is_daily":false,"chose_seed":false,"campfire_upgraded":2,"win_rate":0.0,"timestamp":1613013312,"path_taken":["M","M","M","M","?","R","M","?","T","M","$","?","M","M","R","BOSS","M","M","$","M"],"items_purchased_type":["Card"],"build_version":"2020-12-22","purchased_purges":2,"victory":false,"max_hp_per_floor":[66,66,66,66,66,66,66,66,66,66,66,66,66,66,66,66,74,79,81,81,78,78],"card_choices":[{"not_picked":["animator:Laby","animator:Rena"],"picked":"animator:DolaCouronne","floor":1},{"not_picked":["animator:Konayuki","animator:Shichika"],"picked":"animator:Tet","floor":2},{"not_picked":["animator:Viivi","animator:TsurugaMeisai","animator:PandorasActor"],"picked":"SKIP","floor":3},{"not_picked":["animator:ChlammyZell","animator:Tet"],"picked":"animator:DolaSchwi","floor":4},{"not_picked":["animator:GazelDwargon","animator:Entoma","animator:Berserker"],"picked":"SKIP","floor":7},{"not_picked":["animator:Sloth","animator:RoyMustang","animator:Megumin"],"picked":"SKIP","floor":10},{"not_picked":["animator:ShinjiMatou","animator:ZankiKiguchi"],"picked":"animator:WinryRockbell","floor":13},{"not_picked":["animator:FielNirvalen","animator:Tet"],"picked":"animator:IzunaHatsuse","floor":14},{"not_picked":["animator:AcuraShin","animator:Father"],"picked":"animator:Saber","floor":16},{"not_picked":["animator:Layla+1","animator:Sebas","animator:SakuraMatou"],"picked":"SKIP","floor":18},{"not_picked":["animator:Archer","animator:DolaCouronne+1"],"picked":"animator:Aqua","floor":19}],"player_experience":147296,"relics_obtained":[{"floor":1,"key":"LetterFromLob"},{"floor":9,"key":"Pantograph"}],"event_choices":[{"damage_healed":0,"gold_gain":1,"player_choice":"LEAVE","damage_taken":0,"max_hp_gain":0,"max_hp_loss":0,"event_name":"betterThird:BetterScrap","floor":5,"gold_loss":0,"cards_obtained":["Endless Agony"]},{"damage_healed":0,"gold_gain":100,"player_choice":"Pray","damage_taken":0,"max_hp_gain":0,"max_hp_loss":0,"event_name":"Golden Shrine","floor":12,"gold_loss":0}],"is_beta":false,"boss_relics":[{"not_picked":["LagranYue:ContractPerformanceRelic","RedLine:ReiMu"],"picked":"animator:HolyGrailRelic"}],"items_purged_floors":[11,20],"is_endless":false,"potions_floor_spawned":[1,13,16,19],"killed_by":"Centurion and Healer","ascension_level":0}}