{"host":"clf2hd4adhiiw0zf","time":1613081817,"event":{"mods":["AchievementEnabler","BaseMod","Beaked The Cultist","Bestiary","Dark Map","Downfall","Gremlin Mod","Hermit","Jorbs\u0027s Wanderer Trilogy","Marisa????????","Minty Spire (QoL Compilation)","Shop Mod","StSLib","The Cursed","The Servant 0.9.4","Wide Potions"],"gold_per_floor":[0,19,4,4,4,33,84,109,109,109,134,153,53,69,80,180,180,80,95,28,48,33,43,43,43,43,72,72,106,106,144,144,144,144],"floor_reached":32,"language":"ENG","playtime":1763,"items_purged":[],"score":393,"play_id":"1a634742-fc41-42bc-86b7-1214a38d6153","local_time":"20210211151657","is_ascension_mode":true,"campfire_choices":[{"floor":1.0,"key":"RECALL"},{"data":"Guardian:RefractedBeam","floor":13.0,"key":"SMITH"},{"data":"Guardian:FierceBash","floor":18.0,"key":"SMITH"},{"data":"Guardian:RefractedBeam+1","floor":26.0,"key":"SMITH"},{"data":"Guardian:RefractedBeam+2","floor":28.0,"key":"SMITH"}],"circlet_count":0,"master_deck":["Guardian:Strike_Guardian","Guardian:Strike_Guardian+1","Guardian:Strike_Guardian","Guardian:Defend_Guardian","Guardian:Defend_Guardian","Guardian:Defend_Guardian+1","Guardian:Defend_Guardian+1","Guardian:CurlUp","Guardian:TwinSlam","Guardian:TimeBomb+1","Guardian:BronzeArmor","downfall:Malfunctioning","Guardian:ShieldCharger+1","Guardian:ChargeCore","Guardian:RefractedBeam+3","Guardian:Incinerate","Guardian:FuturePlans","Guardian:Preprogram+1","Guardian:StasisStrike","Guardian:FierceBash+1","Guardian:Reroute","Guardian:TemporalStrike+1","Guardian:TemporalShield+1","Guardian:PolyBeam","Guardian:PiercingHide+1","Guardian:PiercingHide+1","Guardian:SpikerProtocol+1"],"relics":["Guardian:ModeShifter","champ:DuelingGlove","Toxic Egg 2","Anchor","StoneCalendar","War Paint","downfall:HeartBlessingRed","beaked:SacredDeck","downfall:HeartBlessingGreen","PreservedInsect","Blue Candle","CeramicFish","champ:DeflectingBracers"],"acts_visited":["Exordium","TheCity"],"potions_floor_usage":[],"damage_taken":[{"damage":1.0,"enemies":"Cultist","floor":2.0,"turns":4.0},{"damage":0.0,"enemies":"downfall:FleeingMerchant","floor":3.0,"turns":4.0},{"damage":16.0,"enemies":"Gremlin Nob","floor":6.0,"turns":5.0},{"damage":7.0,"enemies":"3 Sentries","floor":8.0,"turns":7.0},{"damage":18.0,"enemies":"Gremlin Nob","floor":11.0,"turns":6.0},{"damage":0.0,"enemies":"Jaw Worm","floor":12.0,"turns":2.0},{"damage":0.0,"enemies":"Small Slimes","floor":14.0,"turns":2.0},{"damage":2.0,"enemies":"2 Fungi Beasts","floor":15.0,"turns":3.0},{"damage":4.0,"enemies":"WA_ARCHETYPE_RETAIN","floor":16.0,"turns":6.0},{"damage":11.0,"enemies":"Spheric Guardian","floor":19.0,"turns":4.0},{"damage":15.0,"enemies":"downfall:FleeingMerchant","floor":20.0,"turns":4.0},{"damage":5.0,"enemies":"Snake Plant","floor":21.0,"turns":4.0},{"damage":14.0,"enemies":"downfall:FleeingMerchant","floor":22.0,"turns":4.0},{"damage":17.0,"enemies":"Centurion and Healer","floor":23.0,"turns":4.0},{"damage":23.0,"enemies":"Slavers","floor":27.0,"turns":3.0},{"damage":3.0,"enemies":"Gremlin Leader","floor":29.0,"turns":5.0},{"damage":3.0,"enemies":"Slavers","floor":31.0,"turns":4.0},{"damage":0,"enemies":"3 Cultists","floor":32,"turns":2}],"seed_played":"7173033725641637049","potions_obtained":[{"floor":2.0,"key":"GamblersBrew"},{"floor":14.0,"key":"EssenceOfSteel"},{"floor":15.0,"key":"SteroidPotion"},{"floor":21.0,"key":"AttackPotion"},{"floor":27.0,"key":"Guardian:DefensiveModePotion"},{"floor":29.0,"key":"DistilledChaos"},{"floor":30.0,"key":"CultistPotion"},{"floor":31.0,"key":"Ancient Potion"}],"is_trial":false,"path_per_floor":["R","M","$","T","?","E","T","E","?","?","E","M","R","M","M","B",null,"R","M","$","M","$","M","T","?","R","E","R","E","?","E","M"],"character_chosen":"GUARDIAN","items_purchased":["Guardian:TemporalShield+1"],"campfire_rested":0,"item_purchase_floors":[20],"current_hp_per_floor":[80,79,79,79,79,63,63,56,56,61,43,43,43,43,41,37,73,73,62,47,42,28,11,11,39,39,16,16,13,13,10,10,10,10],"gold":144,"neow_bonus":"ONE_RARE_RELIC","is_daily":false,"chose_seed":false,"campfire_upgraded":4,"win_rate":0.0,"timestamp":1613081817,"path_taken":["R","M","$","?","?","E","T","E","?","?","E","M","R","?","M","BOSS","R","M","$","M","$","M","T","?","R","E","R","E","?","E","M"],"items_purchased_type":["Card"],"build_version":"2020-12-22","purchased_purges":0,"victory":false,"max_hp_per_floor":[80,80,80,80,80,80,80,80,80,85,85,85,85,85,85,85,85,85,85,85,85,85,85,85,85,85,85,85,85,85,85,85,85,85],"card_choices":[{"not_picked":["Guardian:PrimingBeam","Guardian:Gem_Lightblue"],"picked":"Guardian:TimeBomb","floor":2.0},{"not_picked":["Guardian:Gem_Lightblue","Guardian:Gem_Red"],"picked":"Guardian:BronzeArmor","floor":3.0},{"not_picked":["Guardian:Gem_Crimson","Guardian:Suspension+1"],"picked":"Guardian:ShieldCharger+1","floor":6.0},{"not_picked":["Guardian:Gem_Red","Guardian:Gem_Lightblue"],"picked":"Guardian:ChargeCore","floor":8.0},{"not_picked":["Guardian:RollAttack","Guardian:ChargeUp+1"],"picked":"Guardian:RefractedBeam","floor":11.0},{"not_picked":["Guardian:Gem_Lightblue","Guardian:Gem_Fragmented"],"picked":"Guardian:Incinerate","floor":12.0},{"not_picked":["Guardian:TemporalShield+1","Guardian:Recover+1"],"picked":"Guardian:FuturePlans","floor":14.0},{"not_picked":["Guardian:GemFinder","Guardian:Gem_Red"],"picked":"Guardian:Preprogram+1","floor":15.0},{"not_picked":["Guardian:TimeSifter","Guardian:GemFire"],"picked":"Guardian:StasisStrike","floor":16.0},{"not_picked":["Guardian:Gem_Lightblue","Guardian:Harden+1"],"picked":"Guardian:Reroute","floor":19.0},{"not_picked":["Guardian:Gem_Blue","Guardian:Planning+1"],"picked":"Guardian:TemporalStrike+1","floor":20.0},{"not_picked":["Guardian:ChargeCore","Guardian:ShieldSpikes+1"],"picked":"Guardian:PolyBeam","floor":21.0},{"not_picked":["Guardian:ChargeCore","Guardian:FloatingOrbs"],"picked":"Guardian:Gem_Lightblue","floor":22.0},{"not_picked":["Guardian:TemporalStrike+1","Guardian:SentryBeam"],"picked":"Guardian:PiercingHide+1","floor":23.0},{"not_picked":["Guardian:Gem_Purple","Guardian:Gem_Green"],"picked":"Guardian:PiercingHide+1","floor":27.0},{"not_picked":["Guardian:GuardianWhirl","Guardian:Reroute","Guardian:EvasiveProtocol"],"picked":"SKIP","floor":29.0},{"not_picked":["Guardian:SentryBeam","Guardian:RollAttack"],"picked":"Guardian:SpikerProtocol+1","floor":31.0}],"player_experience":218337,"relics_obtained":[{"floor":4.0,"key":"Toxic Egg 2"},{"floor":6.0,"key":"Anchor"},{"floor":8.0,"key":"StoneCalendar"},{"floor":11.0,"key":"War Paint"},{"floor":24.0,"key":"PreservedInsect"},{"floor":27.0,"key":"Blue Candle"},{"floor":29.0,"key":"CeramicFish"},{"floor":31.0,"key":"champ:DeflectingBracers"}],"event_choices":[{"damage_healed":0.0,"max_hp_gain":5.0,"max_hp_loss":0.0,"gold_gain":0.0,"event_name":"Big Fish","player_choice":"Donut","floor":10.0,"gold_loss":0.0,"damage_taken":0.0},{"damage_healed":28.0,"max_hp_gain":0.0,"max_hp_loss":0.0,"gold_gain":0.0,"event_name":"The Library","player_choice":"Heal","floor":25.0,"gold_loss":0.0,"damage_taken":0.0}],"is_beta":false,"boss_relics":[{"not_picked":["Philosopher\u0027s Stone","Busted Crown"],"picked":"beaked:SacredDeck"}],"items_purged_floors":[],"is_endless":false,"potions_floor_spawned":[2,14,15,21,27,29,31],"killed_by":"3 Cultists","ascension_level":5}}