{"host":"fauqrvll5t0ss0vm","time":1613078794,"event":{"mods":["2.2 Compatiblity","Act Like it!","Aspiration","Bard","BaseMod","Beaked The Cultist","Better Altar","Better Match","Better Note","Better Sensory Stone","Better Skull","Better Third Choice","Better Vampires","Card Filter","Clockwork Mod","Colored Map","Conspire","Displayed Cursed Tome","Downfall","Emptier Cage","Energized Spire","Friendly Minions","GifTheSpireLib","Glutton Mod","Gremlin Mod","Gremlin Skip","Halation","Hermit","Highlight Path","Hubris","Jorbs\u0027s Wanderer Trilogy","Mad Scientist","Marked Mod","Minty Spire (QoL Compilation)","Permanent Neow","Random Character Button","Relic Filter","Reorder Act Four","Replay The Spire","Shop Mod","Somnambulant","Spikes Relics","StSLib","Stuff the Spire","SuperFastMode","The Construct","The Cursed","The Disciple","The Elementalist","The Judge","The Juggle","The Mystic","The Runesmith","The Sage","The Servant 0.9.4","The Valiant","Trackpad","Uncapped"],"gold_per_floor":[118,136,155,36,55,55,18,18,18,18,18,53,53,68,68,146,146,158,168,168,188,188,188,215,105,105,138,138,148,180,180,180,259,259,271,357,96,121,132,167,167,184,184,184,184,204,204,204,204,239,239,239,239,239,73,73,98,98],"floor_reached":59,"language":"ENG","playtime":5695,"items_purged":["TheCursedMod:Strike_TheCursed","StuffTheSpire:CuriosityCurse"],"score":3127,"play_id":"96aef19a-ced1-499e-b545-59cc9fb9f531","local_time":"20210211222634","is_ascension_mode":true,"campfire_choices":[{"data":"TheCursedMod:RavingStaff","floor":6,"key":"SMITH"},{"data":"TheCursedMod:CursedBlade","floor":8,"key":"SMITH"},{"floor":11,"key":"REST"},{"floor":15,"key":"DIG"},{"data":"TheCursedMod:SpitefulStrike","floor":23,"key":"SMITH"},{"data":"TheCursedMod:WearCloak","floor":28,"key":"SMITH"},{"data":"TheCursedMod:RapidMovement","floor":32,"key":"SMITH"},{"floor":41,"key":"RECALL"},{"data":"TheCursedMod:SoulReap","floor":44,"key":"SMITH"},{"data":"TheCursedMod:WearCloak","floor":49,"key":"SMITH"},{"data":"TheCursedMod:WearCloak","floor":51,"key":"SMITH"},{"data":"TheCursedMod:Obscuration","floor":56,"key":"SMITH"}],"circlet_count":0,"master_deck":["AscendersBane","TheCursedMod:Strike_TheCursed+1","TheCursedMod:Strike_TheCursed+1","TheCursedMod:Defend_TheCursed","TheCursedMod:Defend_TheCursed","TheCursedMod:Defend_TheCursed","TheCursedMod:Defend_TheCursed","TheCursedMod:CursedWand","TheCursedMod:CleanUpWorkshop+1","TheCursedMod:Dregs","TheCursedMod:CursedBlade+1","TheCursedMod:RavingStaff+1","TheCursedMod:AshesToAshes+1","TheCursedMod:SurpriseAttack+1","TheCursedMod:LuckyCharm+1","TheCursedMod:CollectTribute+1","TheCursedMod:RapidMovement","TheCursedMod:DemonicPact+1","TheCursedMod:Obscuration+1","TheCursedMod:RapidMovement+1","TheCursedMod:WearCloak+1","TheCursedMod:SpitefulStrike+1","TheCursedMod:CursedShiv+1","downfall:Icky","TheCursedMod:SoulReap+1","TheCursedMod:CursedRelics+1","TheCursedMod:AntiAging+1","Pain","TheCursedMod:RapidMovement","TheCursedMod:WearCloak+1","downfall:Aged","TheCursedMod:ManaBullet+1","TheCursedMod:StunningStrike+1","TheCursedMod:AshesToAshes+1","TheCursedMod:WearCloak+1","StuffTheSpire:BrainWave+1","Sickly","TheCursedMod:Hemoplague+1","TheCursedMod:SpreadPlague+1"],"relics":["TheCursedMod:BlackMagic101","betterThird:SlimedRelic","Golden Egg","StuffTheSpire:RedRose","InkBottle","energizedSpire:CursedPentagram","FaceOfCleric","RollingBoulder","StuffTheSpire:SapphireSignet","hubris:CuriousFeather","Replay:Baseball","Pet Ghost","TheCursedMod:FourLeafCloverCharm","Potion Belt","hubris:EmptyBottle","construct:RocketBooster","hubris:Potato","aspiration:ChemicalBlood","ClockworkSouvenir","Boot"],"acts_visited":["Exordium","TheCity","TheBeyond","TheEnding"],"potions_floor_usage":[12,24,40,40,53,53,57,58,58,58,58,58],"damage_taken":[{"damage":0,"enemies":"Small Slimes","floor":1,"turns":3},{"damage":0,"enemies":"2 Louse","floor":2,"turns":3},{"damage":7,"enemies":"Jaw Worm","floor":3,"turns":4},{"damage":0,"enemies":"2 Fungi Beasts","floor":5,"turns":2},{"damage":21,"enemies":"Lagavulin","floor":12,"turns":7},{"damage":1,"enemies":"Gremlin Gang","floor":14,"turns":3},{"damage":2,"enemies":"The Guardian","floor":16,"turns":10},{"damage":7,"enemies":"Shell Parasite","floor":18,"turns":5},{"damage":3,"enemies":"Chosen","floor":19,"turns":3},{"damage":9,"enemies":"Shelled Parasite and Fungi","floor":21,"turns":5},{"damage":0,"enemies":"Book of Stabbing","floor":24,"turns":4},{"damage":4,"enemies":"Gremlin Leader","floor":27,"turns":6},{"damage":0,"enemies":"Snecko","floor":29,"turns":4},{"damage":0,"enemies":"conspire:Head Lice","floor":30,"turns":4},{"damage":2,"enemies":"Collector","floor":33,"turns":10},{"damage":0,"enemies":"3 Shapes","floor":35,"turns":4},{"damage":2,"enemies":"Mind Bloom Boss Battle","floor":38,"turns":7},{"damage":1,"enemies":"3 Darklings","floor":39,"turns":4},{"damage":55,"enemies":"Reptomancer","floor":40,"turns":10},{"damage":0,"enemies":"Maw","floor":42,"turns":6},{"damage":0,"enemies":"Sphere and 2 Shapes","floor":46,"turns":5},{"damage":0,"enemies":"Nemesis","floor":50,"turns":5},{"damage":36,"enemies":"Time Eater","floor":52,"turns":11},{"damage":61,"enemies":"Awakened One","floor":53,"turns":11},{"damage":0,"enemies":"Shield and Spear","floor":57,"turns":7},{"damage":0,"enemies":"The Heart","floor":58,"turns":6}],"seed_played":"8711989440291761619","potions_obtained":[{"floor":1,"key":"GamblersBrew"},{"floor":12,"key":"bronze:BurnAndBuffPotion"},{"floor":14,"key":"BlessingOfTheForge"},{"floor":19,"key":"Cursed Concoction"},{"floor":27,"key":"SpeedPotion"},{"floor":38,"key":"SteroidPotion"},{"floor":53,"key":"CultistPotion"}],"is_trial":false,"path_per_floor":["M","M","M","$","M","R","?","R","T","?","R","E","?","M","R_BF","B",null,"M","M","?","M","?","R","E","?","T","E","R","M","E","?","R","B",null,"M","?","$","?","M","E","R","M","T","R","?","M","PTL","PTL","R","E","R","B","B",null,"$","R","E","B",null],"character_chosen":"THE_CURSED","items_purchased":["TheCursedMod:SurpriseAttack+1","hubris:EmptyBottle","ClockworkSouvenir"],"campfire_rested":1,"item_purchase_floors":[4,37,55],"current_hp_per_floor":[60,60,53,53,53,53,42,42,42,16,41,20,20,19,19,17,68,61,58,58,49,49,49,50,50,50,51,51,52,60,60,60,69,85,91,91,91,95,99,50,50,62,62,62,62,76,76,76,76,90,90,71,17,85,85,85,103,115],"gold":98,"neow_bonus":"TWENTY_PERCENT_HP_BONUS","is_daily":false,"chose_seed":false,"campfire_upgraded":9,"win_rate":0.0,"timestamp":1613078794,"path_taken":["M","M","M","$","M","R","?","R","T","?","R","E","?","M","R_BF","BOSS","M","M","?","?","?","R","E","?","T","E","R","M","E","?","R","BOSS","M","?","$","?","M","E","R","M","T","R","?","M","PTL","PTL","R","E","R","BOSS","BOSS","$","R","E","BOSS"],"items_purchased_type":["Card","Relic","Relic"],"build_version":"2020-12-22","purchased_purges":2,"victory":true,"max_hp_per_floor":[85,85,85,85,85,85,85,85,85,85,85,85,85,85,85,85,85,85,85,85,85,85,85,86,86,86,87,87,88,89,89,89,90,90,91,91,91,95,99,103,103,107,107,107,91,95,95,95,95,99,99,103,107,107,107,107,111,115],"card_choices":[{"not_picked":["TheCursedMod:Mangle","TheCursedMod:CircleOfFlame"],"picked":"TheCursedMod:CursedBlade","floor":1},{"not_picked":["TheCursedMod:Evocation","TheCursedMod:CircleOfCorruption"],"picked":"TheCursedMod:RavingStaff","floor":2},{"not_picked":["TheCursedMod:CursedArmor","TheCursedMod:CursedShiv"],"picked":"TheCursedMod:AshesToAshes","floor":3},{"not_picked":["TheCursedMod:CircleOfFocus","TheCursedMod:TroublousMinions"],"picked":"TheCursedMod:LuckyCharm","floor":5},{"not_picked":["TheCursedMod:SpitefulStrike","TheCursedMod:CursedShiv"],"picked":"TheCursedMod:CollectTribute","floor":12},{"not_picked":["TheCursedMod:Wield","TheCursedMod:Torture"],"picked":"TheCursedMod:RapidMovement","floor":14},{"not_picked":["TheCursedMod:ParallelWorld","TheCursedMod:DemonSword"],"picked":"TheCursedMod:DemonicPact","floor":16},{"not_picked":["TheCursedMod:CursedArmor","TheCursedMod:CursedBlade"],"picked":"TheCursedMod:Obscuration","floor":18},{"not_picked":["TheCursedMod:SmokeScreen","TheCursedMod:Obscuration"],"picked":"TheCursedMod:RapidMovement","floor":19},{"not_picked":["TheCursedMod:CircleOfWindfury","TheCursedMod:CircleOfAmplification"],"picked":"TheCursedMod:SpitefulStrike","floor":21},{"not_picked":["TheCursedMod:CursedArmor","TheCursedMod:UltimatePain","TheCursedMod:VitalStrike"],"picked":"SKIP","floor":24},{"not_picked":["TheCursedMod:CircleOfBlood","TheCursedMod:CircleOfAbyss"],"picked":"TheCursedMod:CursedShiv+1","floor":27},{"not_picked":["TheCursedMod:CursedAmulet","TheCursedMod:TacticalStrike"],"picked":"TheCursedMod:SoulReap","floor":29},{"not_picked":["TheCursedMod:CursedShiv","TheCursedMod:CursedAmulet"],"picked":"TheCursedMod:CursedRelics","floor":30},{"not_picked":["TheCursedMod:OutForBlood","TheCursedMod:CursedRelics"],"picked":"TheCursedMod:AntiAging","floor":33},{"not_picked":["TheCursedMod:CursedShiv","TheCursedMod:CircleOfCorruption","TheCursedMod:VitalStrike"],"picked":"SKIP","floor":35},{"not_picked":["TheCursedMod:CursedBlade+1","TheCursedMod:VitalStrike"],"picked":"TheCursedMod:RapidMovement","floor":36},{"not_picked":["TheCursedMod:ReleasedKnowledge","TheCursedMod:Hemoplague"],"picked":"TheCursedMod:WearCloak","floor":36},{"not_picked":["TheCursedMod:DoubleShield","TheCursedMod:Torture"],"picked":"TheCursedMod:ManaBullet+1","floor":38},{"not_picked":["TheCursedMod:FleshFromBone+1","TheCursedMod:SmokeScreen+1"],"picked":"TheCursedMod:StunningStrike","floor":39},{"not_picked":["TheCursedMod:CircleOfFlame","TheCursedMod:BloodBarrier"],"picked":"TheCursedMod:AshesToAshes+1","floor":40},{"not_picked":["TheCursedMod:CircleOfCorruption","TheCursedMod:StingEye+1"],"picked":"TheCursedMod:WearCloak","floor":42},{"not_picked":["TheCursedMod:CircleOfAmplification","TheCursedMod:SurpriseAttack"],"picked":"TheCursedMod:Hemoplague+1","floor":46},{"not_picked":["TheCursedMod:SpitefulStrike+1","TheCursedMod:Stigma","TheCursedMod:Torture"],"picked":"SKIP","floor":50},{"not_picked":["TheCursedMod:CursedAmulet","TheCursedMod:SpitefulStrike"],"picked":"TheCursedMod:SpreadPlague+1","floor":57}],"player_experience":7428701,"relics_obtained":[{"floor":9,"key":"Golden Egg"},{"floor":15,"key":"InkBottle"},{"floor":24,"key":"RollingBoulder"},{"floor":26,"key":"StuffTheSpire:SapphireSignet"},{"floor":27,"key":"hubris:CuriousFeather"},{"floor":30,"key":"Replay:Baseball"},{"floor":36,"key":"Potion Belt"},{"floor":38,"key":"construct:RocketBooster"},{"floor":40,"key":"hubris:Potato"},{"floor":50,"key":"aspiration:ChemicalBlood"},{"floor":57,"key":"Boot"}],"event_choices":[{"damage_healed":0,"gold_gain":0,"player_choice":"Slimed","damage_taken":11,"max_hp_gain":0,"max_hp_loss":0,"event_name":"betterThird:BetterGoop","floor":7,"gold_loss":37},{"damage_healed":42,"gold_gain":0,"player_choice":"Upgrade","damage_taken":26,"max_hp_gain":0,"max_hp_loss":85,"event_name":"betterThird:BetterShining","floor":10,"gold_loss":0,"cards_upgraded":["TheCursedMod:LuckyCharm","TheCursedMod:Strike_TheCursed"]},{"damage_healed":0,"gold_gain":0,"cards_transformed":["TheCursedMod:Strike_TheCursed"],"player_choice":"Transformed","damage_taken":0,"max_hp_gain":0,"max_hp_loss":0,"event_name":"Transmorgrifier","floor":20,"gold_loss":0,"cards_obtained":["TheCursedMod:WearCloak"]},{"damage_healed":0,"gold_gain":0,"player_choice":"Trade","damage_taken":0,"relics_obtained":["FaceOfCleric"],"max_hp_gain":0,"max_hp_loss":0,"event_name":"FaceTrader","floor":22,"gold_loss":0},{"cards_removed":["Regret"],"damage_healed":0,"gold_gain":0,"player_choice":"Upgrade and Remove","damage_taken":0,"max_hp_gain":0,"max_hp_loss":0,"event_name":"Designer","floor":25,"gold_loss":110,"cards_upgraded":["TheCursedMod:CleanUpWorkshop"]},{"damage_healed":0,"gold_gain":0,"player_choice":"Fight","damage_taken":0,"max_hp_gain":0,"max_hp_loss":0,"event_name":"MindBloom","floor":38,"gold_loss":0}],"is_beta":false,"boss_relics":[{"not_picked":["Replay:Grab Bag","Fusion Hammer"],"picked":"energizedSpire:CursedPentagram"},{"not_picked":["construct:ClawGrip","energizedSpire:DeadBattery"],"picked":"TheCursedMod:FourLeafCloverCharm"}],"items_purged_floors":[4,37],"is_endless":false,"potions_floor_spawned":[1,12,14,19,21,27,29,33,38,57],"ascension_level":20}}