{"host":"opgesw7sb5n0ordz","time":1613025298,"event":{"mods":["BaseMod","Better Note","Colored Powertips","Curses Come First","Downfall","Minty Spire (QoL Compilation)","Relic Stats","StSLib","Unceasing Turn Reminder"],"gold_per_floor":[113,113,132,152,207,207,236,236,236,236,54,2,22,22,22,120,120,139,159,159,159,170,170,205,205,205,205,221,221,221,236,236,236,236],"floor_reached":33,"language":"ENG","playtime":960,"items_purged":[],"score":316,"play_id":"b7570e16-c32b-4e43-9ae5-c29943f47fc3","local_time":"20210211013458","is_ascension_mode":true,"campfire_choices":[{"data":"Dualcast","floor":6,"key":"SMITH"},{"data":"Doom and Gloom","floor":8,"key":"SMITH"},{"data":"Streamline","floor":10,"key":"SMITH"},{"data":"Conserve Battery","floor":15,"key":"SMITH"},{"floor":23,"key":"REST"},{"data":"Redo","floor":25,"key":"SMITH"},{"floor":27,"key":"REST"},{"data":"Multi-Cast","floor":29,"key":"SMITH"},{"data":"Buffer","floor":32,"key":"SMITH"}],"circlet_count":0,"master_deck":["Strike_B","Strike_B","Strike_B","Strike_B","Defend_B","Defend_B","Defend_B","Defend_B","Zap+1","Dualcast+1","Sweeping Beam","Conserve Battery+1","Streamline+1","Doom and Gloom+1","Writhe","Sunder+1","Multi-Cast+1","Self Repair","Recycle+1","Writhe","Go for the Eyes+1","Redo+1","Recycle","Buffer+1"],"relics":["Cursed Key","Regal Pillow","Slimebound:StickyStick","Molten Egg 2","Orichalcum","Darkstone Periapt","Inserter","Enchiridion","Sundial","Omamori","Slimebound:PreparedRelic"],"acts_visited":["Exordium","TheCity"],"potions_floor_usage":[22,24],"damage_taken":[{"damage":3,"enemies":"2 Louse","floor":1,"turns":2},{"damage":0,"enemies":"Cultist","floor":3,"turns":3},{"damage":0,"enemies":"Jaw Worm","floor":4,"turns":3},{"damage":29,"enemies":"Gremlin Nob","floor":7,"turns":4},{"damage":13,"enemies":"Exordium Thugs","floor":13,"turns":3},{"damage":21,"enemies":"Hexaghost","floor":16,"turns":8},{"damage":13,"enemies":"3 Byrds","floor":18,"turns":4},{"damage":22,"enemies":"Shell Parasite","floor":19,"turns":6},{"damage":30,"enemies":"Snake Plant","floor":22,"turns":4},{"damage":40,"enemies":"Gremlin Leader","floor":24,"turns":6},{"damage":25,"enemies":"Sentry and Sphere","floor":28,"turns":4},{"damage":8,"enemies":"Centurion and Healer","floor":31,"turns":6},{"damage":40,"enemies":"Collector","floor":33,"turns":6}],"seed_played":"5796422433089001717","potions_obtained":[{"floor":1,"key":"SkillPotion"},{"floor":4,"key":"PowerPotion"},{"floor":28,"key":"LiquidMemories"},{"floor":31,"key":"Energy Potion"}],"is_trial":false,"path_per_floor":["M","?","M","M","T","R","E","R","T","R","$","?","M","?","R","B",null,"M","M","?","?","M","R","E","R","T","R","M","R","?","M","R","B"],"character_chosen":"DEFECT","items_purchased":["Orichalcum","Sunder+1"],"campfire_rested":2,"item_purchase_floors":[11,11],"current_hp_per_floor":[72,72,72,72,72,72,43,43,43,43,43,43,30,30,30,9,75,62,47,31,37,14,53,20,20,20,59,41,41,41,40,40,0,0],"gold":236,"neow_bonus":"BOSS_RELIC","is_daily":false,"chose_seed":false,"campfire_upgraded":7,"win_rate":0.0,"timestamp":1613025298,"path_taken":["M","?","M","?","?","R","E","R","T","R","$","?","?","?","R","BOSS","M","M","?","?","M","R","E","R","T","R","M","R","?","M","R","BOSS"],"items_purchased_type":["Relic","Card"],"build_version":"2020-12-22","purchased_purges":0,"victory":false,"max_hp_per_floor":[75,75,75,75,75,75,75,75,75,75,75,75,75,75,75,75,75,75,75,75,81,81,81,81,81,81,81,81,81,81,81,81,81,81],"relic_stats":{"Darkstone Periapt":6,"Regal Pillow":30,"Inserter":[18],"counters":[13,59],"Sundial":[2],"Orichalcum":[54],"Cursed Key":3,"obtain_stats":[{"Darkstone Periapt":12,"Regal Pillow":5,"Inserter":17,"Slimebound:StickyStick":7,"Sundial":21,"Enchiridion":20,"Molten Egg 2":9,"Slimebound:PreparedRelic":26,"Omamori":24,"Orichalcum":11,"Cracked Core":0,"Cursed Key":0},{"Darkstone Periapt":4,"Regal Pillow":3,"Inserter":6,"Slimebound:StickyStick":4,"Sundial":8,"Enchiridion":8,"Molten Egg 2":4,"Slimebound:PreparedRelic":10,"Omamori":10,"Orichalcum":4,"Cracked Core":0,"Cursed Key":0},{"Darkstone Periapt":12,"Regal Pillow":8,"Inserter":23,"Slimebound:StickyStick":12,"Sundial":33,"Enchiridion":33,"Molten Egg 2":12,"Slimebound:PreparedRelic":43,"Omamori":43,"Orichalcum":12,"Cracked Core":0,"Cursed Key":0}]},"card_choices":[{"not_picked":["Turbo","Melter"],"picked":"Sweeping Beam","floor":1},{"not_picked":["Compile Driver","Storm"],"picked":"Conserve Battery","floor":3},{"not_picked":["Rebound","Conserve Battery"],"picked":"Streamline","floor":4},{"not_picked":["Heatsinks","Undo"],"picked":"Doom and Gloom","floor":7},{"not_picked":["Stack","Scrape+1","Blizzard+1"],"picked":"SKIP","floor":13},{"not_picked":["All For One+1","Hyperbeam+1"],"picked":"Multi-Cast","floor":16},{"not_picked":["Rebound+1","Aggregate"],"picked":"Self Repair","floor":18},{"not_picked":["Turbo","Compile Driver+1"],"picked":"Recycle+1","floor":19},{"not_picked":["Turbo","Capacitor"],"picked":"Go for the Eyes+1","floor":22},{"not_picked":["Conserve Battery+1","Sweeping Beam+1"],"picked":"Redo","floor":24},{"not_picked":["Gash+1","Rebound+1"],"picked":"Recycle","floor":28},{"not_picked":["Conserve Battery","Steam"],"picked":"Buffer","floor":31}],"player_experience":754165,"relics_obtained":[{"floor":5,"key":"Regal Pillow"},{"floor":7,"key":"Slimebound:StickyStick"},{"floor":9,"key":"Molten Egg 2"},{"floor":20,"key":"Enchiridion"},{"floor":24,"key":"Omamori"},{"floor":26,"key":"Slimebound:PreparedRelic"}],"event_choices":[{"damage_healed":0,"gold_gain":0,"player_choice":"Upgraded","damage_taken":0,"max_hp_gain":0,"max_hp_loss":0,"event_name":"Upgrade Shrine","floor":2,"gold_loss":0,"cards_upgraded":["Zap"]},{"damage_healed":0,"gold_gain":0,"player_choice":"Paid Gold","damage_taken":0,"relics_obtained":["Darkstone Periapt"],"max_hp_gain":0,"max_hp_loss":0,"event_name":"WeMeetAgain","floor":12,"gold_loss":52},{"cards_removed":["Regret"],"damage_healed":0,"gold_gain":0,"player_choice":"Forget","damage_taken":0,"max_hp_gain":0,"max_hp_loss":0,"event_name":"Living Wall","floor":14,"gold_loss":0},{"damage_healed":0,"gold_gain":0,"player_choice":"Obtained Book","damage_taken":16,"max_hp_gain":0,"max_hp_loss":0,"event_name":"Cursed Tome","floor":20,"gold_loss":0},{"damage_healed":0,"gold_gain":0,"player_choice":"Opened","damage_taken":0,"relics_obtained":["Sundial"],"max_hp_gain":0,"max_hp_loss":0,"event_name":"The Mausoleum","floor":21,"gold_loss":0,"cards_obtained":["Writhe"]},{"damage_healed":0,"gold_gain":0,"player_choice":"Smashed Altar","damage_taken":0,"max_hp_gain":0,"max_hp_loss":0,"event_name":"Forgotten Altar","floor":30,"gold_loss":0,"cards_obtained":["Decay"]}],"is_beta":false,"boss_relics":[{"not_picked":["Ectoplasm","bronze:MakeshiftBattery"],"picked":"Inserter"}],"items_purged_floors":[],"is_endless":false,"potions_floor_spawned":[1,4,28,31],"killed_by":"Collector","ascension_level":4}}