{"host":"pi8b3ffzwvxqztac","time":1613076238,"event":{"mods":["BaseMod","Colored Map","Custom Start","Downfall","Minty Spire (QoL Compilation)","StSLib"],"gold_per_floor":[111,61,80,92,72,102,102,121,200,200,231,249,281,21,21,124,124,135,146,146,146,162,162,172,186,186,186,23,23,41,56,56,161,161,176,194,194,244,244,244,244,244,244,94,94,106,124,124,124,124],"floor_reached":51,"language":"ENG","playtime":2793,"items_purged":["Strike_R"],"score":827,"play_id":"c1f3cc76-6aa8-45bb-9a5f-b065bec311a4","local_time":"20210212094358","is_ascension_mode":true,"campfire_choices":[{"data":"Bash","floor":7,"key":"SMITH"},{"data":"Shrug It Off","floor":10,"key":"SMITH"},{"floor":15,"key":"REST"},{"data":"Armaments","floor":23,"key":"SMITH"},{"data":"Fire Breathing","floor":27,"key":"SMITH"},{"data":"Disarm","floor":29,"key":"SMITH"},{"floor":32,"key":"REST"},{"data":"Bandage Up","floor":40,"key":"SMITH"},{"data":"Intimidate","floor":42,"key":"SMITH"},{"data":"Evolve","floor":45,"key":"SMITH"},{"floor":49,"key":"REST"}],"circlet_count":0,"master_deck":["Strike_R","Strike_R","Defend_R","Defend_R","Defend_R","Defend_R","Bash+1","Shrug It Off+1","Disarm+1","Fire Breathing+1","Evolve+1","Wild Strike","Bandage Up+1","Armaments+1","Feed","Iron Wave","Wild Strike+1","Flash of Steel","Intimidate+1","Clothesline","Iron Wave"],"relics":["Burning Blood","PreservedInsect","Torii","Question Card","Bag of Marbles","Lantern","Cursed Key","Busted Crown","champ:DuelingGlove","Blood Vial"],"acts_visited":["Exordium","TheCity","TheBeyond"],"potions_floor_usage":[6,6,16,24,24,25,30,31,36,50,50],"damage_taken":[{"damage":4,"enemies":"Jaw Worm","floor":1,"turns":5},{"damage":1,"enemies":"Cultist","floor":3,"turns":3},{"damage":0,"enemies":"Small Slimes","floor":4,"turns":3},{"damage":17,"enemies":"3 Sentries","floor":6,"turns":8},{"damage":4,"enemies":"Blue Slaver","floor":8,"turns":5},{"damage":32,"enemies":"Lagavulin","floor":11,"turns":6},{"damage":15,"enemies":"Exordium Thugs","floor":12,"turns":6},{"damage":20,"enemies":"3 Sentries","floor":13,"turns":11},{"damage":12,"enemies":"Hexaghost","floor":16,"turns":10},{"damage":18,"enemies":"Chosen","floor":18,"turns":6},{"damage":5,"enemies":"3 Byrds","floor":19,"turns":7},{"damage":24,"enemies":"Shelled Parasite and Fungi","floor":22,"turns":9},{"damage":2,"enemies":"3 Cultists","floor":24,"turns":6},{"damage":21,"enemies":"Snecko","floor":25,"turns":6},{"damage":15,"enemies":"Chosen and Byrds","floor":30,"turns":6},{"damage":13,"enemies":"Centurion and Healer","floor":31,"turns":6},{"damage":55,"enemies":"Collector","floor":33,"turns":11},{"damage":0,"enemies":"Orb Walker","floor":35,"turns":3},{"damage":28,"enemies":"3 Darklings","floor":36,"turns":7},{"damage":1,"enemies":"Mind Bloom Boss Battle","floor":38,"turns":6},{"damage":33,"enemies":"Spire Growth","floor":46,"turns":5},{"damage":9,"enemies":"Writhing Mass","floor":47,"turns":10},{"damage":6,"enemies":"Awakened One","floor":50,"turns":14}],"seed_played":"4732151264357330345","potions_obtained":[{"floor":3,"key":"SpeedPotion"},{"floor":4,"key":"CultistPotion"},{"floor":5,"key":"champ:CounterPotion"},{"floor":16,"key":"Explosive Potion"},{"floor":18,"key":"EssenceOfSteel"},{"floor":22,"key":"SkillPotion"},{"floor":24,"key":"SneckoOil"},{"floor":30,"key":"AttackPotion"},{"floor":33,"key":"BloodPotion"},{"floor":35,"key":"DuplicationPotion"},{"floor":38,"key":"Block Potion"},{"floor":46,"key":"Guardian:BlockOnCardUsePotion"}],"is_trial":false,"path_per_floor":["M","?","M","M","?","E","R","M","T","R","E","M","E","$","R","B",null,"M","M","?","?","M","R","M","M","T","R","$","R","M","M","R","B",null,"M","M","?","?","?","R","?","R","T","$","R","M","M","?","R","B",null],"character_chosen":"IRONCLAD","items_purchased":["Evolve","Wild Strike","Bandage Up","Armaments","Flash of Steel","Blood Vial"],"campfire_rested":3,"item_purchase_floors":[14,14,14,14,28,44],"current_hp_per_floor":[74,74,79,80,80,69,69,71,71,71,45,36,22,22,46,44,71,63,70,70,70,58,58,69,58,58,58,58,58,53,50,74,31,70,80,62,62,71,71,71,71,71,71,71,71,55,60,60,85,86],"gold":124,"neow_bonus":"RANDOM_COMMON_RELIC","is_daily":false,"chose_seed":false,"campfire_upgraded":8,"win_rate":0.0,"timestamp":1613076238,"path_taken":["M","?","M","M","?","E","R","?","T","R","E","M","E","$","R","BOSS","M","M","?","?","M","R","M","M","T","R","$","R","M","M","R","BOSS","M","M","?","?","?","R","?","R","T","?","R","M","?","?","R","BOSS"],"items_purchased_type":["Card","Card","Card","Card","Card","Relic"],"build_version":"2020-12-22","purchased_purges":1,"victory":true,"max_hp_per_floor":[80,80,80,80,80,80,80,80,80,80,80,80,80,80,80,80,80,80,80,80,80,80,80,83,83,83,83,83,83,83,83,83,83,83,83,83,83,83,83,83,83,83,83,83,83,86,86,86,86,86],"card_choices":[{"not_picked":["Wild Strike","Sword Boomerang","Dual Wield"],"picked":"SKIP","floor":1},{"not_picked":["Combust","Dropkick","Pommel Strike"],"picked":"SKIP","floor":3},{"not_picked":["Body Slam","Ghostly Armor"],"picked":"Shrug It Off","floor":4},{"not_picked":["Pommel Strike","Flex","Exhume"],"picked":"SKIP","floor":6},{"not_picked":["Searing Blow","Havoc","Pommel Strike"],"picked":"SKIP","floor":8},{"not_picked":["True Grit","Sword Boomerang","Pommel Strike","Bludgeon"],"picked":"SKIP","floor":11},{"not_picked":["Rampage","Rupture","Whirlwind"],"picked":"Disarm","floor":12},{"not_picked":["Armaments","Seeing Red","Reckless Charge"],"picked":"Fire Breathing","floor":13},{"not_picked":["Brutality","Offering","Demon Form"],"picked":"Feed","floor":16},{"not_picked":["Dark Embrace","Shockwave","Pummel+1","Flex"],"picked":"SKIP","floor":18},{"not_picked":["Rage","Thunderclap","Feel No Pain","Perfected Strike"],"picked":"SKIP","floor":19},{"not_picked":["Cleave","Rupture+1","Dual Wield+1"],"picked":"Iron Wave","floor":22},{"not_picked":["Headbutt","Feel No Pain","Evolve+1","Rupture"],"picked":"SKIP","floor":24},{"not_picked":["Pommel Strike","Warcry","Anger"],"picked":"Wild Strike+1","floor":25},{"not_picked":["Shockwave+1","Havoc+1","Rage"],"picked":"True Grit+1","floor":30},{"not_picked":["Rage","Double Tap","Warcry"],"picked":"Intimidate","floor":31},{"not_picked":["Clash"],"picked":"Clothesline","floor":35},{"not_picked":["Headbutt","Cleave"],"picked":"SKIP","floor":36},{"not_picked":["Havoc+1","Entrench+1"],"picked":"SKIP","floor":46},{"not_picked":["Combust"],"picked":"Iron Wave","floor":47}],"player_experience":764197,"relics_obtained":[{"floor":6,"key":"Torii"},{"floor":9,"key":"Question Card"},{"floor":11,"key":"Bag of Marbles"},{"floor":13,"key":"Lantern"},{"floor":38,"key":"champ:DuelingGlove"}],"event_choices":[{"cards_removed":["Strike_R"],"damage_healed":0,"gold_gain":0,"player_choice":"Card Removal","damage_taken":0,"max_hp_gain":0,"max_hp_loss":0,"event_name":"The Cleric","floor":2,"gold_loss":50},{"damage_healed":0,"gold_gain":0,"player_choice":"Bought 1 Potion","damage_taken":0,"max_hp_gain":0,"max_hp_loss":0,"event_name":"The Woman in Blue","floor":5,"gold_loss":0},{"damage_healed":0,"gold_gain":0,"player_choice":"Ignored","damage_taken":0,"max_hp_gain":0,"max_hp_loss":0,"event_name":"Ghosts","floor":20,"gold_loss":0},{"cards_removed":["Strike_R"],"damage_healed":0,"gold_gain":0,"player_choice":"Offered Basic","damage_taken":0,"max_hp_gain":0,"max_hp_loss":0,"event_name":"Bonfire Elementals","floor":21,"gold_loss":0},{"damage_healed":0,"gold_gain":0,"player_choice":"Ignored","damage_taken":0,"max_hp_gain":0,"max_hp_loss":0,"event_name":"Tomb of Lord Red Mask","floor":37,"gold_loss":0},{"damage_healed":0,"gold_gain":0,"player_choice":"Fight","damage_taken":0,"max_hp_gain":0,"max_hp_loss":0,"event_name":"MindBloom","floor":38,"gold_loss":0},{"cards_removed":["True Grit"],"damage_healed":0,"gold_gain":0,"player_choice":"Removed Skill","damage_taken":0,"max_hp_gain":0,"max_hp_loss":0,"event_name":"Falling","floor":39,"gold_loss":0},{"damage_healed":0,"gold_gain":0,"player_choice":"Ignored","damage_taken":0,"max_hp_gain":0,"max_hp_loss":0,"event_name":"Mysterious Sphere","floor":41,"gold_loss":0},{"damage_healed":0,"gold_gain":0,"player_choice":"Got Potions","damage_taken":0,"max_hp_gain":0,"max_hp_loss":0,"event_name":"Lab","floor":48,"gold_loss":0}],"is_beta":false,"boss_relics":[{"not_picked":["Fusion Hammer","Runic Cube"],"picked":"Cursed Key"},{"not_picked":["Runic Dome","Black Star"],"picked":"Busted Crown"}],"items_purged_floors":[28],"is_endless":false,"potions_floor_spawned":[3,4,16,18,22,24,30,33,35,38,46,47],"ascension_level":6}}