{"host":"enpah696raxjhbxd","time":1613049053,"event":{"mods":["BaseMod","Challenge The Spire","Chen","Colored Powertips","Friendly Minions","Minty Spire (QoL Compilation)","Replay The Spire","StSLib","TestMod","The Bladedancer","The Poker Player","UnlockEverythingMod"],"gold_per_floor":[117,131,145,545,560,590,590,616,643,693,693,693,693,693,693,798,798,810,810,810,544,544,572,572,590,615,648,575,575,372,452,452,562,612,612],"floor_reached":34,"language":"ZHS","playtime":833,"items_purged":["Voices"],"score":662,"play_id":"4ab56f03-91c8-4e2a-b462-6c57359545e5","local_time":"20210211211053","is_ascension_mode":true,"campfire_choices":[{"data":"blademaster:Bloodbath","floor":7.0,"key":"SMITH"},{"data":"blademaster:TraverseCut","floor":11.0,"key":"SMITH"},{"floor":13.0,"key":"RECALL"},{"data":"blademaster:Strike","floor":15.0,"key":"SMITH"},{"data":"blademaster:ColdBlood","floor":29,"key":"SMITH"},{"data":"blademaster:HighVoltage","floor":32,"key":"SMITH"}],"circlet_count":0,"master_deck":["blademaster:Strike+1","blademaster:Strike+1","blademaster:Strike+1","blademaster:Strike+1","blademaster:Defend+1","blademaster:Defend+1","blademaster:Defend+1","blademaster:Defend+1","blademaster:RagingBlow+1","blademaster:HighVoltage+1","blademaster:Bloodbath+1","blademaster:AspectOfLightning+1","blademaster:Vortex+1","blademaster:TraverseCut+1","Amnesia","blademaster:ColdBlood+1","blademaster:ThunderingOpener+1","Hallucinations","blademaster:TraverseCut+1","Decay","Clumsy","Injury","ReplayTheSpireMod:Splinters","Writhe","Pain","blademaster:Frontflip"],"relics":["blademaster:DancersAmulet","testmod-FatalChain","NeowsBlessing","Gremlin Food","Replay:Mystery Machine","Whetstone","Ring of Greed","Ring of Fury","Membership Card","MealTicket","SlaversCollar","testmod-CrystalShield","Orichalcum","ReplayTheSpireMod:TigerMarble","testmod-RainbowHikingShoes","Potion Belt","CaptainsWheel","testmod-AssaultLearning","Molten Egg 2","testmod-Acrobat","Divine Protection","Tiny House"],"acts_visited":["Exordium","TheCity","TheBeyond"],"potions_floor_usage":[27,27,33],"damage_taken":[{"damage":0.0,"enemies":"Small Slimes","floor":1.0,"turns":1.0},{"damage":0.0,"enemies":"2 Louse","floor":2.0,"turns":1.0},{"damage":0.0,"enemies":"Jaw Worm","floor":3.0,"turns":1.0},{"damage":17.0,"enemies":"Large Slime","floor":5.0,"turns":6.0},{"damage":10.0,"enemies":"Replay:BlueRogue","floor":6.0,"turns":3.0},{"damage":10.0,"enemies":"Gremlin Nob","floor":8.0,"turns":3.0},{"damage":42.0,"enemies":"Hexaghost","floor":16.0,"turns":7.0},{"damage":5.0,"enemies":"Chosen","floor":18.0,"turns":3.0},{"damage":0.0,"enemies":"Gremlin Leader","floor":23.0,"turns":2.0},{"damage":0.0,"enemies":"Spheric Guardian","floor":25.0,"turns":2.0},{"damage":6,"enemies":"Replay:Snechameleon","floor":27,"turns":2},{"damage":0,"enemies":"Collector","floor":33,"turns":5}],"seed_played":"-6591748834095707598","potions_obtained":[{"floor":2.0,"key":"SneckoOil"},{"floor":3.0,"key":"Dexterity Potion"},{"floor":6.0,"key":"FearPotion"},{"floor":16.0,"key":"Fire Potion"},{"floor":23.0,"key":"Cursed Concoction"},{"floor":27,"key":"SneckoOil"},{"floor":33,"key":"Dexterity Potion"},{"floor":34,"key":"Toxic Potion"}],"is_trial":false,"path_per_floor":["M","M","M","?","M","E","R","E","T","?","R","?","R","?","R","B",null,"M","?","?","$","?","E","?","M","T","E","$","R","$","T","R","B",null],"character_chosen":"THE_BLADEMASTER","items_purchased":["testmod-CrystalShield","Orichalcum","testmod-AssaultLearning","Molten Egg 2","testmod-Acrobat"],"campfire_rested":0,"item_purchase_floors":[21,21,28,30,30],"current_hp_per_floor":[75,75,75,75,58,48,48,38,38,38,38,23,23,75,75,33,75,70,56,56,71,71,71,71,71,71,65,80,80,80,80,80,80,85,85],"gold":612,"neow_bonus":"THREE_ENEMY_KILL","is_daily":false,"chose_seed":false,"campfire_upgraded":5,"win_rate":0.0,"timestamp":1613049053,"path_taken":["M","M","M","?","M","E","R","E","T","?","R","?","R","?","R","BOSS","M","?","?","$","?","E","?","M","T","E","?","R","$","?","R","BOSS"],"items_purchased_type":["Relic","Relic","Relic","Relic","Relic"],"build_version":"2020-12-22","purchased_purges":1,"victory":false,"max_hp_per_floor":[75,75,75,75,75,75,75,75,75,75,75,75,75,75,75,75,75,75,80,80,80,80,80,80,80,80,80,80,80,80,80,80,80,85,85],"card_choices":[{"not_picked":["blademaster:Slice","blademaster:Stormstrike","blademaster:Discharge"],"picked":"SKIP","floor":1.0},{"not_picked":["blademaster:Safeguard","blademaster:Havoc"],"picked":"blademaster:Bloodbath","floor":2.0},{"not_picked":["blademaster:AspectOfWind","blademaster:Slice"],"picked":"blademaster:AspectOfLightning","floor":3.0},{"not_picked":["blademaster:AspectOfLightning","blademaster:EnchantedCuirass"],"picked":"blademaster:Vortex","floor":5.0},{"not_picked":["blademaster:SharpBlades","blademaster:SlyStabs"],"picked":"blademaster:TraverseCut","floor":6.0},{"not_picked":["blademaster:AwakeningStrike","blademaster:RagingBlow","blademaster:Frenzy"],"picked":"SKIP","floor":8.0},{"not_picked":["blademaster:BladeDance","blademaster:Empower"],"picked":"blademaster:ColdBlood","floor":16.0},{"not_picked":["blademaster:EyeOfTheTornado","blademaster:Frontflip"],"picked":"blademaster:ThunderingOpener+1","floor":18.0},{"not_picked":["blademaster:Sunder+1","blademaster:Slice+1"],"picked":"blademaster:TraverseCut+1","floor":23.0},{"not_picked":["blademaster:BladeMastery","blademaster:IcyWind","blademaster:Reversal"],"picked":"SKIP","floor":25.0},{"not_picked":["blademaster:Breeze","blademaster:AirSlash","blademaster:Hailwind+1"],"picked":"SKIP","floor":27},{"not_picked":["blademaster:Discharge","blademaster:Gust"],"picked":"blademaster:Frontflip","floor":34}],"player_experience":220572,"relics_obtained":[{"floor":6.0,"key":"Gremlin Food"},{"floor":6.0,"key":"blademaster:FuryEveryTurnPerk"},{"floor":8.0,"key":"Replay:Mystery Machine"},{"floor":8.0,"key":"blademaster:ComboEveryTurnPerk"},{"floor":9.0,"key":"Whetstone"},{"floor":10.0,"key":"Ring of Greed"},{"floor":10.0,"key":"Ring of Fury"},{"floor":10.0,"key":"Membership Card"},{"floor":10.0,"key":"MealTicket"},{"floor":23.0,"key":"testmod-RainbowHikingShoes"},{"floor":23.0,"key":"blademaster:OnAttackedChargePerk"},{"floor":26.0,"key":"Potion Belt"},{"floor":27,"key":"CaptainsWheel"},{"floor":27,"key":"blademaster:BonusComboPerk"},{"floor":31,"key":"Divine Protection"}],"event_choices":[{"damage_healed":0.0,"max_hp_gain":0.0,"max_hp_loss":0.0,"gold_gain":400.0,"event_name":"恩洛斯的盘子","player_choice":"Sell","floor":4.0,"relics_lost":["testmod-TestBox"],"gold_loss":0.0,"damage_taken":0.0},{"damage_healed":0.0,"max_hp_gain":0.0,"max_hp_loss":0.0,"gold_gain":0.0,"event_name":"Shining Light","player_choice":"Entered Light","floor":12.0,"gold_loss":0.0,"damage_taken":15.0,"cards_upgraded":["blademaster:AspectOfLightning","blademaster:Strike"]},{"damage_healed":0.0,"max_hp_gain":5.0,"max_hp_loss":0.0,"gold_gain":0.0,"event_name":"Forgotten Altar","player_choice":"Shed Blood","floor":19.0,"gold_loss":0.0,"damage_taken":19.0},{"damage_healed":0.0,"max_hp_gain":0.0,"max_hp_loss":0.0,"gold_gain":0.0,"event_name":"给自己的盒子","player_choice":"Ignored","floor":20.0,"gold_loss":0.0,"damage_taken":0.0},{"damage_healed":0.0,"max_hp_gain":0.0,"max_hp_loss":0.0,"gold_gain":0.0,"event_name":"Back to Basics","player_choice":"Simplicity","floor":24.0,"gold_loss":0.0,"damage_taken":0.0,"cards_upgraded":["blademaster:Strike","blademaster:Strike","blademaster:Defend","blademaster:Defend","blademaster:Defend","blademaster:Defend"]}],"is_beta":false,"boss_relics":[{"not_picked":["testmod-StringDisintegrator","Calling Bell"],"picked":"SlaversCollar"},{"not_picked":["Kintsugi","ReplayTheSpireMod:DimensionalGlitch"],"picked":"Tiny House"}],"items_purged_floors":[21],"is_endless":false,"potions_floor_spawned":[2,3,6,16,23,27,33],"ascension_level":3}}