{"host":"1izdfj84a6wseks8","time":1613023932,"event":{"mods":["2.2 Compatiblity","ATMod(阿瑾Mod)","Act Like it!","Arknights","BaseMod","Better Vampires","Challenge The Spire","Colored Map","Colored Powertips","Curses Come First","Energized Spire","Gensokyo","Good Game Mod","Highlight Path","KinomotoSakuraMod(木之本樱)","Koishi","KomeijiMod","LagranYue(拉格朗・月)","Lobotomy","LobotomyExtend","Luminous","Marisa（F雨　魔理沙）","Minty Spire (QoL Compilation)","Potion Indicator Mod","Reimu（博丽灵梦）","Relic Filter Mod","Relic Stats","Reliquary","Remilia（蕾米莉亚）","Shop Mod","Slay the Relics Exporter","StSLib","TestMod","The Alterego","The Animator","The Bug Knight","The Servant 0.9.4","Waifu the Spire","WarShipGirlsR/战舰少女R mod","Warlord Emblem","Yakumo Yukari mod","Youmu（魂魄妖梦）","Yuyuko","【功能Mod】混沌之环修复补丁","篝火指南"],"gold_per_floor":[116,40,53,70,20,34,34,34],"floor_reached":7,"language":"ZHS","playtime":1146,"items_purged":[],"score":43,"play_id":"f49c5161-6502-4d5c-be3f-aebaf652dab2","local_time":"20210211141212","is_ascension_mode":false,"campfire_choices":[],"circlet_count":0,"master_deck":["ats:Strike C","ats:Strike G","ats:Strike S","ats:Strike V","ats:Armor Crushing Shot","ats:Defend","ats:Defend","ats:Defend","ats:Emotion Absorption","rmod:gendarmerie","QueenOfHatred","ats:Explosion Area Strengthen","ats:Blood Oath","ats:Very Hot Blade","ats:Sword Rain","ats:Overload","Funeral","ats:Very Hot Blade"],"relics":["ats:Sanity","AT_ATBox","REME:ComplimentaryCards","testmod-TestBox","LagranYue:RandomDrawCardRelic","testmod-Maize","CogitoBucket","LetterFromLob"],"acts_visited":["Exordium"],"potions_floor_usage":[],"damage_taken":[{"damage":4,"enemies":"2 Louse","floor":1,"turns":3},{"damage":3,"enemies":"ats:Genji","floor":3,"turns":3},{"damage":7,"enemies":"Jaw Worm","floor":4,"turns":5},{"damage":51,"enemies":"2 Fungi Beasts","floor":6,"turns":5},{"damage":55,"enemies":"Gremlin Nob","floor":7,"turns":4}],"seed_played":"-9171305793606851484","potions_obtained":[{"floor":1,"key":"Dexterity Potion"}],"is_trial":false,"path_per_floor":["M","$","M","M","?","M","E"],"character_chosen":"DOCTOR_CLASS","items_purchased":["ats:Blood Oath","ats:Very Hot Blade"],"campfire_rested":0,"item_purchase_floors":[2,2],"current_hp_per_floor":[68,68,72,68,68,38,0,0],"gold":34,"neow_bonus":"","is_daily":false,"chose_seed":false,"campfire_upgraded":0,"win_rate":0.0,"timestamp":1613023932,"path_taken":["M","$","M","M","?","M","E"],"items_purchased_type":["Card","Card"],"build_version":"2020-12-22","purchased_purges":0,"victory":false,"max_hp_per_floor":[72,72,72,72,72,72,72,72],"relic_stats":{"counters":[5,20],"obtain_stats":[{"Yang_Lob":4,"testmod-Maize":0,"REME:ComplimentaryCards":0,"CogitoBucket":0,"AT_ATBox":0,"testmod-TestBox":0,"LagranYue:RandomDrawCardRelic":0,"LetterFromLob":1,"ats:Sanity":0},{"Yang_Lob":3,"testmod-Maize":0,"REME:ComplimentaryCards":0,"CogitoBucket":0,"AT_ATBox":0,"testmod-TestBox":0,"LagranYue:RandomDrawCardRelic":0,"LetterFromLob":1,"ats:Sanity":0},{"Yang_Lob":11,"testmod-Maize":0,"REME:ComplimentaryCards":0,"CogitoBucket":0,"AT_ATBox":0,"testmod-TestBox":0,"LagranYue:RandomDrawCardRelic":0,"LetterFromLob":3,"ats:Sanity":0}]},"card_choices":[{"not_picked":["SnowQueen","PunishingBird"],"picked":"QueenOfHatred","floor":1},{"not_picked":["ats:Thorns","ats:Guard Mode"],"picked":"ats:Explosion Area Strengthen","floor":1},{"not_picked":["HappyTeddy","OSAHOGD"],"picked":"Yin","floor":3},{"not_picked":["ats:Neurotoxin","ats:Charging Defense"],"picked":"ats:Sword Rain","floor":3},{"not_picked":["ats:Literary Storm","ats:Shell Defense"],"picked":"ats:Overload","floor":4},{"not_picked":["BeautyBeast","MeatLantern"],"picked":"Funeral","floor":6},{"not_picked":["ats:Flexible Camouflage","ats:Part Time Job"],"picked":"ats:Very Hot Blade","floor":6}],"player_experience":13136,"relics_obtained":[{"floor":1,"key":"LetterFromLob"}],"event_choices":[{"cards_removed":["ats:Defend"],"damage_healed":0,"gold_gain":0,"player_choice":"Card Removal","damage_taken":0,"max_hp_gain":0,"max_hp_loss":0,"event_name":"The Cleric","floor":5,"gold_loss":50}],"is_beta":false,"boss_relics":[],"items_purged_floors":[],"is_endless":false,"potions_floor_spawned":[1],"killed_by":"Gremlin Nob","ascension_level":0}}