{"host":"fx4ma24vdin0c28l","time":1613009613,"event":{"mods":["AchievementEnabler","BaseMod","Colored Map","Colored Powertips","Minty Spire (QoL Compilation)","Quick Restart"],"gold_per_floor":[119,9019,9030,9047,8313,8313,8313,8330,8330,8330,8330,8341,7527,7554,7554,7655,7655,7669,7682,7682,7682,105,135,135,60,111,111,111,111,54,69,69,164,164,184,184,60,87,105,105,105,105,105,105,155,155,155,173,173,173],"floor_reached":51,"language":"ENG","playtime":1433,"items_purged":["Defend_R","Strike_R","Strike_R"],"score":1080,"play_id":"fc8f68be-4a5c-4cc8-a38d-e501aa0f0fc3","local_time":"20210210211333","is_ascension_mode":true,"campfire_choices":[{"data":"Spot Weakness","floor":6,"key":"SMITH"},{"data":"Seeing Red","floor":10,"key":"SMITH"},{"data":"Clash","floor":15,"key":"SMITH"},{"floor":24,"key":"REST"},{"data":"Searing Blow+1","floor":27,"key":"SMITH"},{"data":"Searing Blow+2","floor":29,"key":"SMITH"},{"data":"Searing Blow+3","floor":32,"key":"SMITH"},{"data":"Searing Blow+4","floor":42,"key":"SMITH"},{"data":"Searing Blow+5","floor":47,"key":"SMITH"},{"data":"1","floor":49,"key":"LIFT"}],"circlet_count":0,"master_deck":["Strike_R+1","Strike_R+1","Strike_R+1","Defend_R+1","Defend_R+1","Defend_R+1","Thunderclap+1","Flex+1","Thunderclap","Seeing Red+1","Master of Strategy","Swift Strike","Iron Wave","Pommel Strike","Cleave+1","Spot Weakness+1","Clash+1","Offering+1","Master of Strategy","Pommel Strike+1","Cleave+1","Exhume","Searing Blow+6","Spot Weakness+1","Perfected Strike+1","Perfected Strike+1","Perfected Strike+1","Twin Strike+1","Twin Strike+1","Heavy Blade+1","Twin Strike+1","Perfected Strike+1"],"relics":["Burning Blood","NeowsBlessing","Anchor","Regal Pillow","DollysMirror","Brimstone","Whetstone","Bottled Flame","Molten Egg 2","Sling","Blood Vial","Bronze Scales","The Courier","SacredBark","Bag of Marbles","PreservedInsect","Bag of Preparation","Mercury Hourglass","Matryoshka","Mango","Toy Ornithopter","Centennial Puzzle","Pocketwatch","Tiny Chest","Letter Opener","Red Skull","InkBottle","Dream Catcher","War Paint","Frozen Eye","Juzu Bracelet","Darkstone Periapt","Mummified Hand","Gremlin Horn","Blue Candle","Pen Nib","Lantern","Oddly Smooth Stone","Sundial","Paper Frog","Meat on the Bone","Boot","Omamori","Prayer Wheel","Strawberry","HornCleat","Happy Flower","Self Forming Clay","Ornamental Fan","Toxic Egg 2","Art of War","Vajra","Champion Belt","Pantograph","Pear","Potion Belt","Ancient Tea Set","Orichalcum","Torii","Charon\u0027s Ashes","MealTicket","Nunchaku","Black Star","Strange Spoon","Shuriken","White Beast Statue","Unceasing Top","Eternal Feather","Girya","Thread and Needle"],"acts_visited":["Exordium","TheCity","TheBeyond"],"potions_floor_usage":[8,14,16,16,16,50,50,50,50],"damage_taken":[{"damage":0,"enemies":"2 Louse","floor":1,"turns":1},{"damage":0,"enemies":"Cultist","floor":3,"turns":1},{"damage":0,"enemies":"Jaw Worm","floor":4,"turns":1},{"damage":0,"enemies":"Large Slime","floor":8,"turns":2},{"damage":0,"enemies":"2 Fungi Beasts","floor":12,"turns":2},{"damage":0,"enemies":"Gremlin Nob","floor":14,"turns":2},{"damage":51,"enemies":"Hexaghost","floor":16,"turns":5},{"damage":1,"enemies":"2 Thieves","floor":18,"turns":2},{"damage":6,"enemies":"Spheric Guardian","floor":19,"turns":2},{"damage":0,"enemies":"Slavers","floor":23,"turns":1},{"damage":0,"enemies":"3 Cultists","floor":31,"turns":1},{"damage":0,"enemies":"Collector","floor":33,"turns":1},{"damage":0,"enemies":"3 Shapes","floor":35,"turns":1},{"damage":0,"enemies":"Orb Walker","floor":39,"turns":1},{"damage":0,"enemies":"Reptomancer","floor":40,"turns":1},{"damage":0,"enemies":"Mind Bloom Boss Battle","floor":45,"turns":1},{"damage":0,"enemies":"3 Darklings","floor":48,"turns":1},{"damage":6,"enemies":"Donu and Deca","floor":50,"turns":2}],"seed_played":"-131694204056492112","potions_obtained":[{"floor":1,"key":"Fire Potion"},{"floor":8,"key":"AttackPotion"},{"floor":14,"key":"Strength Potion"},{"floor":19,"key":"Energy Potion"}],"is_trial":false,"path_per_floor":["M","$","M","M","$","R","?","M","T","R","?","M","$","E","R","B",null,"M","M","?","?","$","E","R","?","T","R","?","R","$","M","R","B",null,"M","?","$","T","M","E","?","R","T","$","?","?","R","M","R","B",null],"character_chosen":"IRONCLAD","items_purchased":["Anchor","Regal Pillow","DollysMirror","Flex","Seeing Red","Master of Strategy","Swift Strike","DuplicationPotion","PowerPotion","Cleave","Brimstone","Whetstone","Bottled Flame","Spot Weakness","Master of Strategy","Sling","Blood Vial","Bronze Scales","Pommel Strike+1","Bag of Marbles","PreservedInsect","Bag of Preparation","Mercury Hourglass","Matryoshka","Mango","Toy Ornithopter","Centennial Puzzle","Pocketwatch","Tiny Chest","Letter Opener","Red Skull","InkBottle","Dream Catcher","War Paint","Perfected Strike+1","Perfected Strike+1","Frozen Eye","Juzu Bracelet","Darkstone Periapt","Mummified Hand","Gremlin Horn","Blue Candle","Pen Nib","Lantern","Oddly Smooth Stone","Sundial","Paper Frog","Meat on the Bone","Boot","Omamori","Prayer Wheel","Strawberry","HornCleat","Happy Flower","Self Forming Clay","Ornamental Fan","Toxic Egg 2","Art of War","Vajra","Champion Belt","Pantograph","Pear","Potion Belt","Block Potion","Swift Potion","SpeedPotion","Explosive Potion","Ancient Tea Set","Orichalcum","Torii","Twin Strike+1","Heavy Blade+1","Strange Spoon"],"campfire_rested":1,"item_purchase_floors":[2,2,2,2,2,2,2,2,2,5,5,5,5,5,13,13,13,13,13,22,22,22,22,22,22,22,22,22,22,22,22,22,22,22,22,22,22,22,22,22,22,22,22,22,22,22,22,22,22,22,22,22,22,22,22,22,22,22,22,22,22,22,22,22,22,22,22,22,22,22,30,30,37],"current_hp_per_floor":[80,80,80,80,80,80,80,80,80,80,80,80,80,80,80,35,80,80,80,80,80,111,111,111,111,111,111,111,111,111,111,111,111,111,111,111,111,111,111,111,111,111,111,111,111,111,111,111,111,111],"gold":173,"neow_bonus":"THREE_ENEMY_KILL","is_daily":false,"chose_seed":false,"campfire_upgraded":8,"win_rate":0.0,"timestamp":1613009613,"path_taken":["M","$","M","M","$","R","?","M","T","R","?","M","$","E","R","BOSS","M","?","?","?","$","E","R","?","T","R","?","R","$","M","R","BOSS","M","?","$","?","M","E","?","R","T","$","?","?","R","M","R","BOSS"],"items_purchased_type":["Relic","Relic","Relic","Card","Card","Card","Card","Potion","Potion","Card","Relic","Relic","Relic","Card","Card","Relic","Relic","Relic","Card","Relic","Relic","Relic","Relic","Relic","Relic","Relic","Relic","Relic","Relic","Relic","Relic","Relic","Relic","Relic","Card","Card","Relic","Relic","Relic","Relic","Relic","Relic","Relic","Relic","Relic","Relic","Relic","Relic","Relic","Relic","Relic","Relic","Relic","Relic","Relic","Relic","Relic","Relic","Relic","Relic","Relic","Relic","Relic","Potion","Potion","Potion","Potion","Relic","Relic","Relic","Card","Card","Relic"],"build_version":"2020-12-22","purchased_purges":3,"victory":true,"max_hp_per_floor":[80,80,80,80,80,80,80,80,80,80,80,80,80,80,80,80,80,80,80,80,80,111,111,111,111,111,111,111,111,111,111,111,111,111,111,111,111,111,111,111,111,111,111,111,111,111,111,111,111,111],"card_choices":[{"not_picked":["Sentinel","Battle Trance"],"picked":"Thunderclap","floor":1},{"not_picked":["Dual Wield","Body Slam"],"picked":"Iron Wave","floor":3},{"not_picked":["Wild Strike","Pummel"],"picked":"Pommel Strike","floor":4},{"not_picked":["Warcry","Sever Soul"],"picked":"Clash","floor":8},{"not_picked":["Intimidate","Havoc"],"picked":"Offering","floor":12},{"not_picked":["Rupture","Shockwave"],"picked":"Cleave+1","floor":14},{"not_picked":["Berserk","Immolate+1"],"picked":"Exhume","floor":16},{"not_picked":["Pummel+1","Pommel Strike+1"],"picked":"Searing Blow+1","floor":18},{"not_picked":["Hemokinesis+1","Metallicize"],"picked":"Spot Weakness+1","floor":19},{"not_picked":["Armaments+1","Body Slam+1","Ghostly Armor+1"],"picked":"SKIP","floor":23},{"not_picked":["Rage+1","Flex+1"],"picked":"Twin Strike+1","floor":24},{"not_picked":["Headbutt+1","Second Wind+1","Warcry+1"],"picked":"SKIP","floor":31},{"not_picked":["Anger+1","Exhume+1","Havoc+1"],"picked":"SKIP","floor":31},{"not_picked":["Cleave+1","Headbutt+1","Whirlwind+1"],"picked":"SKIP","floor":35},{"not_picked":["Body Slam+1","Flex+1","Combust"],"picked":"SKIP","floor":35},{"not_picked":["Thunderclap+1","Flex+1"],"picked":"Twin Strike+1","floor":39},{"not_picked":["Second Wind+1","Dual Wield+1"],"picked":"Perfected Strike+1","floor":39},{"not_picked":["Reckless Charge+1","Hemokinesis+1","Spot Weakness+1"],"picked":"SKIP","floor":40},{"not_picked":["Body Slam+1","Power Through+1","Reckless Charge+1"],"picked":"SKIP","floor":48},{"not_picked":["Rupture+1","Heavy Blade+1","Dark Embrace"],"picked":"SKIP","floor":48}],"player_experience":53572,"relics_obtained":[{"floor":9,"key":"Molten Egg 2"},{"floor":14,"key":"The Courier"},{"floor":23,"key":"Charon\u0027s Ashes"},{"floor":26,"key":"MealTicket"},{"floor":26,"key":"Nunchaku"},{"floor":38,"key":"Shuriken"},{"floor":38,"key":"White Beast Statue"},{"floor":40,"key":"Unceasing Top"},{"floor":40,"key":"Eternal Feather"},{"floor":43,"key":"Girya"},{"floor":45,"key":"Thread and Needle"}],"event_choices":[{"damage_healed":0,"gold_gain":0,"player_choice":"Grow","damage_taken":0,"max_hp_gain":0,"max_hp_loss":0,"event_name":"Living Wall","floor":7,"gold_loss":0,"cards_upgraded":["Cleave"]},{"damage_healed":0,"gold_gain":0,"player_choice":"Ignored","damage_taken":0,"max_hp_gain":0,"max_hp_loss":0,"event_name":"Golden Shrine","floor":11,"gold_loss":0},{"damage_healed":0,"gold_gain":0,"player_choice":"Read","damage_taken":0,"max_hp_gain":0,"max_hp_loss":0,"event_name":"The Library","floor":20,"gold_loss":0,"cards_obtained":["Perfected Strike"]},{"damage_healed":0,"gold_gain":0,"player_choice":"Simplicity","damage_taken":0,"max_hp_gain":0,"max_hp_loss":0,"event_name":"Back to Basics","floor":21,"gold_loss":0,"cards_upgraded":["Strike_R","Strike_R","Defend_R","Defend_R","Defend_R"]},{"cards_removed":["Bash"],"damage_healed":0,"gold_gain":0,"player_choice":"Gave Gold","damage_taken":0,"max_hp_gain":0,"max_hp_loss":0,"event_name":"Beggar","floor":25,"gold_loss":75},{"damage_healed":0,"gold_gain":0,"player_choice":"Ignored","damage_taken":0,"max_hp_gain":0,"max_hp_loss":0,"event_name":"Ghosts","floor":28,"gold_loss":0},{"damage_healed":0,"gold_gain":0,"player_choice":"Bought 0 Potions","damage_taken":0,"max_hp_gain":0,"max_hp_loss":0,"event_name":"The Woman in Blue","floor":36,"gold_loss":0},{"damage_healed":0,"gold_gain":0,"player_choice":"Full Heal","damage_taken":0,"max_hp_gain":0,"max_hp_loss":0,"event_name":"Wheel of Change","floor":41,"gold_loss":0},{"damage_healed":0,"gold_gain":0,"player_choice":"Fight","damage_taken":0,"max_hp_gain":0,"max_hp_loss":0,"event_name":"MindBloom","floor":45,"gold_loss":0},{"damage_healed":0,"gold_gain":0,"player_choice":"Got Potions","damage_taken":0,"max_hp_gain":0,"max_hp_loss":0,"event_name":"Lab","floor":46,"gold_loss":0}],"is_beta":false,"boss_relics":[{"not_picked":["Velvet Choker","Snecko Eye"],"picked":"SacredBark"},{"not_picked":["Astrolabe","Busted Crown"],"picked":"Black Star"}],"items_purged_floors":[2,5,13],"is_endless":false,"potions_floor_spawned":[1,8,14,19,23,35,39,40,45,48],"ascension_level":1}}