{"host":"1xo5g347e5o4auts","time":1613067418,"event":{"mods":["BaseMod","Minty Spire (QoL Compilation)","Permanent Neow","StSLib"],"gold_per_floor":[112,112,125,45,57,82,82,109,134,114,143,182,209,253,253,334,388,407,322,349,349,364,408,425,459,459,470,470,507,507,45,45,126,126,153,153,198,198,211,239,239,249,249,284,303,330,330,346,346,346,346,346,346,33,64,64,64],"floor_reached":56,"language":"ENG","playtime":2394,"items_purged":["Thunder Strike","FTL"],"score":2450,"play_id":"dacff957-21fa-4118-bada-9eef5b0e3cd3","local_time":"20210211201658","is_ascension_mode":true,"campfire_choices":[{"floor":7.0,"key":"REST"},{"data":"Loop","floor":15.0,"key":"SMITH"},{"data":"Genetic Algorithm","floor":28.0,"key":"SMITH"},{"data":"Coolheaded","floor":30.0,"key":"SMITH"},{"data":"Amplify","floor":32.0,"key":"SMITH"},{"data":"Coolheaded","floor":41.0,"key":"SMITH"},{"floor":49.0,"key":"RECALL"},{"data":"Capacitor","floor":53,"key":"SMITH"}],"circlet_count":0,"master_deck":["AscendersBane","Zap","Dualcast","Fission+1","Streamline","Sweeping Beam","Rebound","FTL","Glacier","Ball Lightning","Doom and Gloom","Ball Lightning","Core Surge","Loop+1","All For One","Echo Form","Hyperbeam","Glacier","Self Repair","Sunder","Amplify+1","Genetic Algorithm+1","Coolheaded+1","Echo Form","Creative AI","Coolheaded+1","Capacitor+1"],"relics":["Cracked Core","Orichalcum","Toy Ornithopter","CeramicFish","Lantern","Meat on the Bone","Pandora\u0027s Box","Tiny Chest","Smiling Mask","Symbiotic Virus","Eternal Feather","Pen Nib","Mummified Hand","DollysMirror","Snecko Eye","Calipers","Incense Burner","Cables","Bag of Preparation","Regal Pillow","InkBottle","Nunchaku"],"acts_visited":["Exordium","TheCity","TheBeyond","TheEnding"],"potions_floor_usage":[56,56],"damage_taken":[{"damage":9.0,"enemies":"Jaw Worm","floor":1.0,"turns":4.0},{"damage":0.0,"enemies":"Small Slimes","floor":3.0,"turns":2.0},{"damage":0.0,"enemies":"Cultist","floor":5.0,"turns":3.0},{"damage":16.0,"enemies":"3 Sentries","floor":6.0,"turns":6.0},{"damage":19.0,"enemies":"Lagavulin","floor":8.0,"turns":5.0},{"damage":3.0,"enemies":"3 Louse","floor":11.0,"turns":3.0},{"damage":2.0,"enemies":"Gremlin Nob","floor":12.0,"turns":3.0},{"damage":2.0,"enemies":"Large Slime","floor":13.0,"turns":4.0},{"damage":12.0,"enemies":"Lagavulin","floor":14.0,"turns":6.0},{"damage":0.0,"enemies":"Slime Boss","floor":16.0,"turns":3.0},{"damage":15.0,"enemies":"Shell Parasite","floor":18.0,"turns":2.0},{"damage":6.0,"enemies":"3 Byrds","floor":20.0,"turns":4.0},{"damage":36.0,"enemies":"Snake Plant","floor":22.0,"turns":3.0},{"damage":0.0,"enemies":"Gremlin Leader","floor":23.0,"turns":6.0},{"damage":18.0,"enemies":"Chosen and Byrds","floor":24.0,"turns":4.0},{"damage":12.0,"enemies":"Slavers","floor":25.0,"turns":5.0},{"damage":33.0,"enemies":"3 Cultists","floor":27.0,"turns":4.0},{"damage":15.0,"enemies":"Book of Stabbing","floor":29.0,"turns":5.0},{"damage":44.0,"enemies":"Champ","floor":33.0,"turns":9.0},{"damage":0.0,"enemies":"3 Darklings","floor":35.0,"turns":2.0},{"damage":4.0,"enemies":"2 Orb Walkers","floor":37.0,"turns":2.0},{"damage":1.0,"enemies":"3 Shapes","floor":39.0,"turns":4.0},{"damage":0.0,"enemies":"Reptomancer","floor":40.0,"turns":4.0},{"damage":1.0,"enemies":"Maw","floor":42.0,"turns":5.0},{"damage":0.0,"enemies":"Nemesis","floor":44.0,"turns":5.0},{"damage":0.0,"enemies":"Jaw Worm Horde","floor":45.0,"turns":6.0},{"damage":0.0,"enemies":"Giant Head","floor":46.0,"turns":4.0},{"damage":5.0,"enemies":"4 Shapes","floor":48.0,"turns":3.0},{"damage":0,"enemies":"Time Eater","floor":50,"turns":10},{"damage":12,"enemies":"Awakened One","floor":51,"turns":7},{"damage":31,"enemies":"Shield and Spear","floor":55,"turns":8},{"damage":58,"enemies":"The Heart","floor":56,"turns":3}],"seed_played":"-5249012936476923110","potions_obtained":[{"floor":5.0,"key":"FearPotion"},{"floor":8.0,"key":"Fire Potion"},{"floor":11.0,"key":"FairyPotion"},{"floor":16.0,"key":"Explosive Potion"},{"floor":18.0,"key":"Fire Potion"},{"floor":23.0,"key":"SkillPotion"},{"floor":25.0,"key":"PotionOfCapacity"},{"floor":29.0,"key":"Weak Potion"},{"floor":35.0,"key":"DistilledChaos"},{"floor":45.0,"key":"AttackPotion"}],"is_trial":false,"path_per_floor":["M","?","M","$","M","E","R","E","T","?","M","E","M","E","R","B",null,"M","?","M","?","M","E","M","E","T","M","R","E","R","$","R","B",null,"M","?","?","T","M","E","R","M","T","E","M","E","?","M","R","B","B",null,"R","$","E","B"],"character_chosen":"DEFECT","items_purchased":["FTL","Mummified Hand","DollysMirror","InkBottle"],"campfire_rested":1,"item_purchase_floors":[4,31,31,54],"current_hp_per_floor":[55,55,55,55,55,39,58,39,39,39,36,34,32,20,20,32,56,53,53,61,61,51,64,53,60,60,46,61,58,64,64,64,60,63,63,63,64,64,64,64,64,64,64,64,64,64,64,64,64,64,59,63,64,64,47,0,0],"gold":64,"neow_bonus":"TRANSFORM_TWO_CARDS","is_daily":false,"chose_seed":false,"campfire_upgraded":6,"win_rate":0.0,"timestamp":1613067418,"path_taken":["M","?","M","$","M","E","R","E","T","?","M","E","?","E","R","BOSS","M","?","M","?","M","E","M","E","T","M","R","E","R","$","R","BOSS","M","?","?","?","M","E","R","M","T","E","M","E","?","?","R","BOSS","BOSS","R","$","E","BOSS"],"items_purchased_type":["Card","Relic","Relic","Relic"],"build_version":"2020-12-22","purchased_purges":2,"victory":false,"max_hp_per_floor":[64,64,64,64,64,64,64,64,64,64,64,64,64,64,64,64,64,64,64,64,64,64,64,64,64,64,64,64,64,64,64,64,64,64,64,64,64,64,64,64,64,64,64,64,64,64,64,64,64,64,64,64,64,64,64,64,64],"card_choices":[{"not_picked":["Turbo","Storm"],"picked":"Sweeping Beam","floor":1.0},{"not_picked":["Aggregate","Steam","Rebound"],"picked":"SKIP","floor":3.0},{"not_picked":["Aggregate","Steam"],"picked":"Rebound","floor":3.0},{"not_picked":["Blizzard","Stack"],"picked":"Glacier","floor":5.0},{"not_picked":["Coolheaded","Doom and Gloom"],"picked":"Ball Lightning","floor":6.0},{"not_picked":["Cold Snap","Sweeping Beam"],"picked":"Doom and Gloom","floor":8.0},{"not_picked":["Gash","Rip and Tear"],"picked":"Ball Lightning","floor":11.0},{"not_picked":["Skim","Auto Shields"],"picked":"Core Surge","floor":12.0},{"not_picked":["Rebound","Hello World"],"picked":"Loop","floor":13.0},{"not_picked":["Conserve Battery","Sweeping Beam"],"picked":"All For One","floor":14.0},{"not_picked":["Creative AI","Thunder Strike"],"picked":"Echo Form","floor":16.0},{"not_picked":["Sweeping Beam","Coolheaded"],"picked":"Self Repair","floor":18.0},{"not_picked":["Hologram","Melter"],"picked":"Sunder","floor":20.0},{"not_picked":["Go for the Eyes","Fusion","Streamline"],"picked":"SKIP","floor":22.0},{"not_picked":["Redo","Meteor Strike","Amplify"],"picked":"SKIP","floor":23.0},{"not_picked":["Redo","Meteor Strike"],"picked":"Amplify","floor":23.0},{"not_picked":["Ball Lightning","Turbo","Coolheaded"],"picked":"SKIP","floor":24.0},{"not_picked":["Streamline","Leap"],"picked":"Genetic Algorithm","floor":25.0},{"not_picked":["Scrape","Barrage","Storm"],"picked":"SKIP","floor":27.0},{"not_picked":["Coolheaded","Redo+1","Multi-Cast"],"picked":"SKIP","floor":29.0},{"not_picked":["Redo+1","Multi-Cast"],"picked":"Coolheaded","floor":29.0},{"not_picked":["Rainbow","Hyperbeam"],"picked":"Creative AI","floor":33.0},{"not_picked":["Melter","Cold Snap"],"picked":"Coolheaded","floor":35.0},{"not_picked":["Aggregate","Sweeping Beam","Leap"],"picked":"SKIP","floor":39.0},{"not_picked":["Leap","Chaos","Sweeping Beam"],"picked":"SKIP","floor":40.0},{"not_picked":["Compile Driver","Turbo","Scrape"],"picked":"SKIP","floor":42.0},{"not_picked":["Darkness","Stack+1"],"picked":"Capacitor","floor":44.0},{"not_picked":["Undo+1","Sweeping Beam+1","Steam"],"picked":"SKIP","floor":45.0},{"not_picked":["Compile Driver+1","Double Energy","Barrage"],"picked":"SKIP","floor":46.0},{"not_picked":["Beam Cell","Hologram","Chaos"],"picked":"SKIP","floor":48.0},{"not_picked":["Loop","Compile Driver","Amplify"],"picked":"SKIP","floor":55}],"player_experience":1479196,"relics_obtained":[{"floor":6.0,"key":"Orichalcum"},{"floor":8.0,"key":"Toy Ornithopter"},{"floor":9.0,"key":"CeramicFish"},{"floor":12.0,"key":"Lantern"},{"floor":14.0,"key":"Meat on the Bone"},{"floor":23.0,"key":"Smiling Mask"},{"floor":25.0,"key":"Symbiotic Virus"},{"floor":26.0,"key":"Eternal Feather"},{"floor":29.0,"key":"Pen Nib"},{"floor":37.0,"key":"Calipers"},{"floor":40.0,"key":"Incense Burner"},{"floor":43.0,"key":"Cables"},{"floor":44.0,"key":"Bag of Preparation"},{"floor":46.0,"key":"Regal Pillow"},{"floor":55,"key":"Nunchaku"}],"event_choices":[{"damage_healed":0.0,"max_hp_gain":0.0,"max_hp_loss":0.0,"gold_gain":0.0,"event_name":"Living Wall","player_choice":"Grow","floor":2.0,"gold_loss":0.0,"damage_taken":0.0,"cards_upgraded":["Fission"]},{"damage_healed":0.0,"max_hp_gain":0.0,"max_hp_loss":0.0,"gold_gain":0.0,"event_name":"The Woman in Blue","player_choice":"Bought 1 Potion","floor":10.0,"gold_loss":0.0,"damage_taken":0.0},{"damage_healed":0.0,"max_hp_gain":0.0,"max_hp_loss":0.0,"gold_gain":0.0,"event_name":"Addict","player_choice":"Obtained Relic","floor":19.0,"gold_loss":85.0,"damage_taken":0.0,"relics_obtained":["Tiny Chest"]},{"cards_removed":["Gash"],"damage_healed":0.0,"max_hp_gain":0.0,"max_hp_loss":0.0,"gold_gain":0.0,"event_name":"Back to Basics","player_choice":"Elegance","floor":21.0,"gold_loss":0.0,"damage_taken":0.0},{"damage_healed":0.0,"max_hp_gain":0.0,"max_hp_loss":0.0,"gold_gain":0.0,"event_name":"Tomb of Lord Red Mask","player_choice":"Ignored","floor":36.0,"gold_loss":0.0,"damage_taken":0.0},{"damage_healed":0.0,"max_hp_gain":0.0,"max_hp_loss":0.0,"gold_gain":0.0,"event_name":"Mysterious Sphere","player_choice":"Fight","floor":37.0,"gold_loss":0.0,"damage_taken":0.0},{"cards_removed":["Self Repair"],"damage_healed":0.0,"max_hp_gain":0.0,"max_hp_loss":0.0,"gold_gain":0.0,"event_name":"Falling","player_choice":"Removed Power","floor":47.0,"gold_loss":0.0,"damage_taken":0.0}],"is_beta":false,"boss_relics":[{"not_picked":["Fusion Hammer","Busted Crown"],"picked":"Pandora\u0027s Box"},{"not_picked":["SacredBark","Inserter"],"picked":"Snecko Eye"}],"items_purged_floors":[31,54],"is_endless":false,"potions_floor_spawned":[5,8,11,14,16,18,23,25,29,35,37,45],"killed_by":"The Heart","ascension_level":20}}