{"host":"u1dfzl6o6mfmauc3","time":1613013153,"event":{"mods":["2.2 Compatiblity","AchievementEnabler","BaseMod","Bestiary","Block Reminder","Challenge The Spire","Colored Map","Dark Map","Hermit","Highlight Path","Marisa????????","Minty Spire (QoL Compilation)","Random Character Button","Rare Cards Sparkle","Relic Stats","Robot Space Explorer","StSLib","The Disciple"],"gold_per_floor":[117,192,204,25,45,74,24,24,73,73,92,104,133,133,133,194,194,194,298,298,313,313,323,323,71,71,100,100,117,141,19,32,63,63,63,63,63,63,161,161,178,194,244,244,261,261,287,298,298,298,329,340,340,358,233,287,287,287,287,287,0,25,25],"floor_reached":64,"language":"ENG","playtime":3371,"items_purged":["Strike_G","Pain","Strike_G"],"score":1581,"play_id":"d02ed300-e4d9-42ce-bace-52abc8ab5f94","local_time":"20210210221233","is_ascension_mode":true,"campfire_choices":[{"data":"Neutralize","floor":8.0,"key":"SMITH"},{"data":"Poisoned Stab","floor":14.0,"key":"SMITH"},{"data":"Well Laid Plans","floor":17.0,"key":"SMITH"},{"data":"Deadly Poison","floor":18.0,"key":"SMITH"},{"data":"Die Die Die","floor":26.0,"key":"SMITH"},{"data":"Crippling Poison","floor":28.0,"key":"SMITH"},{"data":"Noxious Fumes","floor":34.0,"key":"SMITH"},{"data":"Burst","floor":37.0,"key":"SMITH"},{"data":"Blur","floor":38.0,"key":"SMITH"},{"floor":46,"key":"REST"},{"floor":57,"key":"RECALL"},{"data":"Corpse Explosion","floor":60,"key":"SMITH"}],"circlet_count":0,"master_deck":["Strike_G","Strike_G","Defend_G","Defend_G","Defend_G","Defend_G","Defend_G","Survivor","Neutralize+1","Poisoned Stab+1","Bane","Deadly Poison+1","Escape Plan","Deadly Poison+1","Crippling Poison+1","PiercingWail","Leg Sweep","Well Laid Plans+1","Die Die Die+1","Blur+1","Cloak And Dagger+1","Noxious Fumes+1","Acrobatics","Burst+1","Venomology","Predator","PiercingWail+1","Blur+1","Catalyst+1","Footwork+1","Corpse Explosion+1","Dark Shackles"],"relics":["Ring of the Serpent","NeowsBlessing","Potion Belt","Gremlin Horn","Happy Flower","SacredBark","WarpedTongs","Nloth\u0027s Gift","PreservedInsect","Mango","Bronze Scales","Shuriken","Prayer Wheel","FossilizedHelix","White Beast Statue","Paper Crane","Bottled Tornado","Strawberry","Bird Faced Urn"],"acts_visited":["Exordium","TheCity","TheBeyond","TheEnding"],"potions_floor_usage":[42,43,47,48,52,56,58,58,62,63,63,63,63,63,63],"damage_taken":[{"damage":0.0,"enemies":"Small Slimes","floor":1.0,"turns":1.0},{"damage":0.0,"enemies":"Jaw Worm","floor":3.0,"turns":1.0},{"damage":0.0,"enemies":"2 Louse","floor":5.0,"turns":1.0},{"damage":18.0,"enemies":"Gremlin Nob","floor":6.0,"turns":4.0},{"damage":0.0,"enemies":"Blue Slaver","floor":11.0,"turns":3.0},{"damage":3.0,"enemies":"Red Slaver","floor":12.0,"turns":4.0},{"damage":2.0,"enemies":"Lagavulin","floor":13.0,"turns":5.0},{"damage":26.0,"enemies":"Gremlin Nob","floor":16.0,"turns":5.0},{"damage":14.0,"enemies":"Slime Boss","floor":19.0,"turns":10.0},{"damage":0.0,"enemies":"Spheric Guardian","floor":21.0,"turns":3.0},{"damage":6.0,"enemies":"3 Byrds","floor":23.0,"turns":6.0},{"damage":10.0,"enemies":"Gremlin Leader","floor":27.0,"turns":5.0},{"damage":0.0,"enemies":"Snecko","floor":29.0,"turns":5.0},{"damage":14.0,"enemies":"Sentry and Sphere","floor":32.0,"turns":5.0},{"damage":9.0,"enemies":"Slavers","floor":33.0,"turns":3.0},{"damage":0.0,"enemies":"Snake Plant","floor":36.0,"turns":2.0},{"damage":7.0,"enemies":"Collector","floor":39.0,"turns":8.0},{"damage":19,"enemies":"3 Darklings","floor":41,"turns":6},{"damage":17,"enemies":"3 Shapes","floor":42,"turns":4},{"damage":0,"enemies":"Mind Bloom Boss Battle","floor":43,"turns":7},{"damage":11,"enemies":"Maw","floor":45,"turns":8},{"damage":0,"enemies":"Nemesis","floor":47,"turns":7},{"damage":0,"enemies":"Jaw Worm Horde","floor":48,"turns":4},{"damage":0,"enemies":"Giant Head","floor":51,"turns":6},{"damage":0,"enemies":"Transient","floor":52,"turns":5},{"damage":1,"enemies":"Spire Growth","floor":54,"turns":6},{"damage":0,"enemies":"Orin","floor":56,"turns":7},{"damage":42,"enemies":"Awakened One","floor":58,"turns":14},{"damage":20,"enemies":"Shield and Spear","floor":62,"turns":6},{"damage":17,"enemies":"The Heart","floor":63,"turns":9}],"seed_played":"-6573747031610567342","potions_obtained":[{"floor":3.0,"key":"LiquidMemories"},{"floor":11.0,"key":"Strength Potion"},{"floor":12.0,"key":"Block Potion"},{"floor":16.0,"key":"CunningPotion"},{"floor":19.0,"key":"SneckoOil"},{"floor":23.0,"key":"SmokeBomb"},{"floor":32.0,"key":"LiquidBronze"},{"floor":42,"key":"SpeedPotion"},{"floor":48,"key":"GhostInAJar"},{"floor":51,"key":"Fire Potion"},{"floor":52,"key":"Block Potion"},{"floor":54,"key":"DuplicationPotion"},{"floor":62,"key":"GhostInAJar"}],"is_trial":false,"path_per_floor":["M","?","M","$","M","E","?","R","T","T","M","M","E","R","?","?","R","R","B",null,"M","?","M","?","$","R","E","R","M","T","$","M","E","R","?","M","R","R","B",null,"M","M","?","?","M","R","E","M","T","T","E","M","?","M","$","?","R","B",null,"R","$","E","B",null],"character_chosen":"THE_SILENT","items_purchased":["Deadly Poison","Escape Plan","PreservedInsect","Noxious Fumes","Dexterity Potion","Strawberry","Dark Shackles","Dexterity Potion"],"campfire_rested":1,"item_purchase_floors":[4,4,25,31,31,61,61,61],"current_hp_per_floor":[70,59,59,59,59,41,41,41,41,41,43,42,42,42,42,18,18,18,6,70,70,70,64,64,64,64,68,68,68,68,68,54,45,45,45,45,45,45,38,84,65,48,48,48,37,62,62,62,62,62,62,62,62,61,61,61,61,19,84,84,91,71,60],"gold":25,"neow_bonus":"THREE_ENEMY_KILL","is_daily":false,"chose_seed":false,"campfire_upgraded":10,"win_rate":0.0,"timestamp":1613013153,"path_taken":["M","?","M","?","?","E","?","R","T","T","M","M","E","R","?","?","R","R","BOSS","M","?","?","?","$","R","E","R","M","T","$","?","E","R","?","M","R","R","BOSS","M","M","?","?","M","R","E","M","T","T","E","?","?","?","$","?","R","BOSS","R","$","E","BOSS"],"items_purchased_type":["Card","Card","Relic","Card","Potion","Relic","Card","Potion"],"build_version":"2020-12-22","purchased_purges":3,"victory":true,"max_hp_per_floor":[70,70,70,70,70,70,70,70,70,70,70,70,70,70,70,70,70,70,70,70,70,70,70,70,70,70,84,84,84,84,84,84,84,84,84,84,84,84,84,84,84,84,84,84,84,84,84,84,84,84,84,84,84,84,84,84,84,84,84,84,91,91,91],"relic_stats":{"Gremlin Horn":[33,33],"Happy Flower":[45],"counters":[30,160],"Shuriken":[17],"Bronze Scales":[435],"Bird Faced Urn":[6],"Prayer Wheel":4,"PreservedInsect":341,"Nloth\u0027s Gift":4,"obtain_stats":[{"Potion Belt":6,"NeowsBlessing":0,"Gremlin Horn":13,"Happy Flower":16,"SacredBark":20,"Mango":27,"PreservedInsect":25,"Paper Crane":50,"Bottled Tornado":51,"White Beast Statue":49,"WarpedTongs":22,"Blood Vial":9,"Shuriken":33,"Bronze Scales":30,"Strawberry":61,"Bird Faced Urn":62,"Prayer Wheel":43,"Nloth\u0027s Gift":24,"Ring of the Serpent":40,"FossilizedHelix":47,"Ring of the Snake":0},{"Potion Belt":4,"NeowsBlessing":0,"Gremlin Horn":7,"Happy Flower":8,"SacredBark":9,"Mango":12,"PreservedInsect":11,"Paper Crane":23,"Bottled Tornado":24,"White Beast Statue":23,"WarpedTongs":10,"Blood Vial":4,"Shuriken":15,"Bronze Scales":13,"Strawberry":28,"Bird Faced Urn":29,"Prayer Wheel":20,"Nloth\u0027s Gift":11,"Ring of the Serpent":17,"FossilizedHelix":22,"Ring of the Snake":0},{"Potion Belt":7,"NeowsBlessing":0,"Gremlin Horn":19,"Happy Flower":24,"SacredBark":34,"Mango":48,"PreservedInsect":43,"Paper Crane":107,"Bottled Tornado":113,"White Beast Statue":107,"WarpedTongs":37,"Blood Vial":7,"Shuriken":61,"Bronze Scales":53,"Strawberry":145,"Bird Faced Urn":151,"Prayer Wheel":88,"Nloth\u0027s Gift":43,"Ring of the Serpent":71,"FossilizedHelix":103,"Ring of the Snake":0}],"WarpedTongs":[122]},"card_choices":[{"not_picked":["Acrobatics","Underhanded Strike"],"picked":"Poisoned Stab","floor":1.0},{"not_picked":["Outmaneuver","Sucker Punch"],"picked":"Bane","floor":3.0},{"not_picked":["Outmaneuver","Prepared","Tools of the Trade"],"picked":"SKIP","floor":5.0},{"not_picked":["Slice","Heel Hook"],"picked":"Deadly Poison","floor":6.0},{"not_picked":["Slice","Quick Slash"],"picked":"Crippling Poison","floor":11.0},{"not_picked":["Bane","Crippling Poison"],"picked":"PiercingWail","floor":12.0},{"not_picked":["Blade Dance","Outmaneuver"],"picked":"Leg Sweep","floor":13.0},{"not_picked":["Expertise","Caltrops"],"picked":"Well Laid Plans","floor":16.0},{"not_picked":["Bullet Time","Unload"],"picked":"Die Die Die","floor":19.0},{"not_picked":["Bane+1","Concentrate"],"picked":"Blur","floor":21.0},{"not_picked":["Slice","Acrobatics+1","Prepared"],"picked":"SKIP","floor":23.0},{"not_picked":["Envenom","Backstab"],"picked":"Cloak And Dagger+1","floor":27.0},{"not_picked":["Expertise","Crippling Poison+1","Masterful Stab+1"],"picked":"SKIP","floor":29.0},{"not_picked":["Finisher","PiercingWail"],"picked":"Acrobatics","floor":32.0},{"not_picked":["Predator","Deflect"],"picked":"Burst","floor":33.0},{"not_picked":["Burst","Bullet Time"],"picked":"Venomology","floor":39.0},{"not_picked":["Concentrate","Backflip"],"picked":"Predator","floor":41},{"not_picked":["Underhanded Strike+1","Dagger Spray","Flying Knee+1"],"picked":"SKIP","floor":42},{"not_picked":["Sucker Punch","Infinite Blades"],"picked":"PiercingWail+1","floor":43},{"not_picked":["Crippling Poison","Poisoned Stab","Dodge and Roll+1"],"picked":"SKIP","floor":45},{"not_picked":["Envenom","Slice+1","Eviscerate+1"],"picked":"SKIP","floor":45},{"not_picked":["Deflect","Bane"],"picked":"Catalyst","floor":47},{"not_picked":["Prepared+1","Setup"],"picked":"Footwork+1","floor":48},{"not_picked":["Acrobatics+1","Burst","Backflip"],"picked":"SKIP","floor":48},{"not_picked":["Noxious Fumes","Poisoned Stab+1","Underhanded Strike+1"],"picked":"SKIP","floor":51},{"not_picked":["Flechettes+1","Quick Slash","Dagger Spray+1"],"picked":"SKIP","floor":52},{"not_picked":["Acrobatics+1","Noxious Fumes","Underhanded Strike+1"],"picked":"SKIP","floor":52},{"not_picked":["Dagger Spray","Setup+1"],"picked":"Corpse Explosion","floor":54},{"not_picked":["Sucker Punch+1","Flechettes","Flying Knee"],"picked":"SKIP","floor":54},{"not_picked":["Flying Knee","Corpse Explosion","Quick Slash"],"picked":"SKIP","floor":62}],"player_experience":243690,"relics_obtained":[{"floor":6.0,"key":"Potion Belt"},{"floor":9.0,"key":"Blood Vial"},{"floor":13.0,"key":"Gremlin Horn"},{"floor":16.0,"key":"Happy Flower"},{"floor":27.0,"key":"Mango"},{"floor":30.0,"key":"Bronze Scales"},{"floor":33.0,"key":"Shuriken"},{"floor":43,"key":"Prayer Wheel"},{"floor":47,"key":"FossilizedHelix"},{"floor":49,"key":"White Beast Statue"},{"floor":50,"key":"Paper Crane"},{"floor":51,"key":"Bottled Tornado"},{"floor":62,"key":"Bird Faced Urn"}],"event_choices":[{"damage_healed":0.0,"max_hp_gain":0.0,"max_hp_loss":0.0,"gold_gain":75.0,"event_name":"World of Goop","player_choice":"Gather Gold","floor":2.0,"gold_loss":0.0,"damage_taken":11.0},{"cards_removed":["Strike_G"],"damage_healed":0.0,"max_hp_gain":0.0,"max_hp_loss":0.0,"gold_gain":0.0,"event_name":"The Cleric","player_choice":"Card Removal","floor":7.0,"gold_loss":50.0,"damage_taken":0.0},{"damage_healed":0.0,"max_hp_gain":0.0,"max_hp_loss":0.0,"gold_gain":0.0,"event_name":"Living Wall","player_choice":"Grow","floor":15.0,"gold_loss":0.0,"damage_taken":0.0,"cards_upgraded":["Deadly Poison"]},{"damage_healed":0.0,"max_hp_gain":0.0,"max_hp_loss":0.0,"gold_gain":30.0,"event_name":"Dead Adventurer","player_choice":"Searched \u00272\u0027 times","floor":16.0,"gold_loss":0.0,"damage_taken":0.0},{"damage_healed":0.0,"max_hp_gain":0.0,"max_hp_loss":0.0,"gold_gain":0.0,"event_name":"Accursed Blacksmith","player_choice":"Rummage","floor":22.0,"gold_loss":0.0,"damage_taken":0.0,"relics_obtained":["WarpedTongs"],"cards_obtained":["Pain"]},{"damage_healed":0.0,"max_hp_gain":0.0,"max_hp_loss":0.0,"gold_gain":0.0,"event_name":"N\u0027loth","player_choice":"Traded Relic","floor":24.0,"relics_lost":["Blood Vial"],"gold_loss":0.0,"damage_taken":0.0,"relics_obtained":["Nloth\u0027s Gift"]},{"damage_healed":0.0,"max_hp_gain":0.0,"max_hp_loss":0.0,"gold_gain":0.0,"event_name":"Cursed Tome","player_choice":"Ignored","floor":35.0,"gold_loss":0.0,"damage_taken":0.0},{"damage_healed":0,"gold_gain":0,"player_choice":"Fight","damage_taken":0,"max_hp_gain":0,"max_hp_loss":0,"event_name":"MindBloom","floor":43,"gold_loss":0},{"damage_healed":0,"gold_gain":0,"player_choice":"Copied","damage_taken":0,"max_hp_gain":0,"max_hp_loss":0,"event_name":"Duplicator","floor":44,"gold_loss":0,"cards_obtained":["Blur"]},{"damage_healed":0,"gold_gain":0,"player_choice":"Upgraded","damage_taken":0,"max_hp_gain":0,"max_hp_loss":0,"event_name":"Upgrade Shrine","floor":53,"gold_loss":0,"cards_upgraded":["Catalyst"]},{"damage_healed":0,"gold_gain":0,"player_choice":"Fight","damage_taken":0,"max_hp_gain":0,"max_hp_loss":0,"event_name":"OrinTheCat","floor":56,"gold_loss":0}],"is_beta":false,"boss_relics":[{"not_picked":["Philosopher\u0027s Stone","Pandora\u0027s Box"],"picked":"SacredBark"},{"not_picked":["Tiny House","Cursed Key"],"picked":"Ring of the Serpent"}],"items_purged_floors":[4,25,55],"is_endless":false,"potions_floor_spawned":[3,11,12,16,19,23,32,36,42,48,51,52,54,56,62],"ascension_level":4}}