{"host":"27g79df0endkaa4r","time":1613084432,"event":{"mods":["Abigail Mod","AchievementEnabler","Act Like it!","Alarm Clock","BaseMod","Better Altar","Better Match","Better Skull","Better Third Choice","BetterRewards","Bossed Relics","CapriCore","Card Forge","Colored Map","Curses Come First","Disable Question Mark Monsters","Displayed Cursed Tome","Emptier Cage","FoggyMod","Friendly Minions","Gold Saver","Good Game Mod","Grow up Mod","Highlight Path","Kratos Character Expansion","Minty Spire (QoL Compilation)","Permanent Neow","Poem Panic","Remilia??????","Shop Mod","StSLib","The Immortal","The Servant 0.9.4","The Vixen","Transform Curses","Virulent Crown","????"],"gold_per_floor":[2447,2180,2180,2180,1893,1918,1918,1953,2001,2001,2001,2034,1490,1490,1188,1286,1286,1298,1373,1070,1070,1070,1095,959,971,1007,1019,1031,1073,1085,1012,1024,1137,1149,1171,1183,1241,1253,1265,971,1012,812,824,886,931,832,716,716,447,447],"floor_reached":51,"language":"ENG","playtime":1757,"items_purged":[],"score":1266,"play_id":"be501ca1-0b06-45a9-ac4e-e47623c506f0","local_time":"20210212000032","is_ascension_mode":false,"campfire_choices":[{"data":"1","floor":7,"key":"LIFT"},{"data":"2","floor":10,"key":"LIFT"},{"data":"3","floor":27,"key":"LIFT"},{"floor":32,"key":"REST"}],"circlet_count":0,"master_deck":["Omniscience+1","CutThroughFate+1","Fasting2+1","Protect+1","CutThroughFate+1","Vigilance+1","FlurryOfBlows+1","LikeWater+1","Protect+1","Halt+1","TalkToTheHand+1","Sanctity+1","Worship+1","DeusExMachina+1","FlurryOfBlows+1","LikeWater+1","Brilliance+1","Echo Form+1","Impervious+1","Crescendo+1","Halt+1","Study+1","FearNoEvil+1","Omniscience+1","Indignation+1","Sanctity+1","Fasting2+1","WaveOfTheHand+1","Nirvana+1","Tantrum+1","Brilliance+1","Dark Shackles+1","Mind Blast+1","Madness+1","Nirvana+1","Consecrate+1","Halt+1","Tantrum+1","Pray+1","Ragnarok+1","Nirvana+1","InnerPeace+1","PathToVictory+1","Consecrate+1","Ragnarok+1","PathToVictory+1","WreathOfFlame+1","Omniscience+1"],"relics":["PureWater","Hammer of Thor","Seething Fire","Anvil of the Gods","REME:ComplimentaryCards","MerchantsRug","Pen Nib","Girya","Membership Card","Ancient Tea Set","Mummified Hand","Sling","TungstenRod","Frozen Egg 2","Pocketwatch","Dream Catcher","Lizard Tail","Juzu Bracelet","Gambling Chip","HornCleat","HandDrill","Boot","Kunai","Ornamental Fan","Bag of Marbles","Fusion Hammer","Medical Kit","Bronze Scales","InkBottle","Damaru","Bottled Lightning","MawBank","Orichalcum","Bloody Idol","CaptainsWheel","MutagenicStrength","Anchor","Empty Cage","Torii","ScarletDevilRocket","Lantern","Bottled Tornado","Orrery","Toxic Egg 2","Happy Flower","Bag of Preparation","Question Card","Calipers","Pantograph","Oddly Smooth Stone","Melange","KratosMod:minohorn","PreservedInsect","DollysMirror"],"acts_visited":["Exordium","TheCity","TheBeyond"],"potions_floor_usage":[],"damage_taken":[{"damage":0,"enemies":"Cultist","floor":1,"turns":2},{"damage":10,"enemies":"Gremlin Nob","floor":6,"turns":5},{"damage":0,"enemies":"3 Sentries","floor":8,"turns":6},{"damage":0,"enemies":"Gremlin Nob","floor":12,"turns":3},{"damage":0,"enemies":"Slime Boss","floor":16,"turns":3},{"damage":1,"enemies":"Chosen","floor":18,"turns":2},{"damage":0,"enemies":"Gremlin Leader","floor":23,"turns":2},{"damage":0,"enemies":"Slavers","floor":29,"turns":3},{"damage":0,"enemies":"Collector","floor":33,"turns":2},{"damage":1,"enemies":"3 Shapes","floor":35,"turns":2},{"damage":0,"enemies":"2 Orb Walkers","floor":37,"turns":3},{"damage":0,"enemies":"Giant Head","floor":41,"turns":3},{"damage":0,"enemies":"Mind Bloom Boss Battle","floor":44,"turns":1},{"damage":0,"enemies":"Reptomancer","floor":45,"turns":1},{"damage":0,"enemies":"Donu and Deca","floor":50,"turns":1}],"seed_played":"1420274303387973037","potions_obtained":[{"floor":1,"key":"FearPotion"},{"floor":6,"key":"Explosive Potion"},{"floor":16,"key":"Strength Potion"},{"floor":29,"key":"SkillPotion"},{"floor":41,"key":"SkillPotion"},{"floor":45,"key":"DuplicationPotion"}],"is_trial":false,"path_per_floor":["M","$","?","?","$","E","R","E","T","R","T","E","$","?","R","B",null,"M","?","$","T","?","E","R","$","T","R","?","E","?","?","R","B",null,"M","$","?","?","?","R","E","R","T","?","E","R","$","?","R","B",null],"character_chosen":"WATCHER","items_purchased":["MerchantsRug","Omniscience","Pen Nib","CutThroughFate","Fasting2","Protect","CutThroughFate","Membership Card","LikeWater","Protect","Ancient Tea Set","Sling","TungstenRod","Halt","TalkToTheHand","Gambling Chip","HornCleat","DeusExMachina","FlurryOfBlows","LikeWater+1","HandDrill","Brilliance","Ornamental Fan","Bag of Marbles","Crescendo","Halt","Study+1","FearNoEvil","Medical Kit","Indignation","Bronze Scales","InkBottle","Fasting2+1","WaveOfTheHand","MawBank","Lantern","Nirvana+1","Bottled Tornado","Orrery","Happy Flower","Bag of Preparation","Nirvana+1","InnerPeace+1","Ragnarok","Oddly Smooth Stone","Melange","PathToVictory+1","WreathOfFlame+1","KratosMod:minohorn","PreservedInsect","DollysMirror"],"campfire_rested":1,"item_purchase_floors":[0,0,0,0,0,0,0,2,2,2,2,5,5,5,5,13,13,13,13,13,13,13,15,15,15,15,15,15,20,20,20,20,24,24,24,40,40,40,40,42,42,42,42,46,46,47,47,47,49,49,49],"current_hp_per_floor":[92,102,112,115,125,125,135,145,155,165,175,185,195,185,195,205,252,261,246,256,266,276,286,296,306,316,326,78,98,113,128,260,280,422,432,442,452,462,463,478,492,502,512,522,532,542,552,562,572,582],"gold":447,"neow_bonus":"","is_daily":false,"chose_seed":false,"campfire_upgraded":0,"win_rate":0.0,"timestamp":1613084432,"path_taken":["M","?","?","?","$","E","R","E","T","R","?","E","?","?","R","BOSS","M","?","$","?","?","E","R","$","T","R","?","E","?","?","R","BOSS","M","$","?","?","?","R","E","R","T","?","E","R","?","?","R","BOSS"],"items_purchased_type":["Relic","Card","Relic","Card","Card","Card","Card","Relic","Card","Card","Relic","Relic","Relic","Card","Card","Relic","Relic","Card","Card","Card","Relic","Card","Relic","Relic","Card","Card","Card","Card","Relic","Card","Relic","Relic","Card","Card","Relic","Relic","Card","Relic","Relic","Relic","Relic","Card","Card","Card","Relic","Relic","Card","Card","Relic","Relic","Relic"],"build_version":"2020-12-22","purchased_purges":0,"victory":true,"max_hp_per_floor":[92,102,112,122,132,142,152,162,172,182,192,202,212,222,232,242,252,262,272,282,292,302,312,322,332,342,352,362,372,382,392,402,412,422,432,442,452,462,472,482,492,502,512,522,532,542,552,562,572,582],"card_choices":[{"not_picked":["Meditate","BowlingBash"],"picked":"FlurryOfBlows","floor":1},{"not_picked":["Conclude","BowlingBash","Wallop"],"picked":"SKIP","floor":6},{"not_picked":["Evaluate","DeceiveReality"],"picked":"Sanctity","floor":8},{"not_picked":["Conclude","EmptyBody"],"picked":"Worship","floor":12},{"not_picked":["Brilliance","MasterReality+1"],"picked":"Omniscience","floor":16},{"not_picked":["JustLucky","Consecrate","BowlingBash+1"],"picked":"SKIP","floor":18},{"not_picked":["Perseverance","JustLucky"],"picked":"Sanctity+1","floor":23},{"not_picked":["Perseverance","Protect"],"picked":"Nirvana+1","floor":29},{"not_picked":["WindmillStrike","WheelKick"],"picked":"Tantrum","floor":32},{"not_picked":["Scrawl","LessonLearned"],"picked":"Brilliance","floor":33},{"not_picked":["EmptyBody+1","Vengeance","DeceiveReality+1"],"picked":"SKIP","floor":35},{"not_picked":["Collect+1","EmptyFist+1"],"picked":"BattleHymn+1","floor":37},{"not_picked":["Master of Strategy","KratosMod:FullCounter"],"picked":"Dark Shackles","floor":39},{"not_picked":["The Bomb","Swift Strike"],"picked":"Mind Blast","floor":39},{"not_picked":["Bandage Up","Flash of Steel"],"picked":"Madness","floor":39},{"not_picked":["Perseverance+1","EmptyFist+1"],"picked":"Consecrate+1","floor":40},{"not_picked":["SignatureMove","EmptyMind+1"],"picked":"Halt+1","floor":40},{"not_picked":["FlyingSleeves","WindmillStrike"],"picked":"Tantrum+1","floor":40},{"not_picked":["EmptyBody+1","SandsOfTime"],"picked":"Pray+1","floor":40},{"not_picked":["BattleHymn+1","Protect+1"],"picked":"Ragnarok","floor":41},{"not_picked":["Protect+1","ThirdEye+1","Perseverance+1"],"picked":"PathToVictory+1","floor":44},{"not_picked":["FollowUp","Protect+1","WheelKick+1"],"picked":"Consecrate","floor":45}],"player_experience":4157,"relics_obtained":[{"floor":6,"key":"Frozen Egg 2"},{"floor":8,"key":"Pocketwatch"},{"floor":9,"key":"Dream Catcher"},{"floor":11,"key":"Lizard Tail"},{"floor":12,"key":"Juzu Bracelet"},{"floor":21,"key":"Damaru"},{"floor":23,"key":"Bottled Lightning"},{"floor":26,"key":"Orichalcum"},{"floor":29,"key":"CaptainsWheel"},{"floor":37,"key":"Torii"},{"floor":41,"key":"Toxic Egg 2"},{"floor":43,"key":"Question Card"},{"floor":44,"key":"Calipers"},{"floor":45,"key":"Pantograph"}],"event_choices":[{"damage_healed":0,"gold_gain":0,"player_choice":"Box","damage_taken":0,"relics_obtained":["Mummified Hand"],"max_hp_gain":0,"max_hp_loss":0,"event_name":"Big Fish","floor":3,"gold_loss":0,"cards_obtained":["Regret"]},{"cards_removed":["Strike_P"],"damage_healed":0,"gold_gain":0,"player_choice":"Card Removal","damage_taken":7,"max_hp_gain":0,"max_hp_loss":0,"event_name":"Golden Wing","floor":4,"gold_loss":0},{"damage_healed":0,"gold_gain":75,"player_choice":"Touch","damage_taken":26,"max_hp_gain":0,"max_hp_loss":0,"event_name":"FaceTrader","floor":19,"gold_loss":0},{"damage_healed":0,"gold_gain":0,"player_choice":"Ignored","damage_taken":0,"max_hp_gain":0,"max_hp_loss":0,"event_name":"Beggar","floor":22,"gold_loss":0},{"damage_healed":0,"gold_gain":0,"player_choice":" Potion Idol ","damage_taken":260,"relics_obtained":["Bloody Idol"],"max_hp_gain":326,"max_hp_loss":68,"event_name":"betterAltar:BetterAltar","floor":28,"potions_obtained":["betterAltar:AltarPotion"],"relics_lost":[],"gold_loss":0},{"damage_healed":0,"gold_gain":0,"player_choice":"Inject Mutagens","damage_taken":0,"relics_obtained":["MutagenicStrength"],"max_hp_gain":0,"max_hp_loss":0,"event_name":"Drug Dealer","floor":30,"gold_loss":0},{"damage_healed":0,"gold_gain":0,"player_choice":"Obtained Relic","damage_taken":0,"relics_obtained":["Anchor"],"max_hp_gain":0,"max_hp_loss":0,"event_name":"Addict","floor":31,"gold_loss":85},{"damage_healed":0,"gold_gain":0,"player_choice":"Fight","damage_taken":0,"max_hp_gain":0,"max_hp_loss":0,"event_name":"Mysterious Sphere","floor":37,"gold_loss":0},{"damage_healed":0,"gold_gain":0,"player_choice":"Gave Potion","damage_taken":0,"relics_obtained":["ScarletDevilRocket"],"max_hp_gain":0,"max_hp_loss":0,"event_name":"WeMeetAgain","floor":38,"gold_loss":0},{"damage_healed":0,"gold_gain":0,"player_choice":"Memory 3","damage_taken":10,"max_hp_gain":0,"max_hp_loss":0,"event_name":"SensoryStone","floor":39,"gold_loss":0},{"damage_healed":0,"gold_gain":0,"player_choice":"Fight","damage_taken":0,"max_hp_gain":0,"max_hp_loss":0,"event_name":"MindBloom","floor":44,"gold_loss":0},{"cards_removed":["BattleHymn"],"damage_healed":0,"gold_gain":0,"player_choice":"Removed Power","damage_taken":0,"max_hp_gain":0,"max_hp_loss":0,"event_name":"Falling","floor":48,"gold_loss":0}],"is_beta":false,"boss_relics":[{"not_picked":["SacredBark","Coffee Dripper"],"picked":"Fusion Hammer"},{"not_picked":["PoemPanic:PoemPanicRelic","Cursed Key"],"picked":"Empty Cage"}],"items_purged_floors":[],"is_endless":false,"potions_floor_spawned":[1,6,16,29,33,35,41,45],"ascension_level":0}}