{"host":"6xsbn6ynqlzwllfm","time":1613064176,"event":{"mods":["2.2 Compatiblity","BaseMod","Bestiary","Colored Map","Colored Powertips","Curses Come First","Highlight Path","Keyboard Shortcuts","Minty Spire (QoL Compilation)","Relic Stats","Slay the Relics Exporter","StSLib","SuperFastMode"],"gold_per_floor":[361,361,373,451,348,382,382,407,433,448,12,77,77,149,149,244,244,282,106,144,202,255,290,290,335,335,402,31,31,97,127,127,229,229,243,243,243],"floor_reached":36,"language":"ENG","playtime":2849,"items_purged":["Strike_G","Strike_G","Well Laid Plans"],"score":979,"play_id":"8fd146ae-6942-4c2d-b787-203c013dd090","local_time":"20210211122256","is_ascension_mode":true,"campfire_choices":[{"data":"Deadly Poison","floor":7,"key":"SMITH"},{"floor":13,"key":"REST"},{"floor":15,"key":"REST"},{"data":"HandOfGreed","floor":24,"key":"SMITH"},{"data":"Burst","floor":32,"key":"SMITH"}],"circlet_count":0,"master_deck":["AscendersBane","Strike_G","Strike_G","Strike_G","Defend_G","Defend_G","Defend_G+1","Defend_G","Defend_G","Survivor","Neutralize","Dash+1","PiercingWail","Deadly Poison+1","Adrenaline+1","Poisoned Stab","HandOfGreed+1","Leg Sweep","Dagger Spray","Bullet Time","Blur","Calculated Gamble","Catalyst+1","Prepared+1","Catalyst","PiercingWail","Panache+1","Finesse","Malaise","Burst+1","Envenom+1"],"relics":["Ring of the Snake","War Paint","Boot","Blood Vial","Membership Card","Gambling Chip","Letter Opener","Bag of Marbles","Runic Pyramid","ClockworkSouvenir","Unceasing Top","Frozen Egg 2","Girya","Red Mask","Cursed Key"],"acts_visited":["Exordium","TheCity","TheBeyond"],"potions_floor_usage":[6,16,21,30,33],"damage_taken":[{"damage":2,"enemies":"Small Slimes","floor":1,"turns":5},{"damage":0,"enemies":"Cultist","floor":3,"turns":4},{"damage":25,"enemies":"Gremlin Nob","floor":6,"turns":5},{"damage":18,"enemies":"Lagavulin","floor":8,"turns":8},{"damage":0,"enemies":"Jaw Worm","floor":10,"turns":2},{"damage":16,"enemies":"Lagavulin Event","floor":12,"turns":5},{"damage":16,"enemies":"3 Sentries","floor":14,"turns":9},{"damage":0,"enemies":"Hexaghost","floor":16,"turns":8},{"damage":5,"enemies":"2 Thieves","floor":18,"turns":4},{"damage":0,"enemies":"Chosen","floor":20,"turns":3},{"damage":5,"enemies":"Shelled Parasite and Fungi","floor":21,"turns":6},{"damage":4,"enemies":"3 Cultists","floor":22,"turns":5},{"damage":0,"enemies":"Gremlin Leader","floor":23,"turns":4},{"damage":2,"enemies":"Sentry and Sphere","floor":25,"turns":6},{"damage":5,"enemies":"Cultist and Chosen","floor":27,"turns":8},{"damage":6,"enemies":"3 Cultists","floor":30,"turns":4},{"damage":0,"enemies":"Masked Bandits","floor":31,"turns":4},{"damage":7,"enemies":"Automaton","floor":33,"turns":9},{"damage":0,"enemies":"3 Darklings","floor":35,"turns":7},{"damage":66,"enemies":"2 Orb Walkers","floor":36,"turns":4}],"seed_played":"5288972678771569360","potions_obtained":[{"floor":1,"key":"GamblersBrew"},{"floor":14,"key":"LiquidBronze"},{"floor":16,"key":"EssenceOfSteel"},{"floor":18,"key":"Energy Potion"},{"floor":23,"key":"Ancient Potion"},{"floor":30,"key":"SpeedPotion"},{"floor":33,"key":"SpeedPotion"}],"is_trial":false,"path_per_floor":["M","?","M","?","$","E","R","E","T","M","$","?","R","E","R","B",null,"M","$","M","M","M","E","R","M","T","M","$","?","M","?","R","B",null,"M","?"],"character_chosen":"THE_SILENT","items_purchased":["Deadly Poison","Membership Card","HandOfGreed","Gambling Chip","ClockworkSouvenir","Calculated Gamble","Panache+1","Girya","Finesse"],"campfire_rested":2,"item_purchase_floors":[5,11,11,11,19,19,28,28,28],"current_hp_per_floor":[57,57,57,57,57,32,32,14,14,16,16,2,20,6,24,26,52,49,49,51,48,46,48,48,48,48,45,45,45,41,43,43,38,55,57,0,0],"gold":243,"neow_bonus":"TWO_FIFTY_GOLD","is_daily":false,"chose_seed":false,"campfire_upgraded":3,"win_rate":0.0,"timestamp":1613064176,"path_taken":["M","?","?","?","$","E","R","E","T","M","$","?","R","E","R","BOSS","M","$","M","M","M","E","R","M","T","M","$","?","M","?","R","BOSS","M","?"],"items_purchased_type":["Card","Relic","Card","Relic","Relic","Card","Card","Relic","Card"],"build_version":"2020-12-22","purchased_purges":3,"victory":false,"max_hp_per_floor":[60,60,60,60,60,60,60,60,60,60,60,60,60,60,60,60,60,60,60,60,60,60,60,60,60,60,60,60,60,60,60,60,60,60,60,60,60],"relic_stats":{"Blood Vial":32,"counters":[20,110],"Gambling Chip":[64],"Letter Opener":[397],"War Paint":["Defend_G","Adrenaline"],"Boot":[78],"Cursed Key":0,"obtain_stats":[{"Girya":28,"Letter Opener":12,"War Paint":6,"Frozen Egg 2":26,"Boot":8,"Cursed Key":34,"ClockworkSouvenir":19,"Blood Vial":9,"Gambling Chip":11,"Bag of Marbles":14,"Red Mask":31,"Membership Card":11,"Unceasing Top":23,"Ring of the Snake":0,"Runic Pyramid":17},{"Girya":15,"Letter Opener":6,"War Paint":3,"Frozen Egg 2":14,"Boot":4,"Cursed Key":18,"ClockworkSouvenir":9,"Blood Vial":4,"Gambling Chip":5,"Bag of Marbles":7,"Red Mask":17,"Membership Card":5,"Unceasing Top":13,"Ring of the Snake":0,"Runic Pyramid":8},{"Girya":82,"Letter Opener":29,"War Paint":14,"Frozen Egg 2":74,"Boot":22,"Cursed Key":99,"ClockworkSouvenir":50,"Blood Vial":22,"Gambling Chip":24,"Bag of Marbles":38,"Red Mask":90,"Membership Card":24,"Unceasing Top":68,"Ring of the Snake":0,"Runic Pyramid":46}],"Unceasing Top":[7],"Ring of the Snake":[40]},"card_choices":[{"not_picked":["Bouncing Flask","Escape Plan"],"picked":"Dash","floor":1},{"not_picked":["Outmaneuver","Deflect"],"picked":"PiercingWail","floor":3},{"not_picked":["Dagger Spray","Dodge and Roll"],"picked":"Adrenaline","floor":6},{"not_picked":["Slice","Dodge and Roll"],"picked":"Poisoned Stab","floor":8},{"not_picked":["Deadly Poison","Sucker Punch"],"picked":"Well Laid Plans","floor":10},{"not_picked":["Quick Slash","Dagger Spray"],"picked":"Leg Sweep","floor":12},{"not_picked":["Heel Hook","Sucker Punch"],"picked":"Dagger Spray","floor":14},{"not_picked":["After Image","Unload"],"picked":"Bullet Time","floor":16},{"not_picked":["Cloak And Dagger","Flying Knee"],"picked":"Blur","floor":18},{"not_picked":["Dodge and Roll","Sucker Punch"],"picked":"Catalyst+1","floor":20},{"not_picked":["Escape Plan+1","Caltrops+1"],"picked":"Prepared+1","floor":21},{"not_picked":["Poisoned Stab","Bane"],"picked":"Catalyst","floor":22},{"not_picked":["Sucker Punch","Deflect","Setup"],"picked":"SKIP","floor":23},{"not_picked":["Bane+1","Outmaneuver","Deflect"],"picked":"SKIP","floor":25},{"not_picked":["Endless Agony","Dodge and Roll"],"picked":"PiercingWail","floor":27},{"not_picked":["Underhanded Strike","Acrobatics","Dagger Throw+1"],"picked":"SKIP","floor":30},{"not_picked":["Dodge and Roll+1","Underhanded Strike"],"picked":"Burst","floor":31},{"not_picked":["Unload","Phantasmal Killer"],"picked":"Envenom+1","floor":33}],"player_experience":1469292,"relics_obtained":[{"floor":6,"key":"War Paint"},{"floor":8,"key":"Boot"},{"floor":9,"key":"Blood Vial"},{"floor":12,"key":"Letter Opener"},{"floor":14,"key":"Bag of Marbles"},{"floor":23,"key":"Unceasing Top"},{"floor":26,"key":"Frozen Egg 2"},{"floor":31,"key":"Red Mask"}],"event_choices":[{"damage_healed":0,"gold_gain":0,"player_choice":"Upgraded","damage_taken":0,"max_hp_gain":0,"max_hp_loss":0,"event_name":"Upgrade Shrine","floor":2,"gold_loss":0,"cards_upgraded":["Dash"]},{"damage_healed":0,"gold_gain":78,"player_choice":"Gained Gold","damage_taken":0,"max_hp_gain":0,"max_hp_loss":0,"event_name":"Golden Wing","floor":4,"gold_loss":0},{"damage_healed":0,"gold_gain":30,"player_choice":"Searched \u00272\u0027 times","damage_taken":0,"max_hp_gain":0,"max_hp_loss":0,"event_name":"Dead Adventurer","floor":12,"gold_loss":0},{"damage_healed":0,"gold_gain":0,"player_choice":"Read","damage_taken":0,"max_hp_gain":0,"max_hp_loss":0,"event_name":"The Library","floor":29,"gold_loss":0,"cards_obtained":["Malaise"]},{"damage_healed":0,"gold_gain":0,"player_choice":"Fought Bandits","damage_taken":0,"max_hp_gain":0,"max_hp_loss":0,"event_name":"Masked Bandits","floor":31,"gold_loss":0},{"damage_healed":0,"gold_gain":0,"player_choice":"Fight","damage_taken":0,"max_hp_gain":0,"max_hp_loss":0,"event_name":"Mysterious Sphere","floor":36,"gold_loss":0}],"is_beta":false,"boss_relics":[{"not_picked":["Empty Cage","Ectoplasm"],"picked":"Runic Pyramid"},{"not_picked":["HoveringKite","Calling Bell"],"picked":"Cursed Key"}],"items_purged_floors":[5,19,28],"is_endless":false,"potions_floor_spawned":[1,14,16,18,23,30,33,35],"killed_by":"2 Orb Walkers","ascension_level":20}}