{"host":"ryxkq7m36cv0y2ky","time":1613073946,"event":{"mods":["100% Spire Juice","Act Like it!","Arknights","Bard","BaseMod","CapriCore","Dio Mod","Downfall","Ekko","Gensokyo","Gremlin Mod","GungeonMod","Hermit","HololiveMod","Hubris","Hunter ??","Jorbs\u0027s Wanderer Trilogy","Marisa????????","Minty Spire (QoL Compilation)","Nova Terra(??·??)","Reliquary","Remilia??????","Replay The Spire","Robot Space Explorer","SOS???????","Shade Mod","Spire Arcade","StSLib","The Animator","The Blackbeard","The Bladedancer","The Disciple","The Exalted","The Forsaken","The Hayseed","The Immortal","The Judge","The Juggle","The Marked","The Mystic","The Necromancer","The Poker Player","The Runesmith","The Saiyan","The Senshi","The Servant 0.9.4","The Showman","The Witch","TheVacant","Yakumo Yukari mod","thorton","????"],"gold_per_floor":[99,174,189,204,204,234,259,289,289,304,319,334,334,1,16,116,116,16,31,46,61,61,76,101,116,116,101,1,16,196,211,226,326,326,326,341,141,156,171,221,221,236,236,251,281,296,296,326,226,226,226,256,6,6,6,6],"floor_reached":57,"language":"ENG","playtime":3976,"items_purged":[],"score":1355,"play_id":"c848605b-be96-47e6-86f5-dbf2dee4240f","local_time":"20210212063546","daily_mods":["Shiny","Uncertain Future","DeadlyEvents"],"is_ascension_mode":false,"campfire_choices":[{"floor":1,"key":"RECALL"},{"data":"dioMod:UltimateSacrifice","floor":9,"key":"SMITH"},{"data":"dioMod:TheWalk","floor":13,"key":"SMITH"},{"data":"dioMod:TheWalk","floor":18,"key":"SMITH"},{"data":"dioMod:MudaMudaMuda","floor":26,"key":"SMITH"},{"data":"dioMod:DoubleTime","floor":28,"key":"SMITH"},{"data":"dioMod:UltimateSacrifice","floor":35,"key":"SMITH"},{"data":"dioMod:MudaMudaMuda","floor":43,"key":"SMITH"},{"data":"dioMod:GoldVial","floor":47,"key":"SMITH"},{"data":"dioMod:ZaWarudo","floor":49,"key":"SMITH"},{"data":"dioMod:DoubleTime","floor":54,"key":"SMITH"}],"circlet_count":0,"master_deck":["dioMod:SevenPageMuda","dioMod:RoadRoller","dioMod:KonoDioDa","dioMod:GoldVial+1","dioMod:Refresh","dioMod:Despair","dioMod:PathToHeaven","dioMod:MudaMudaMuda+1","dioMod:UltimateSacrifice+1","dioMod:Regeneration","dioMod:TheWalk+1","dioMod:ZaWarudo+1","dioMod:PhantomBlood","dioMod:DaggerToss","dioMod:Minions+1","dioMod:ComposedMuda","dioMod:BloodSuck","dioMod:MudaMudaMuda+1","dioMod:LaserVision","dioMod:StreetSign","dioMod:BloodTransfusion","dioMod:DoubleTime+1","dioMod:TheWalk+1","dioMod:DaggerToss","dioMod:StreetSign","dioMod:DoubleTime","dioMod:CutDeep+1","dioMod:DoubleTime","dioMod:Muda","dioMod:DarkRebirth","dioMod:ComposedMuda","dioMod:Muda","dioMod:UltimateSacrifice+1","dioMod:DoubleTime+1","dioMod:DaggerToss","dioMod:MudaMudaMuda+1","dioMod:ComposedMuda","dioMod:ComboFever+1","dioMod:LaserVision","dioMod:DoubleTime+1","dioMod:DarkRebirth+1","dioMod:HeavyLifting+1","dioMod:Hiss+1"],"relics":["dioMod:VampireBlood","DemoMod:NanoMachines","reliquary:RosewoodLute","hubris:Metronome","hubris:HollowSoul","downfall:HeartBlessingRed","Meat on the Bone","Orichalcum","downfall:HeartBlessingBlue","bronze:DonusWashers","Coffee Dripper","DollysMirror","champ:DuelingGlove","DemoMod:SuperHotWatch","Boot","Anchor","downfall:HeartBlessingGreen","hubris:MedicalManual","theForsaken:HumbleEgg"],"acts_visited":["Exordium","Gensokyo:Gensokyoer","TheBeyond","TheEnding"],"potions_floor_usage":[30,45,55,55],"damage_taken":[{"damage":11,"enemies":"2 Louse","floor":3,"turns":4},{"damage":26,"enemies":"Jaw Worm","floor":4,"turns":4},{"damage":51,"enemies":"3 Sentries","floor":6,"turns":5},{"damage":2,"enemies":"Lagavulin","floor":8,"turns":4},{"damage":8,"enemies":"Cultist","floor":10,"turns":2},{"damage":6,"enemies":"Exordium Wildlife","floor":11,"turns":3},{"damage":9,"enemies":"Looter","floor":12,"turns":2},{"damage":18,"enemies":"downfall:FleeingMerchant","floor":14,"turns":5},{"damage":8,"enemies":"Large Slime","floor":15,"turns":2},{"damage":6,"enemies":"Slime Boss","floor":16,"turns":2},{"damage":6,"enemies":"Gensokyo:AngelMirror","floor":19,"turns":1},{"damage":8,"enemies":"Gensokyo:2_Gloops","floor":20,"turns":3},{"damage":20,"enemies":"Gensokyo:Swordslinger","floor":21,"turns":3},{"damage":36,"enemies":"Gensokyo:Wraith","floor":23,"turns":4},{"damage":9,"enemies":"Gensokyo:3_Gloops","floor":25,"turns":4},{"damage":14,"enemies":"downfall:FleeingMerchant","floor":27,"turns":5},{"damage":6,"enemies":"Gensokyo:Chomper_and_Gloop","floor":29,"turns":1},{"damage":8,"enemies":"downfall:FleeingMerchant","floor":30,"turns":4},{"damage":24,"enemies":"Gensokyo:Monolith_and_Dog","floor":31,"turns":3},{"damage":0,"enemies":"Gensokyo:Swordslinger","floor":32,"turns":1},{"damage":26,"enemies":"IC_MUSHROOM_ARCHETYPE","floor":33,"turns":5},{"damage":0,"enemies":"3 Darklings","floor":36,"turns":1},{"damage":20,"enemies":"3 Shapes","floor":38,"turns":2},{"damage":14,"enemies":"Writhing Mass","floor":39,"turns":3},{"damage":29,"enemies":"Writhing Mass","floor":40,"turns":4},{"damage":12,"enemies":"3 Darklings","floor":42,"turns":1},{"damage":10,"enemies":"Jaw Worm Horde","floor":44,"turns":1},{"damage":25,"enemies":"Nemesis","floor":45,"turns":3},{"damage":14,"enemies":"Writhing Mass","floor":46,"turns":2},{"damage":4,"enemies":"Reptomancer","floor":48,"turns":2},{"damage":62,"enemies":"DF_ARCHETYPE_ORBS","floor":50,"turns":5},{"damage":26,"enemies":"downfall:CharBossMerchant","floor":52,"turns":4},{"damage":104,"enemies":"downfall:NeowBoss","floor":55,"turns":10},{"damage":166,"enemies":"downfall:NeowBossFinal","floor":56,"turns":8}],"seed_played":"-587577638262706789","potions_obtained":[{"floor":3,"key":"FairyPotion"},{"floor":8,"key":"SkillPotion"},{"floor":12,"key":"LifebloodPotion"},{"floor":23,"key":"PowerPotion"},{"floor":31,"key":"Venom Potion"},{"floor":33,"key":"DistilledChaos"},{"floor":48,"key":"Toxic Potion"}],"is_trial":false,"path_per_floor":["R","?","M","M","?","E","T","E","R","M","M","M","R","$","M","B",null,"R","M","M","M","T","M","T","M","R","$","R","M","$","M","M","B",null,"R","M","$","M","M","?","T","M","R","M","E","M","R","E","R","B",null,"E","$","R","B","B",null],"character_chosen":"THE_DEFAULT","items_purchased":["hubris:Metronome","dioMod:BloodTransfusion","bronze:DonusWashers","dioMod:DaggerToss","DollysMirror","theForsaken:HumbleEgg"],"campfire_rested":0,"item_purchase_floors":[14,14,30,37,37,53],"current_hp_per_floor":[75,64,71,65,65,37,37,51,51,56,63,67,67,68,63,60,75,75,72,75,58,58,44,44,73,73,75,85,85,80,64,67,64,85,85,85,85,79,81,74,74,80,80,79,85,76,76,85,85,53,85,72,72,72,45,85],"gold":6,"neow_bonus":"","is_daily":true,"chose_seed":false,"campfire_upgraded":10,"win_rate":0.0,"timestamp":1613073946,"path_taken":["R","?","M","M","?","?","T","E","R","M","M","M","R","$","M","BOSS","R","M","M","M","?","M","T","?","R","$","R","M","?","?","M","BOSS","R","M","$","M","M","?","T","M","R","?","?","M","R","E","R","BOSS","E","$","R","BOSS","BOSS"],"items_purchased_type":["Relic","Card","Relic","Card","Relic","Relic"],"build_version":"2020-12-22","purchased_purges":0,"victory":true,"max_hp_per_floor":[75,75,75,75,75,75,75,75,75,75,75,75,75,75,75,75,75,75,75,75,75,75,75,75,75,75,75,85,85,85,85,85,85,85,85,85,85,85,85,85,85,85,85,85,85,85,85,85,85,85,85,85,85,85,85,85],"card_choices":[{"not_picked":["dioMod:GoodbyeJojo","dioMod:TripleThreat"],"picked":"dioMod:DaggerToss","floor":3},{"not_picked":["dioMod:SlashThroughTime","dioMod:VengefulMuda"],"picked":"dioMod:Minions","floor":4},{"not_picked":["dioMod:Roundabout","dioMod:FlyAway"],"picked":"dioMod:ComposedMuda","floor":6},{"not_picked":["dioMod:WRYYY","dioMod:Donut"],"picked":"dioMod:BloodSuck","floor":8},{"not_picked":["dioMod:DaggerSpree","dioMod:BlendIn"],"picked":"dioMod:MudaMudaMuda","floor":10},{"not_picked":["dioMod:BloodSplash","dioMod:Donut"],"picked":"dioMod:LaserVision","floor":11},{"not_picked":["dioMod:Diversion","dioMod:SlashThroughTime"],"picked":"dioMod:StreetSign","floor":12},{"not_picked":["dioMod:BloodShield","dioMod:BloodSuck","dioMod:BlendIn"],"picked":"SKIP","floor":14},{"not_picked":["dioMod:DaggerSpree","dioMod:SecretPlan"],"picked":"dioMod:DoubleTime","floor":15},{"not_picked":["dioMod:Regeneration","dioMod:PathToHeaven"],"picked":"dioMod:TheWalk","floor":16},{"not_picked":["dioMod:Roundabout","dioMod:CutDeep"],"picked":"dioMod:DaggerToss","floor":19},{"not_picked":["dioMod:SecretPlan","dioMod:GoodbyeJojo"],"picked":"dioMod:StreetSign","floor":20},{"not_picked":["dioMod:WRYYY","dioMod:GoodbyeJojo"],"picked":"dioMod:DoubleTime","floor":21},{"not_picked":["dioMod:DaggerSpree","dioMod:StreetSign"],"picked":"dioMod:CutDeep+1","floor":23},{"not_picked":["dioMod:KonoDioDa","dioMod:BloodTransfusion","dioMod:TripleThreat"],"picked":"SKIP","floor":25},{"not_picked":["dioMod:Minions+1","dioMod:DarkRebirth"],"picked":"dioMod:DoubleTime","floor":27},{"not_picked":["dioMod:Roundabout+1","dioMod:DaggerSpree"],"picked":"dioMod:Muda","floor":29},{"not_picked":["dioMod:BloodShield","dioMod:SlashThroughTime+1"],"picked":"dioMod:DarkRebirth","floor":30},{"not_picked":["dioMod:BloodSplash","dioMod:Diversion"],"picked":"dioMod:ComposedMuda","floor":31},{"not_picked":["dioMod:VengefulMuda","dioMod:Refresh"],"picked":"dioMod:Muda","floor":32},{"not_picked":["dioMod:RoadRoller","dioMod:SevenPageMuda"],"picked":"dioMod:UltimateSacrifice","floor":33},{"not_picked":["dioMod:FlyAway","dioMod:Donut"],"picked":"dioMod:DoubleTime","floor":36},{"not_picked":["dioMod:TripleThreat+1","dioMod:BlendIn+1"],"picked":"dioMod:ComposedMuda","floor":38},{"not_picked":["dioMod:StreetSign+1","dioMod:Donut"],"picked":"dioMod:ComboFever+1","floor":39},{"not_picked":["dioMod:Roundabout+1","dioMod:TripleThreat"],"picked":"dioMod:LaserVision","floor":40},{"not_picked":["dioMod:DaggerToss","dioMod:BloodShield"],"picked":"dioMod:DoubleTime+1","floor":42},{"not_picked":["dioMod:WRYYY","dioMod:SadisticLaugh+1"],"picked":"dioMod:DarkRebirth+1","floor":44},{"not_picked":["dioMod:PathToHeaven","dioMod:SadisticLaugh+1","dioMod:DisarmingVoice+1"],"picked":"SKIP","floor":45},{"not_picked":["dioMod:BlendIn","dioMod:Hiss+1"],"picked":"dioMod:HeavyLifting+1","floor":46},{"not_picked":["dioMod:Roundabout","dioMod:DaggerSpree","dioMod:Despair"],"picked":"SKIP","floor":48},{"not_picked":["dioMod:Freeze","dioMod:SadisticLaugh"],"picked":"dioMod:Hiss+1","floor":52}],"player_experience":336755,"relics_obtained":[{"floor":6,"key":"DemoMod:NanoMachines"},{"floor":8,"key":"reliquary:RosewoodLute"},{"floor":22,"key":"Meat on the Bone"},{"floor":24,"key":"Orichalcum"},{"floor":40,"key":"champ:DuelingGlove"},{"floor":41,"key":"DemoMod:SuperHotWatch"},{"floor":45,"key":"Boot"},{"floor":48,"key":"Anchor"},{"floor":52,"key":"hubris:MedicalManual"}],"event_choices":[{"damage_healed":0,"gold_gain":75,"player_choice":"Gather Gold","damage_taken":11,"max_hp_gain":0,"max_hp_loss":0,"event_name":"World of Goop","floor":2,"gold_loss":0}],"is_beta":false,"boss_relics":[{"not_picked":["dioMod:JoestarBlood","Replay:Drink Me"],"picked":"hubris:HollowSoul"},{"not_picked":["Ring of Chaos","Black Star"],"picked":"Coffee Dripper"}],"items_purged_floors":[],"is_endless":false,"potions_floor_spawned":[3,8,12,16,23,25,31,33,38,39,44,48],"ascension_level":0}}