{"host":"y36bp6mnm73x3iob","time":1613031073,"event":{"mods":["2.2 Compatiblity","Aspiration","BaseMod","Bossed Relics","Downfall","GifTheSpireLib","Hermit","Minty Spire (QoL Compilation)","Reliquary","Retaliation","StSLib"],"gold_per_floor":[99,113,133,69,244,278,301,315,326,326,352,252,317,12,24,24,24,24],"floor_reached":16,"language":"ENG","playtime":1248,"items_purged":["Doubt"],"score":110,"play_id":"107970dc-a021-4a90-9508-5594cdfc0c7d","local_time":"20210211101113","is_ascension_mode":false,"campfire_choices":[{"data":"Mayhem","floor":1,"key":"SMITH"},{"data":"Guardian:RefractedBeam","floor":10,"key":"SMITH"},{"floor":12,"key":"RECALL"}],"circlet_count":0,"master_deck":["Guardian:Strike_Guardian","Guardian:Strike_Guardian","Guardian:Strike_Guardian","Guardian:Strike_Guardian","Guardian:Defend_Guardian","Guardian:Defend_Guardian","Guardian:Defend_Guardian","Guardian:Defend_Guardian","Guardian:CurlUp","Guardian:TwinSlam","Mayhem+1","Guardian:ChargeCore","Guardian:ShieldCharger","Guardian:RefractedBeam+1","Guardian:PrismaticBarrier","Guardian:BronzeArmor","Guardian:StasisField","Guardian:EvasiveProtocol","Guardian:SpikerProtocol","Guardian:DecasProtection"],"relics":["Guardian:ModeShifter","MealTicket","reliquary:PorcupineQuills","Orichalcum","downfall:HeartBlessingGreen","reliquary:Knoch","Membership Card"],"acts_visited":["Exordium"],"potions_floor_usage":[9,13,13,13,14,15,16],"damage_taken":[{"damage":3,"enemies":"Jaw Worm","floor":2,"turns":5},{"damage":2,"enemies":"2 Louse","floor":3,"turns":5},{"damage":5,"enemies":"downfall:FleeingMerchant","floor":4,"turns":4},{"damage":13,"enemies":"3 Sentries","floor":6,"turns":11},{"damage":1,"enemies":"Cultist","floor":8,"turns":3},{"damage":7,"enemies":"3 Louse","floor":9,"turns":4},{"damage":28,"enemies":"Lagavulin","floor":11,"turns":10},{"damage":2,"enemies":"Gremlin Nob","floor":13,"turns":5},{"damage":0,"enemies":"downfall:FleeingMerchant","floor":14,"turns":4},{"damage":0,"enemies":"Gremlin Gang","floor":15,"turns":4},{"damage":27,"enemies":"IC_STATUS_ARCHETYPE","floor":16,"turns":10}],"seed_played":"3113995016982501222","potions_obtained":[{"floor":3,"key":"EssenceOfSteel"},{"floor":6,"key":"Weak Potion"},{"floor":8,"key":"hexamod:SoulburnPotion"},{"floor":11,"key":"Guardian:BlockOnCardUsePotion"},{"floor":13,"key":"Swift Potion"}],"is_trial":false,"path_per_floor":["R","M","M","$","?","E","T","M","M","R","E","R","?","$","M","B"],"character_chosen":"GUARDIAN","items_purchased":["Guardian:ShieldCharger","Membership Card","Guardian:SpikerProtocol","DistilledChaos","Block Potion"],"campfire_rested":0,"item_purchase_floors":[4,14,14,14,14],"current_hp_per_floor":[72,69,67,62,62,49,49,48,41,41,13,13,11,26,26,0,0,0],"gold":24,"neow_bonus":"RANDOM_COLORLESS_2","is_daily":false,"chose_seed":false,"campfire_upgraded":2,"win_rate":0.0,"timestamp":1613031073,"path_taken":["R","M","M","$","?","E","T","M","M","R","E","R","?","?","M","BOSS"],"items_purchased_type":["Card","Relic","Card","Potion","Potion"],"build_version":"2020-12-22","purchased_purges":1,"victory":false,"max_hp_per_floor":[72,72,72,72,72,72,72,72,72,72,72,72,72,72,72,72,72,72],"card_choices":[{"not_picked":["Panache","Magnetism"],"picked":"Mayhem","floor":0},{"not_picked":["Guardian:PrimingBeam","Guardian:Incinerate"],"picked":"Guardian:ChargeCore","floor":2},{"not_picked":["Guardian:PrismaticBeam","Guardian:VentSteam"],"picked":"Guardian:Gem_Lightblue","floor":3},{"not_picked":["Guardian:Suspension","Guardian:TemporalShield"],"picked":"Guardian:Gem_Fragmented","floor":4},{"not_picked":["Guardian:ShieldCharger","Guardian:VentSteam"],"picked":"Guardian:RefractedBeam","floor":6},{"not_picked":["Guardian:RefractedBeam","Guardian:VentSteam"],"picked":"Guardian:PrismaticBarrier","floor":8},{"not_picked":["Guardian:Recover","Guardian:ShieldCharger"],"picked":"Guardian:Gem_Yellow","floor":9},{"not_picked":["Guardian:Gem_Yellow","Guardian:Repulse"],"picked":"Guardian:BronzeArmor","floor":11},{"not_picked":["Guardian:WalkerClaw","Guardian:RollAttack"],"picked":"Guardian:StasisField","floor":13},{"not_picked":["Guardian:BodySlam","Guardian:Incinerate"],"picked":"Guardian:EvasiveProtocol","floor":14},{"not_picked":["Guardian:TimeBomb","Guardian:Emergency"],"picked":"Guardian:DecasProtection","floor":15}],"player_experience":554573,"relics_obtained":[{"floor":6,"key":"MealTicket"},{"floor":7,"key":"reliquary:PorcupineQuills"},{"floor":11,"key":"Orichalcum"},{"floor":13,"key":"reliquary:Knoch"}],"event_choices":[],"is_beta":false,"boss_relics":[],"items_purged_floors":[14],"is_endless":false,"potions_floor_spawned":[3,6,8,11,13],"killed_by":"IC_STATUS_ARCHETYPE","ascension_level":0}}