{"host":"8is2j71l4wmybkoi","time":1613045307,"event":{"mods":["AchievementEnabler","BaseMod","Colored Map","Minty Spire (QoL Compilation)","Rare Cards Sparkle","StSLib","SuperFastMode"],"gold_per_floor":[218,218,228,6,22,52,52,127,153,185,205,205,239,259,259,259,259],"floor_reached":16,"language":"KOR","playtime":484,"items_purged":["Strike_R"],"score":210,"play_id":"1bc2f462-6173-4fb2-9ae3-5cdd9ce378ad","local_time":"20210211210827","is_ascension_mode":true,"campfire_choices":[{"floor":7.0,"key":"REST"},{"floor":12.0,"key":"REST"},{"data":"Body Slam","floor":15,"key":"SMITH"}],"circlet_count":0,"master_deck":["AscendersBane","Strike_R","Strike_R","Strike_R","Strike_R","Defend_R","Defend_R","Defend_R","Defend_R","Bash","Flame Barrier","Body Slam+1","Panacea","Pummel","Pommel Strike","Bludgeon","Anger","Whirlwind"],"relics":["Burning Blood","Regal Pillow","Gambling Chip","Smiling Mask","Kunai","Girya"],"acts_visited":["Exordium"],"potions_floor_usage":[],"damage_taken":[{"damage":4.0,"enemies":"Small Slimes","floor":1.0,"turns":4.0},{"damage":7.0,"enemies":"Jaw Worm","floor":3.0,"turns":3.0},{"damage":0.0,"enemies":"2 Louse","floor":5.0,"turns":4.0},{"damage":43.0,"enemies":"Lagavulin","floor":6.0,"turns":7.0},{"damage":34.0,"enemies":"Gremlin Nob","floor":10.0,"turns":5.0},{"damage":14.0,"enemies":"Exordium Wildlife","floor":11.0,"turns":5.0},{"damage":10.0,"enemies":"3 Sentries","floor":13.0,"turns":5.0},{"damage":0.0,"enemies":"Lots of Slimes","floor":14.0,"turns":1.0},{"damage":50,"enemies":"Slime Boss","floor":16,"turns":10}],"seed_played":"-2698213090031380229","potions_obtained":[{"floor":3.0,"key":"Energy Potion"},{"floor":10.0,"key":"Weak Potion"}],"is_trial":false,"path_per_floor":["M","?","M","$","M","E","R","?","T","E","M","R","E","M","R","B"],"character_chosen":"IRONCLAD","items_purchased":["Panacea","Fire Potion"],"campfire_rested":2,"item_purchase_floors":[4,4],"current_hp_per_floor":[70,52,51,51,57,20,57,46,46,18,10,47,43,49,49,0,0],"gold":259,"neow_bonus":"HUNDRED_GOLD","is_daily":false,"chose_seed":false,"campfire_upgraded":1,"win_rate":0.0,"timestamp":1613045307,"path_taken":["M","?","M","$","M","E","R","?","T","E","M","R","E","M","R","BOSS"],"items_purchased_type":["Card","Potion"],"build_version":"2020-12-22","purchased_purges":1,"victory":false,"max_hp_per_floor":[75,75,75,75,75,75,75,75,75,75,75,75,75,75,75,75,75],"card_choices":[{"not_picked":["Thunderclap","Burning Pact"],"picked":"Flame Barrier","floor":1.0},{"not_picked":["Warcry","Wild Strike"],"picked":"Body Slam","floor":3.0},{"not_picked":["Heavy Blade","True Grit"],"picked":"Pummel","floor":5.0},{"not_picked":["Metallicize","Cleave"],"picked":"Pommel Strike","floor":6.0},{"not_picked":["Iron Wave","Shrug It Off"],"picked":"Bludgeon","floor":10.0},{"not_picked":["Clothesline","Rupture"],"picked":"Anger","floor":11.0},{"not_picked":["Uppercut","Anger"],"picked":"Whirlwind","floor":13.0},{"not_picked":["Warcry","Combust","Havoc"],"picked":"SKIP","floor":14.0}],"player_experience":1141240,"relics_obtained":[{"floor":6.0,"key":"Gambling Chip"},{"floor":9.0,"key":"Smiling Mask"},{"floor":10.0,"key":"Kunai"},{"floor":13.0,"key":"Girya"}],"event_choices":[{"damage_healed":0.0,"max_hp_gain":0.0,"max_hp_loss":0.0,"gold_gain":0.0,"event_name":"Scrap Ooze","player_choice":"Success","floor":2.0,"gold_loss":0.0,"damage_taken":18.0,"relics_obtained":["Regal Pillow"]},{"damage_healed":0.0,"max_hp_gain":0.0,"max_hp_loss":0.0,"gold_gain":75.0,"event_name":"World of Goop","player_choice":"Gather Gold","floor":8.0,"gold_loss":0.0,"damage_taken":11.0}],"is_beta":false,"boss_relics":[],"items_purged_floors":[4],"is_endless":false,"potions_floor_spawned":[3,10],"killed_by":"Slime Boss","ascension_level":15}}