{"host":"og6lam4kt3nibbw0","time":1613062450,"event":{"mods":["AchievementEnabler","BaseMod","Colored Map","DeckTracker","Highlight Path","Keyboard Shortcuts","Minty Spire (QoL Compilation)","Permanent Neow","Quick Restart","StSLib","SuperFastMode"],"gold_per_floor":[112,112,129,54,54,86,86,111,137,151,167,167,184,184,184,260,260,280,330,347,347,373,373,391,418,718,736,750,770,770,770,770,770,770],"floor_reached":33,"language":"KOR","playtime":1621,"items_purged":["Strike_B"],"score":629,"play_id":"bf7926bf-3ce3-46ec-8dee-d20cda81e7dc","local_time":"20210212015410","is_ascension_mode":true,"campfire_choices":[{"data":"Zap","floor":7.0,"key":"SMITH"},{"data":"Defragment","floor":12.0,"key":"SMITH"},{"floor":15.0,"key":"REST"},{"data":"Rainbow","floor":23.0,"key":"SMITH"},{"data":"Biased Cognition","floor":30,"key":"SMITH"},{"data":"Glacier","floor":32,"key":"SMITH"}],"circlet_count":0,"master_deck":["AscendersBane","Defend_B","Defend_B","Defend_B","Defend_B","Zap+1","Dualcast","Defragment+1","Conserve Battery","Rainbow+1","Glacier+1","Static Discharge","Biased Cognition+1","Compile Driver+1","Undo","Turbo","Self Repair","Bite","Bite","Bite","Bite","Bite"],"relics":["Cracked Core","NeowsBlessing","Thread and Needle","Toy Ornithopter","Happy Flower","Omamori","Potion Belt","Coffee Dripper","Art of War","Akabeko","Old Coin"],"acts_visited":["Exordium","TheCity"],"potions_floor_usage":[28,33,33,33],"damage_taken":[{"damage":0.0,"enemies":"Jaw Worm","floor":1.0,"turns":1.0},{"damage":0.0,"enemies":"Cultist","floor":3.0,"turns":1.0},{"damage":0.0,"enemies":"Gremlin Nob","floor":6.0,"turns":1.0},{"damage":28.0,"enemies":"3 Sentries","floor":8.0,"turns":10.0},{"damage":1.0,"enemies":"Small Slimes","floor":10.0,"turns":2.0},{"damage":0.0,"enemies":"Looter","floor":11.0,"turns":4.0},{"damage":14.0,"enemies":"Lots of Slimes","floor":13.0,"turns":3.0},{"damage":37.0,"enemies":"The Guardian","floor":16.0,"turns":15.0},{"damage":20.0,"enemies":"2 Thieves","floor":18.0,"turns":4.0},{"damage":5.0,"enemies":"Chosen","floor":20.0,"turns":4.0},{"damage":15.0,"enemies":"Snake Plant","floor":24.0,"turns":3.0},{"damage":7.0,"enemies":"Book of Stabbing","floor":25.0,"turns":6.0},{"damage":8.0,"enemies":"3 Cultists","floor":27.0,"turns":4.0},{"damage":0,"enemies":"Shelled Parasite and Fungi","floor":28,"turns":6},{"damage":7,"enemies":"Centurion and Healer","floor":29,"turns":7},{"damage":68,"enemies":"Champ","floor":33,"turns":10}],"seed_played":"6932453207933435259","potions_obtained":[{"floor":3.0,"key":"BlessingOfTheForge"},{"floor":6.0,"key":"SkillPotion"},{"floor":13.0,"key":"Explosive Potion"},{"floor":16.0,"key":"Explosive Potion"},{"floor":18.0,"key":"Regen Potion"},{"floor":20.0,"key":"Block Potion"},{"floor":29,"key":"Swift Potion"}],"is_trial":false,"path_per_floor":["M","?","M","$","T","E","R","E","T","M","M","R","M","?","R","B",null,"M","?","M","?","T","R","M","E","T","M","M","M","R","?","R","B"],"character_chosen":"DEFECT","items_purchased":[],"campfire_rested":1,"item_purchase_floors":[],"current_hp_per_floor":[64,64,64,64,64,64,64,41,41,40,40,40,26,26,47,10,56,36,36,36,36,36,36,21,34,34,26,31,24,24,24,24,0,0],"gold":770,"neow_bonus":"THREE_ENEMY_KILL","is_daily":false,"chose_seed":false,"campfire_upgraded":5,"win_rate":0.0,"timestamp":1613062450,"path_taken":["M","?","?","?","?","E","R","E","T","M","M","R","?","?","R","BOSS","M","?","?","?","?","R","M","E","T","M","M","M","R","?","R","BOSS"],"items_purchased_type":[],"build_version":"2020-12-22","purchased_purges":1,"victory":false,"max_hp_per_floor":[71,71,71,71,71,71,71,71,71,71,71,71,71,71,71,71,71,71,71,71,71,71,71,71,71,71,71,71,71,71,49,49,49,49],"card_choices":[{"not_picked":["Streamline","Reprogram"],"picked":"Darkness","floor":1.0},{"not_picked":["Stack","Sweeping Beam"],"picked":"Defragment","floor":3.0},{"not_picked":["Steam","Recycle"],"picked":"Conserve Battery","floor":6.0},{"not_picked":["Leap","Consume"],"picked":"Rainbow","floor":8.0},{"not_picked":["Reprogram","Conserve Battery"],"picked":"Glacier","floor":10.0},{"not_picked":["Leap","Sweeping Beam"],"picked":"Static Discharge","floor":11.0},{"not_picked":["Tempest","Scrape","Rip and Tear"],"picked":"SKIP","floor":13.0},{"not_picked":["Meteor Strike","Reboot"],"picked":"Biased Cognition","floor":16.0},{"not_picked":["Darkness","Stack"],"picked":"Compile Driver+1","floor":18.0},{"not_picked":["Steam Power","Cold Snap","Reinforced Body"],"picked":"SKIP","floor":20.0},{"not_picked":["Compile Driver","Reprogram"],"picked":"Undo","floor":24.0},{"not_picked":["Tempest","Leap"],"picked":"Turbo","floor":25.0},{"not_picked":["Scrape","Redo","Go for the Eyes"],"picked":"SKIP","floor":27.0},{"not_picked":["Static Discharge","Beam Cell","Sweeping Beam"],"picked":"SKIP","floor":28},{"not_picked":["Turbo","Cold Snap"],"picked":"Self Repair","floor":29}],"player_experience":716679,"relics_obtained":[{"floor":5.0,"key":"Toy Ornithopter"},{"floor":6.0,"key":"Happy Flower"},{"floor":8.0,"key":"Omamori"},{"floor":9.0,"key":"Potion Belt"},{"floor":22.0,"key":"Art of War"},{"floor":25.0,"key":"Akabeko"},{"floor":26.0,"key":"Old Coin"}],"event_choices":[{"cards_removed":["Darkness"],"damage_healed":0.0,"max_hp_gain":0.0,"max_hp_loss":0.0,"gold_gain":0.0,"event_name":"WeMeetAgain","player_choice":"Gave Card","floor":2.0,"gold_loss":0.0,"damage_taken":0.0,"relics_obtained":["Thread and Needle"]},{"damage_healed":0.0,"max_hp_gain":0.0,"max_hp_loss":0.0,"gold_gain":0.0,"event_name":"Shining Light","player_choice":"Ignored","floor":14.0,"gold_loss":0.0,"damage_taken":0.0},{"damage_healed":0.0,"max_hp_gain":0.0,"max_hp_loss":0.0,"gold_gain":50.0,"event_name":"Golden Shrine","player_choice":"Pray","floor":19.0,"gold_loss":0.0,"damage_taken":0.0},{"damage_healed":0.0,"max_hp_gain":0.0,"max_hp_loss":0.0,"gold_gain":0.0,"event_name":"Ghosts","player_choice":"Ignored","floor":21.0,"gold_loss":0.0,"damage_taken":0.0},{"damage_healed":0,"gold_gain":0,"player_choice":"Became a vampire","damage_taken":0,"max_hp_gain":0,"max_hp_loss":22,"event_name":"Vampires","floor":31,"gold_loss":0,"cards_obtained":["Bite","Bite","Bite","Bite","Bite"]}],"is_beta":false,"boss_relics":[{"not_picked":["Snecko Eye","Philosopher\u0027s Stone"],"picked":"Coffee Dripper"}],"items_purged_floors":[4],"is_endless":false,"potions_floor_spawned":[3,6,13,16,18,20,29],"killed_by":"Champ","ascension_level":20}}