{"host":"hszimsrtxxc2k25w","time":1613065216,"event":{"mods":["AchievementEnabler","BaseMod","Colored Map","DeckTracker","Minty Spire (QoL Compilation)","Rare Cards Sparkle","SuperFastMode"],"gold_per_floor":[117,134,154,171,186,186,186,26,50,67,67,67,85,96,96,175,175,175,175],"floor_reached":18,"language":"KOR","playtime":454,"items_purged":[],"score":312,"play_id":"58f874a5-0a3e-4491-8ce0-88962bda6917","local_time":"20210212024016","is_ascension_mode":true,"campfire_choices":[{"data":"Deadly Poison","floor":6.0,"key":"SMITH"},{"data":"Predator","floor":11.0,"key":"SMITH"},{"data":"Noxious Fumes","floor":15.0,"key":"SMITH"}],"circlet_count":0,"master_deck":["AscendersBane","Strike_G","Strike_G","Strike_G","Defend_G","Defend_G","Defend_G","Survivor","Neutralize","Deadly Poison+1","Footwork","Backstab","Noxious Fumes+1","Predator+1","Masterful Stab","Calculated Gamble"],"relics":["Ring of the Snake","Membership Card","Anchor","Empty Cage"],"acts_visited":["Exordium","TheCity"],"potions_floor_usage":[],"damage_taken":[{"damage":7.0,"enemies":"Cultist","floor":1.0,"turns":4.0},{"damage":5.0,"enemies":"2 Louse","floor":2.0,"turns":3.0},{"damage":5.0,"enemies":"Jaw Worm","floor":3.0,"turns":5.0},{"damage":0.0,"enemies":"3 Louse","floor":4.0,"turns":4.0},{"damage":2.0,"enemies":"2 Fungi Beasts","floor":5.0,"turns":4.0},{"damage":0.0,"enemies":"Lots of Slimes","floor":10.0,"turns":4.0},{"damage":0.0,"enemies":"Gremlin Gang","floor":13.0,"turns":3.0},{"damage":10.0,"enemies":"Exordium Thugs","floor":14.0,"turns":4.0},{"damage":14,"enemies":"The Guardian","floor":16,"turns":9},{"damage":0,"enemies":"3 Byrds","floor":18,"turns":2}],"seed_played":"-3833116951573930644","potions_obtained":[{"floor":1.0,"key":"Fire Potion"},{"floor":2.0,"key":"Fire Potion"},{"floor":4.0,"key":"FairyPotion"},{"floor":14.0,"key":"SpeedPotion"}],"is_trial":false,"path_per_floor":["M","M","M","M","M","R","?","$","T","M","R","?","M","M","R","B",null,"M"],"character_chosen":"THE_SILENT","items_purchased":["Membership Card"],"campfire_rested":0,"item_purchase_floors":[8],"current_hp_per_floor":[52,47,42,42,40,40,40,40,40,40,40,33,33,23,23,9,52,52,52],"gold":175,"neow_bonus":"THREE_CARDS","is_daily":false,"chose_seed":false,"campfire_upgraded":3,"win_rate":0.0,"timestamp":1613065216,"path_taken":["M","M","?","M","M","R","?","$","T","M","R","?","M","M","R","BOSS","M"],"items_purchased_type":["Relic"],"build_version":"2020-12-22","purchased_purges":0,"victory":false,"max_hp_per_floor":[66,66,66,66,66,66,66,66,66,66,66,66,66,66,66,66,66,66,66],"card_choices":[{"not_picked":["Blur","Setup"],"picked":"Deadly Poison","floor":0.0},{"not_picked":["Blur","Endless Agony"],"picked":"Footwork","floor":1.0},{"not_picked":["Backflip","Quick Slash"],"picked":"Backstab","floor":2.0},{"not_picked":["Bouncing Flask","Expertise"],"picked":"Noxious Fumes","floor":3.0},{"not_picked":["Backflip","Dagger Spray"],"picked":"Predator","floor":4.0},{"not_picked":["Slice","Accuracy"],"picked":"Masterful Stab","floor":5.0},{"not_picked":["Outmaneuver","Backflip","Predator"],"picked":"SKIP","floor":10.0},{"not_picked":["PiercingWail","Cloak And Dagger","Underhanded Strike"],"picked":"SKIP","floor":13.0},{"not_picked":["Quick Slash","Backflip"],"picked":"Calculated Gamble","floor":14.0}],"player_experience":675520,"relics_obtained":[{"floor":9.0,"key":"Anchor"}],"event_choices":[{"cards_removed":["Strike_G"],"damage_healed":0.0,"max_hp_gain":0.0,"max_hp_loss":0.0,"gold_gain":0.0,"event_name":"Living Wall","player_choice":"Forget","floor":7.0,"gold_loss":0.0,"damage_taken":0.0},{"cards_removed":["Strike_G"],"damage_healed":0.0,"max_hp_gain":0.0,"max_hp_loss":0.0,"gold_gain":0.0,"event_name":"Golden Wing","player_choice":"Card Removal","floor":12.0,"gold_loss":0.0,"damage_taken":7.0}],"is_beta":false,"boss_relics":[{"not_picked":["Philosopher\u0027s Stone","Fusion Hammer"],"picked":"Empty Cage"}],"items_purged_floors":[],"is_endless":false,"potions_floor_spawned":[1,2,4,14,16],"killed_by":"3 Byrds","ascension_level":20}}