{"host":"mi0eibewekhugwl1","time":1613032068,"event":{"mods":["AchievementEnabler","BaseMod","Colored Map","Colored Powertips","DeckTracker","Keyboard Shortcuts","Minty Spire (QoL Compilation)","Quick Restart","Rare Cards Sparkle","Relic Stats","StSLib","SuperFastMode","everything is the same but u backflip on backflip"],"gold_per_floor":[111,122,140,155,80,106,132,132,159,172,172,187,201,221,221,221,221],"floor_reached":16,"language":"KOR","playtime":309,"items_purged":["Strike_R"],"score":212,"play_id":"3ccb6256-0b71-428b-a39b-0bfb5d435382","local_time":"20210211172748","is_ascension_mode":true,"campfire_choices":[{"floor":8,"key":"REST"},{"data":"Evolve","floor":11,"key":"SMITH"},{"data":"Uppercut","floor":15,"key":"SMITH"}],"circlet_count":0,"master_deck":["AscendersBane","Strike_R","Strike_R","Strike_R","Strike_R","Defend_R","Defend_R","Defend_R","Defend_R","Bash+1","Cleave","Uppercut+1","Seeing Red","Evolve+1","Headbutt","Power Through","Shrug It Off","Sever Soul"],"relics":["Burning Blood","Orichalcum","Odd Mushroom","Vajra"],"acts_visited":["Exordium"],"potions_floor_usage":[6],"damage_taken":[{"damage":13.0,"enemies":"Jaw Worm","floor":1.0,"turns":5.0},{"damage":5.0,"enemies":"2 Louse","floor":2.0,"turns":3.0},{"damage":6,"enemies":"Small Slimes","floor":3,"turns":4},{"damage":14,"enemies":"3 Louse","floor":4,"turns":4},{"damage":28,"enemies":"Lagavulin","floor":6,"turns":7},{"damage":25,"enemies":"The Mushroom Lair","floor":7,"turns":5},{"damage":6,"enemies":"Looter","floor":10,"turns":3},{"damage":2,"enemies":"2 Fungi Beasts","floor":12,"turns":4},{"damage":5,"enemies":"Red Slaver","floor":13,"turns":4},{"damage":12,"enemies":"Large Slime","floor":14,"turns":5},{"damage":43,"enemies":"Slime Boss","floor":16,"turns":7}],"seed_played":"8051950248073839586","potions_obtained":[{"floor":3,"key":"ElixirPotion"},{"floor":4,"key":"Block Potion"},{"floor":6,"key":"ElixirPotion"},{"floor":14,"key":"Strength Potion"}],"is_trial":false,"path_per_floor":["M","M","M","M","$","E","?","R","T","M","R","M","M","M","R","B"],"character_chosen":"IRONCLAD","items_purchased":[],"campfire_rested":1,"item_purchase_floors":[],"current_hp_per_floor":[61,62,62,54,54,32,13,35,35,35,35,39,40,34,34,0,0],"gold":221,"neow_bonus":"UPGRADE_CARD","is_daily":false,"chose_seed":false,"campfire_upgraded":2,"win_rate":0.0,"timestamp":1613032068,"path_taken":["M","M","M","M","$","E","?","R","T","M","R","M","M","M","R","BOSS"],"items_purchased_type":[],"build_version":"2020-12-22","purchased_purges":1,"victory":false,"max_hp_per_floor":[75,75,75,75,75,75,75,75,75,75,75,75,75,75,75,75,75],"relic_stats":{"counters":[11,51],"Orichalcum":[84],"obtain_stats":[{"Vajra":9,"Orichalcum":6,"Odd Mushroom":7,"Burning Blood":0},{"Vajra":6,"Orichalcum":5,"Odd Mushroom":6,"Burning Blood":0},{"Vajra":28,"Orichalcum":23,"Odd Mushroom":28,"Burning Blood":0}],"Burning Blood":60},"card_choices":[{"not_picked":["Headbutt","Clothesline"],"picked":"Cleave","floor":1.0},{"not_picked":["Pummel","Bloodletting"],"picked":"Uppercut","floor":2},{"not_picked":["Clothesline","Thunderclap"],"picked":"Seeing Red","floor":3},{"not_picked":["Rampage","Shrug It Off"],"picked":"Evolve","floor":4},{"not_picked":["Sentinel","Pummel","Warcry"],"picked":"SKIP","floor":6},{"not_picked":["Dark Embrace","Searing Blow"],"picked":"Headbutt","floor":7},{"not_picked":["Double Tap","Wild Strike"],"picked":"Power Through","floor":10},{"not_picked":["Perfected Strike","Dual Wield"],"picked":"Shrug It Off","floor":12},{"not_picked":["Anger","Thunderclap","Flex"],"picked":"SKIP","floor":13},{"not_picked":["Heavy Blade","Shrug It Off"],"picked":"Sever Soul","floor":14}],"player_experience":1797880,"relics_obtained":[{"floor":6,"key":"Orichalcum"},{"floor":7,"key":"Odd Mushroom"},{"floor":9,"key":"Vajra"}],"event_choices":[{"damage_healed":0,"gold_gain":0,"player_choice":"Fought Mushrooms","damage_taken":0,"max_hp_gain":0,"max_hp_loss":0,"event_name":"Mushrooms","floor":7,"gold_loss":0}],"is_beta":false,"boss_relics":[],"items_purged_floors":[5],"is_endless":false,"potions_floor_spawned":[3,4,6,14],"killed_by":"Slime Boss","ascension_level":20}}