{"host":"3jpcvpprzj9sjffh","time":1613040485,"event":{"mods":["AchievementEnabler","BaseMod","Colored Map","Minty Spire (QoL Compilation)","Rare Cards Sparkle","SuperFastMode","everything is the same but u backflip on backflip"],"gold_per_floor":[112,36,53,53,3,3,29,41,66,66,77,93,93,112,112,213,213,230,329,123,123,123,158,158,170,195,195,195],"floor_reached":27,"language":"KOR","playtime":979,"items_purged":["True Grit"],"score":256,"play_id":"48a55b98-7bf0-4f1a-8e06-451c5fec9b04","local_time":"20210211194805","is_ascension_mode":false,"campfire_choices":[{"floor":6,"key":"REST"},{"data":"Bash","floor":10,"key":"SMITH"},{"data":"Armaments","floor":13,"key":"SMITH"},{"data":"Perfected Strike","floor":15,"key":"SMITH"},{"floor":24,"key":"RECALL"}],"circlet_count":0,"master_deck":["Bash+1","Blood for Blood","Ghostly Armor+1","Wild Strike","Second Wind","Warcry","Armaments+1","Clothesline","Perfected Strike+1","Double Tap","Feed","Infernal Blade","Shrug It Off","Reaper","Dropkick","Uppercut","Dual Wield","Rage","Clash","Bite","Bite","Bite","Bite","Bite","Flame Barrier","Searing Blow+1"],"relics":["Burning Blood","War Paint","Ancient Tea Set","Pandora\u0027s Box","Self Forming Clay","Ginger","Boot"],"acts_visited":["Exordium","TheCity"],"potions_floor_usage":[16,16],"damage_taken":[{"damage":10,"enemies":"Cultist","floor":1,"turns":4},{"damage":5,"enemies":"Jaw Worm","floor":3,"turns":4},{"damage":29,"enemies":"Lagavulin","floor":7,"turns":7},{"damage":0,"enemies":"2 Louse","floor":8,"turns":3},{"damage":7,"enemies":"Large Slime","floor":11,"turns":7},{"damage":9,"enemies":"2 Fungi Beasts","floor":12,"turns":4},{"damage":2,"enemies":"Blue Slaver","floor":14,"turns":3},{"damage":42,"enemies":"The Guardian","floor":16,"turns":9},{"damage":31,"enemies":"Spheric Guardian","floor":18,"turns":6},{"damage":21,"enemies":"Book of Stabbing","floor":23,"turns":4},{"damage":42,"enemies":"Chosen","floor":25,"turns":6},{"damage":30,"enemies":"Sentry and Sphere","floor":27,"turns":5}],"seed_played":"-6135754961717313052","potions_obtained":[{"floor":1,"key":"SkillPotion"},{"floor":8,"key":"Fruit Juice"},{"floor":12,"key":"Ancient Potion"},{"floor":14,"key":"SpeedPotion"},{"floor":18,"key":"GamblersBrew"}],"is_trial":false,"path_per_floor":["M","$","M","?","?","R","E","M","T","R","M","M","R","M","R","B",null,"M","?","$","?","?","E","R","M","T","M"],"character_chosen":"IRONCLAD","items_purchased":["Ghostly Armor","Rage","Clash"],"campfire_rested":1,"item_purchase_floors":[2,20,20],"current_hp_per_floor":[76,76,77,44,44,68,45,51,51,51,50,47,47,51,51,20,85,60,60,60,59,59,50,50,20,20,0,0],"gold":195,"neow_bonus":"REMOVE_CARD","is_daily":false,"chose_seed":false,"campfire_upgraded":3,"win_rate":0.0,"timestamp":1613040485,"path_taken":["M","?","M","?","?","R","E","M","T","R","M","M","R","M","R","BOSS","M","?","$","?","?","E","R","M","T","M"],"items_purchased_type":["Card","Card","Card"],"build_version":"2020-12-22","purchased_purges":1,"victory":false,"max_hp_per_floor":[80,80,80,80,80,80,80,80,80,80,80,80,80,80,80,85,85,85,85,85,59,59,59,59,59,59,59,59],"card_choices":[{"not_picked":["Feel No Pain","Perfected Strike"],"picked":"Blood for Blood","floor":1},{"not_picked":["Dropkick","Armaments"],"picked":"Wild Strike","floor":3},{"not_picked":["Blood for Blood","Wild Strike"],"picked":"Second Wind","floor":7},{"not_picked":["Headbutt","True Grit"],"picked":"Warcry","floor":8},{"not_picked":["Thunderclap","Inflame"],"picked":"Armaments","floor":11},{"not_picked":["Warcry","Headbutt"],"picked":"Clothesline","floor":12},{"not_picked":["Burning Pact","Clothesline"],"picked":"Perfected Strike","floor":14},{"not_picked":["Immolate","Exhume"],"picked":"Double Tap","floor":16},{"not_picked":["Clash","Perfected Strike"],"picked":"Dual Wield","floor":18},{"not_picked":["Uppercut","Entrench"],"picked":"Flame Barrier","floor":23},{"not_picked":["Entrench","Dropkick+1"],"picked":"Searing Blow+1","floor":25}],"player_experience":314218,"relics_obtained":[{"floor":7,"key":"Ancient Tea Set"},{"floor":23,"key":"Ginger"},{"floor":26,"key":"Boot"}],"event_choices":[{"damage_healed":0,"gold_gain":0,"player_choice":"Success","damage_taken":33,"relics_obtained":["War Paint"],"max_hp_gain":0,"max_hp_loss":0,"event_name":"Scrap Ooze","floor":4,"gold_loss":0},{"cards_removed":["Defend_R"],"damage_healed":0,"gold_gain":0,"player_choice":"Card Removal","damage_taken":0,"max_hp_gain":0,"max_hp_loss":0,"event_name":"The Cleric","floor":5,"gold_loss":50},{"damage_healed":0,"gold_gain":99,"player_choice":"Stole From Cult","damage_taken":0,"max_hp_gain":0,"max_hp_loss":0,"event_name":"Nest","floor":19,"gold_loss":0},{"damage_healed":0,"gold_gain":0,"player_choice":"Became a vampire","damage_taken":0,"max_hp_gain":0,"max_hp_loss":26,"event_name":"Vampires","floor":21,"gold_loss":0,"cards_obtained":["Bite","Bite","Bite","Bite","Bite"]},{"damage_healed":0,"gold_gain":0,"player_choice":"Opened","damage_taken":0,"relics_obtained":["Self Forming Clay"],"max_hp_gain":0,"max_hp_loss":0,"event_name":"The Mausoleum","floor":22,"gold_loss":0}],"is_beta":false,"boss_relics":[{"not_picked":["SacredBark","Coffee Dripper"],"picked":"Pandora\u0027s Box"}],"items_purged_floors":[20],"is_endless":false,"potions_floor_spawned":[1,8,12,14,18],"killed_by":"Sentry and Sphere","ascension_level":0}}