{"host":"yecadp3kwkksam5a","time":1613020754,"event":{"mods":["100% Spire Juice","BaseMod","Minty Spire (QoL Compilation)","StSLib","SuperFastMode","The Cursed","WarShipGirlsR/??á´Ò³R mod"],"gold_per_floor":[99,99,99,99,99,99,99,99,99,99,99,69,54,54,54,54,54,9,9,9,0,0,0,0,0],"floor_reached":24,"language":"KOR","playtime":863,"items_purged":[],"score":350,"play_id":"29c21b3a-c075-41fe-b286-13eba7580b76","local_time":"20210211141914","is_ascension_mode":true,"campfire_choices":[{"floor":7.0,"key":"REST"},{"floor":15.0,"key":"REST"},{"data":"TheCursedMod:CircleOfBlood","floor":23.0,"key":"SMITH"}],"circlet_count":0,"master_deck":["TheCursedMod:Strike_TheCursed","TheCursedMod:Strike_TheCursed","TheCursedMod:Strike_TheCursed","TheCursedMod:Strike_TheCursed","TheCursedMod:Defend_TheCursed","TheCursedMod:Defend_TheCursed","TheCursedMod:Defend_TheCursed","TheCursedMod:Defend_TheCursed","TheCursedMod:CursedWand","TheCursedMod:CleanUpWorkshop","TheCursedMod:Dregs","TheCursedMod:SaltUponWound","TheCursedMod:Stigma","TheCursedMod:FuryStrike","TheCursedMod:FleshFromBone","TheCursedMod:VitalStrike","TheCursedMod:Torture","TheCursedMod:SaltUponWound","TheCursedMod:StunningStrike","TheCursedMod:TacticalStrike+1","TheCursedMod:SurpriseAttack","TheCursedMod:ManaCirculation","TheCursedMod:CircleOfBlood+1","TheCursedMod:AshesToAshes","TheCursedMod:CursedAmulet"],"relics":["Ectoplasm","Dream Catcher","Akabeko","Darkstone Periapt","Unceasing Top","Coffee Dripper"],"acts_visited":["Exordium","TheCity"],"potions_floor_usage":[],"damage_taken":[{"damage":3.0,"enemies":"Jaw Worm","floor":1.0,"turns":4.0},{"damage":6.0,"enemies":"Cultist","floor":2.0,"turns":4.0},{"damage":0.0,"enemies":"2 Louse","floor":3.0,"turns":3.0},{"damage":3.0,"enemies":"Blue Slaver","floor":5.0,"turns":3.0},{"damage":21.0,"enemies":"Lagavulin","floor":6.0,"turns":4.0},{"damage":18.0,"enemies":"Gremlin Nob","floor":8.0,"turns":3.0},{"damage":0.0,"enemies":"2 Fungi Beasts","floor":10.0,"turns":2.0},{"damage":25.0,"enemies":"3 Sentries","floor":11.0,"turns":9.0},{"damage":7.0,"enemies":"Exordium Thugs","floor":12.0,"turns":4.0},{"damage":6.0,"enemies":"Looter","floor":13.0,"turns":2.0},{"damage":24.0,"enemies":"The Guardian","floor":16.0,"turns":8.0},{"damage":20.0,"enemies":"2 Thieves","floor":18.0,"turns":4.0},{"damage":16.0,"enemies":"Chosen","floor":19.0,"turns":4.0},{"damage":57,"enemies":"Sentry and Sphere","floor":24,"turns":6}],"seed_played":"-4932495571396492059","potions_obtained":[{"floor":5.0,"key":"FearPotion"},{"floor":6.0,"key":"SmokeBomb"},{"floor":10.0,"key":"LiquidBronze"},{"floor":12.0,"key":"DuplicationPotion"},{"floor":16.0,"key":"EntropicBrew"},{"floor":19.0,"key":"Dexterity Potion"}],"is_trial":false,"path_per_floor":["M","M","M","?","M","E","R","E","T","M","E","M","M","?","R","B",null,"M","M","?","?","$","R","M"],"character_chosen":"THE_CURSED","items_purchased":[],"campfire_rested":2,"item_purchase_floors":[],"current_hp_per_floor":[72,66,66,66,63,42,64,46,46,46,21,14,8,8,30,6,75,55,47,47,47,47,47,0,0],"gold":0,"neow_bonus":"BOSS_RELIC","is_daily":false,"chose_seed":false,"campfire_upgraded":1,"win_rate":0.0,"timestamp":1613020754,"path_taken":["M","M","M","?","M","E","R","E","T","?","E","M","M","?","R","BOSS","M","M","?","?","?","R","M"],"items_purchased_type":[],"build_version":"2020-12-22","purchased_purges":0,"victory":false,"max_hp_per_floor":[75,75,75,75,75,75,75,75,75,75,75,75,75,75,75,75,75,75,75,75,75,75,75,75,75],"card_choices":[{"not_picked":["TheCursedMod:VitalStrike","TheCursedMod:Obscuration"],"picked":"TheCursedMod:SaltUponWound","floor":1.0},{"not_picked":["TheCursedMod:TroublousMinions","TheCursedMod:TacticalStrike"],"picked":"TheCursedMod:Stigma","floor":2.0},{"not_picked":["TheCursedMod:Wield","TheCursedMod:StingEye"],"picked":"TheCursedMod:FuryStrike","floor":3.0},{"not_picked":["TheCursedMod:CursedArmor","TheCursedMod:Wield","TheCursedMod:StingEye"],"picked":"SKIP","floor":5.0},{"not_picked":["TheCursedMod:WearCloak","TheCursedMod:Evocation"],"picked":"TheCursedMod:FleshFromBone","floor":6.0},{"not_picked":["TheCursedMod:CircleOfCorruption","TheCursedMod:ReleasedStrength"],"picked":"TheCursedMod:VitalStrike","floor":7.0},{"not_picked":["TheCursedMod:RapidMovement","TheCursedMod:EmpowerCircles"],"picked":"TheCursedMod:Torture","floor":8.0},{"not_picked":["TheCursedMod:CursedShiv","TheCursedMod:CircleOfFocus"],"picked":"TheCursedMod:SaltUponWound","floor":10.0},{"not_picked":["TheCursedMod:SoulReap","TheCursedMod:CursedMace","TheCursedMod:CursedBoomerang"],"picked":"SKIP","floor":11.0},{"not_picked":["TheCursedMod:SoulCrush","TheCursedMod:Obscuration"],"picked":"TheCursedMod:StunningStrike","floor":12.0},{"not_picked":["TheCursedMod:Wield","TheCursedMod:SpitefulStrike"],"picked":"TheCursedMod:TacticalStrike","floor":13.0},{"not_picked":["TheCursedMod:RavingStaff","TheCursedMod:WearCloak"],"picked":"TheCursedMod:SurpriseAttack","floor":15.0},{"not_picked":["TheCursedMod:DemonicPact","TheCursedMod:UltimatePain"],"picked":"TheCursedMod:ManaCirculation","floor":16.0},{"not_picked":["TheCursedMod:Stigma","TheCursedMod:WearCloak"],"picked":"TheCursedMod:CircleOfBlood","floor":18.0},{"not_picked":["TheCursedMod:EmpowerCircles","TheCursedMod:Wield"],"picked":"TheCursedMod:AshesToAshes","floor":19.0}],"player_experience":606690,"relics_obtained":[{"floor":6.0,"key":"Dream Catcher"},{"floor":8.0,"key":"Akabeko"},{"floor":9.0,"key":"Darkstone Periapt"},{"floor":11.0,"key":"Unceasing Top"}],"event_choices":[{"damage_healed":0.0,"max_hp_gain":0.0,"max_hp_loss":0.0,"gold_gain":0.0,"event_name":"The Woman in Blue","player_choice":"Bought 0 Potions","floor":4.0,"gold_loss":0.0,"damage_taken":0.0},{"damage_healed":0.0,"max_hp_gain":0.0,"max_hp_loss":0.0,"gold_gain":0.0,"event_name":"Living Wall","player_choice":"Grow","floor":14.0,"gold_loss":0.0,"damage_taken":0.0,"cards_upgraded":["TheCursedMod:TacticalStrike"]},{"damage_healed":0.0,"max_hp_gain":0.0,"max_hp_loss":0.0,"gold_gain":0.0,"event_name":"The Library","player_choice":"Read","floor":20.0,"gold_loss":0.0,"damage_taken":0.0,"cards_obtained":["TheCursedMod:CursedAmulet"]},{"damage_healed":0.0,"max_hp_gain":0.0,"max_hp_loss":0.0,"gold_gain":0.0,"event_name":"Masked Bandits","player_choice":"Paid Fearfully","floor":21.0,"gold_loss":9.0,"damage_taken":0.0}],"is_beta":false,"boss_relics":[{"not_picked":["Calling Bell","Busted Crown"],"picked":"Coffee Dripper"}],"items_purged_floors":[],"is_endless":false,"potions_floor_spawned":[5,6,10,12,13,16,19],"killed_by":"Sentry and Sphere","ascension_level":2}}