{"host":"91blwi3hgehj6ch9","time":1613052099,"event":{"mods":["2.2 Compatiblity","AchievementEnabler","BaseMod","Colored Map","DeckTracker","Keyboard Shortcuts","Minty Spire (QoL Compilation)","Permanent Neow","Quick Restart","StSLib","SuperFastMode","everything is the same but u backflip on backflip"],"gold_per_floor":[15,15,29,43,8,43,118,118,118,118,152,152,0,0,0,0,0],"floor_reached":16,"language":"KOR","playtime":426,"items_purged":["Strike_R"],"score":133,"play_id":"7e9c5718-b947-4de8-bf10-08249f56692b","local_time":"20210211230139","is_ascension_mode":true,"campfire_choices":[{"data":"Pommel Strike","floor":8,"key":"SMITH"},{"floor":10,"key":"REST"},{"floor":15,"key":"REST"}],"circlet_count":0,"master_deck":["Strike_R","Defend_R","Defend_R","Defend_R","Defend_R","Bash","Burning Pact","Sword Boomerang","Pummel","Pommel Strike+1","Hemokinesis","Second Wind","Cleave"],"relics":["Burning Blood","Golden Idol","Letter Opener","Frozen Egg 2","White Beast Statue","Ornamental Fan"],"acts_visited":["Exordium"],"potions_floor_usage":[6,16],"damage_taken":[{"damage":0,"enemies":"Small Slimes","floor":1,"turns":3},{"damage":11,"enemies":"2 Louse","floor":3,"turns":3},{"damage":1,"enemies":"Cultist","floor":4,"turns":4},{"damage":53,"enemies":"Lagavulin","floor":6,"turns":7},{"damage":35,"enemies":"3 Sentries","floor":11,"turns":10},{"damage":37,"enemies":"Hexaghost","floor":16,"turns":9}],"seed_played":"2049365289428415847","potions_obtained":[{"floor":1,"key":"AttackPotion"},{"floor":11,"key":"LiquidBronze"}],"is_trial":false,"path_per_floor":["M","?","M","M","?","E","?","R","T","R","E","?","$","?","R","B"],"character_chosen":"IRONCLAD","items_purchased":["Second Wind"],"campfire_rested":2,"item_purchase_floors":[13],"current_hp_per_floor":[80,60,55,60,80,33,22,22,22,46,17,10,10,10,34,0,0],"gold":0,"neow_bonus":"REMOVE_TWO","is_daily":false,"chose_seed":false,"campfire_upgraded":1,"win_rate":0.0,"timestamp":1613052099,"path_taken":["M","?","M","M","?","E","?","R","T","R","E","?","$","?","R","BOSS"],"items_purchased_type":["Card"],"build_version":"2020-12-22","purchased_purges":1,"victory":false,"max_hp_per_floor":[80,80,80,80,80,80,80,80,80,80,80,80,80,80,80,80,80],"card_choices":[{"not_picked":["Shockwave","Perfected Strike"],"picked":"Burning Pact","floor":1},{"not_picked":["Wild Strike","Perfected Strike"],"picked":"Sword Boomerang","floor":3},{"not_picked":["Havoc","Shockwave"],"picked":"Pummel","floor":4},{"not_picked":["Sentinel","Wild Strike"],"picked":"Pommel Strike","floor":6},{"not_picked":["Fiend Fire","Burning Pact"],"picked":"Hemokinesis","floor":11}],"player_experience":204276,"relics_obtained":[{"floor":6,"key":"Letter Opener"},{"floor":9,"key":"Frozen Egg 2"},{"floor":11,"key":"White Beast Statue"}],"event_choices":[{"damage_healed":0,"gold_gain":0,"player_choice":"Take Damage","damage_taken":20,"relics_obtained":["Golden Idol"],"max_hp_gain":0,"max_hp_loss":0,"event_name":"Golden Idol","floor":2,"gold_loss":0},{"damage_healed":20,"gold_gain":0,"player_choice":"Healed","damage_taken":0,"max_hp_gain":0,"max_hp_loss":0,"event_name":"The Cleric","floor":5,"gold_loss":35},{"damage_healed":0,"gold_gain":75,"player_choice":"Gather Gold","damage_taken":11,"max_hp_gain":0,"max_hp_loss":0,"event_name":"World of Goop","floor":7,"gold_loss":0},{"damage_healed":0,"gold_gain":0,"player_choice":"Success","damage_taken":7,"relics_obtained":["Ornamental Fan"],"max_hp_gain":0,"max_hp_loss":0,"event_name":"Scrap Ooze","floor":12,"gold_loss":0},{"damage_healed":0,"gold_gain":0,"cards_transformed":["Strike_R"],"player_choice":"Transformed","damage_taken":0,"max_hp_gain":0,"max_hp_loss":0,"event_name":"Transmorgrifier","floor":14,"gold_loss":0,"cards_obtained":["Cleave"]}],"is_beta":false,"boss_relics":[],"items_purged_floors":[13],"is_endless":false,"potions_floor_spawned":[1,11],"killed_by":"Hexaghost","ascension_level":5}}