{"host":"08yfhu6uhosdn245","time":1613026429,"event":{"mods":["2.2 Compatiblity","BaseMod","Bestiary","Colored Map","Colored Powertips","Curses Come First","Highlight Path","Minty Spire (QoL Compilation)","Quick Restart","Relic Stats","StSLib"],"gold_per_floor":[111,131,147,422,195,222,222,259,310,310,310,66,100,119,119,229,229,242,242,265,274,199,234,234,270,270,302,315,334,344,383,383,496,496,522,522,522,542,563,605,605,466,466,493,504,536,594,40,40,40],"floor_reached":51,"language":"ENG","playtime":2003,"items_purged":["Regret","Strike_P"],"score":1243,"play_id":"5762ad2f-7d7a-4010-9dca-9bec27b85a3f","local_time":"20210211015349","is_ascension_mode":true,"campfire_choices":[{"data":"Ragnarok","floor":7.0,"key":"SMITH"},{"data":"Blasphemy","floor":10.0,"key":"SMITH"},{"data":"WheelKick","floor":15.0,"key":"SMITH"},{"data":"Consecrate","floor":24.0,"key":"SMITH"},{"floor":32.0,"key":"REST"},{"floor":41.0,"key":"REST"},{"floor":49,"key":"RECALL"}],"circlet_count":0,"master_deck":["Strike_P","Strike_P","Defend_P","Defend_P","Defend_P","Defend_P","Eruption","Vigilance","Consecrate","WheelKick+1","Consecrate+1","Ragnarok+1","Blasphemy+1","Conclude","EmptyFist","DeusExMachina","ReachHeaven+1","Ragnarok+1","Dark Shackles","JustLucky+1","TalkToTheHand+1","ThirdEye","DevaForm","Devotion","Swivel+1","Evaluate","JustLucky+1","SashWhip+1","Consecrate+1","Brilliance+1","Wallop+1","Flash of Steel+1"],"relics":["PureWater","Singing Bowl","CeramicFish","Juzu Bracelet","HornCleat","Torii","Sozu","Vajra","Molten Egg 2","Strawberry","Pear","Nunchaku","Fusion Hammer","Kunai","Shuriken","Oddly Smooth Stone","Turnip","Lee\u0027s Waffle","Mummified Hand"],"acts_visited":["Exordium","TheCity","TheBeyond"],"potions_floor_usage":[50],"damage_taken":[{"damage":0.0,"enemies":"2 Louse","floor":1.0,"turns":2.0},{"damage":2.0,"enemies":"Cultist","floor":2.0,"turns":4.0},{"damage":0.0,"enemies":"Small Slimes","floor":3.0,"turns":2.0},{"damage":27.0,"enemies":"3 Sentries","floor":6.0,"turns":7.0},{"damage":0.0,"enemies":"Gremlin Nob","floor":8.0,"turns":1.0},{"damage":15.0,"enemies":"Lagavulin","floor":13.0,"turns":5.0},{"damage":0.0,"enemies":"2 Fungi Beasts","floor":14.0,"turns":1.0},{"damage":16.0,"enemies":"The Guardian","floor":16.0,"turns":4.0},{"damage":7.0,"enemies":"2 Thieves","floor":18.0,"turns":3.0},{"damage":0.0,"enemies":"Shell Parasite","floor":20.0,"turns":3.0},{"damage":15.0,"enemies":"Slavers","floor":23.0,"turns":2.0},{"damage":0.0,"enemies":"Book of Stabbing","floor":25.0,"turns":2.0},{"damage":36.0,"enemies":"Slavers","floor":27.0,"turns":4.0},{"damage":0.0,"enemies":"Snake Plant","floor":28.0,"turns":2.0},{"damage":0.0,"enemies":"Cultist and Chosen","floor":29.0,"turns":3.0},{"damage":0.0,"enemies":"Snecko","floor":30.0,"turns":2.0},{"damage":0.0,"enemies":"Gremlin Leader","floor":31.0,"turns":3.0},{"damage":29.0,"enemies":"Collector","floor":33.0,"turns":6.0},{"damage":1.0,"enemies":"3 Shapes","floor":35.0,"turns":2.0},{"damage":0.0,"enemies":"Orb Walker","floor":38.0,"turns":1.0},{"damage":24.0,"enemies":"3 Darklings","floor":39.0,"turns":4.0},{"damage":1.0,"enemies":"Reptomancer","floor":40.0,"turns":2.0},{"damage":17.0,"enemies":"Writhing Mass","floor":44.0,"turns":3.0},{"damage":14.0,"enemies":"Sphere and 2 Shapes","floor":45.0,"turns":3.0},{"damage":15,"enemies":"Nemesis","floor":46,"turns":5},{"damage":17,"enemies":"2 Orb Walkers","floor":47,"turns":4},{"damage":86,"enemies":"Awakened One","floor":50,"turns":6}],"seed_played":"-8469870988947868565","potions_obtained":[{"floor":0.0,"key":"Ambrosia"},{"floor":0.0,"key":"EntropicBrew"},{"floor":0.0,"key":"Fruit Juice"},{"floor":1.0,"key":"Block Potion"},{"floor":16.0,"key":"FearPotion"}],"is_trial":false,"path_per_floor":["M","M","M","?","$","E","R","E","T","R","?","$","E","M","R","B",null,"M","?","M","?","$","E","R","E","T","E","M","M","M","E","R","B",null,"M","?","?","M","M","E","R","$","T","M","M","E","?","$","R","B",null],"character_chosen":"WATCHER","items_purchased":["Ragnarok","HornCleat","Dark Shackles","SashWhip+1","Lee\u0027s Waffle","Mummified Hand","Wallop+1","Flash of Steel+1"],"campfire_rested":2,"item_purchase_floors":[5,12,22,42,48,48,48,48],"current_hp_per_floor":[70,68,68,68,68,43,43,43,43,43,43,43,28,28,28,12,62,57,49,49,49,49,34,34,34,41,17,19,19,21,21,52,23,84,83,82,82,84,60,59,92,92,92,75,63,50,33,121,121,35],"gold":40,"neow_bonus":"THREE_SMALL_POTIONS","is_daily":false,"chose_seed":false,"campfire_upgraded":4,"win_rate":0.0,"timestamp":1613026429,"path_taken":["M","M","M","?","$","E","R","E","T","R","?","$","E","M","R","BOSS","M","?","M","?","$","E","R","E","T","E","M","M","M","E","R","BOSS","M","?","?","M","M","E","R","$","T","M","M","E","?","$","R","BOSS"],"items_purchased_type":["Card","Relic","Card","Card","Relic","Relic","Card","Card"],"build_version":"2020-12-22","purchased_purges":2,"victory":true,"max_hp_per_floor":[77,77,77,77,77,79,79,79,79,79,79,79,79,79,79,79,79,81,81,81,81,81,81,81,81,88,100,102,102,104,104,104,104,104,104,108,108,110,110,110,110,110,110,110,112,114,114,121,121,121],"relic_stats":{"Lee\u0027s Waffle":88,"Singing Bowl":20,"Torii":11,"counters":[27,86],"CeramicFish":180,"Juzu Bracelet":2,"Sozu":7,"Nunchaku":[8],"Shuriken":[10],"Mummified Hand":[3],"Turnip":[0],"Kunai":[10],"obtain_stats":[{"Lee\u0027s Waffle":48,"Pear":27,"Singing Bowl":6,"Torii":13,"CeramicFish":8,"Vajra":23,"Oddly Smooth Stone":46,"Juzu Bracelet":9,"Sozu":17,"Nunchaku":31,"HornCleat":12,"Shuriken":43,"Mummified Hand":48,"Strawberry":26,"Molten Egg 2":25,"Fusion Hammer":34,"Turnip":47,"Kunai":40,"PureWater":0},{"Lee\u0027s Waffle":26,"Pear":13,"Singing Bowl":4,"Torii":6,"CeramicFish":5,"Vajra":11,"Oddly Smooth Stone":25,"Juzu Bracelet":5,"Sozu":8,"Nunchaku":17,"HornCleat":5,"Shuriken":22,"Mummified Hand":26,"Strawberry":12,"Molten Egg 2":12,"Fusion Hammer":18,"Turnip":26,"Kunai":22,"PureWater":0},{"Lee\u0027s Waffle":80,"Pear":40,"Singing Bowl":15,"Torii":21,"CeramicFish":16,"Vajra":34,"Oddly Smooth Stone":76,"Juzu Bracelet":16,"Sozu":26,"Nunchaku":50,"HornCleat":16,"Shuriken":65,"Mummified Hand":80,"Strawberry":36,"Molten Egg 2":36,"Fusion Hammer":56,"Turnip":80,"Kunai":65,"PureWater":0}]},"card_choices":[{"not_picked":["FlurryOfBlows","JustLucky"],"picked":"Consecrate","floor":1.0},{"not_picked":["DeceiveReality","EmptyBody"],"picked":"WheelKick","floor":2.0},{"not_picked":["Halt","ThirdEye"],"picked":"Consecrate","floor":3.0},{"not_picked":["Swivel","Wireheading","LikeWater"],"picked":"Singing Bowl","floor":6.0},{"not_picked":["Prostrate","Crescendo"],"picked":"Blasphemy","floor":8.0},{"not_picked":["Sanctity","WaveOfTheHand"],"picked":"Conclude","floor":13.0},{"not_picked":["TalkToTheHand","PathToVictory"],"picked":"EmptyFist","floor":14.0},{"not_picked":["LessonLearned","ConjureBlade"],"picked":"DeusExMachina","floor":16.0},{"not_picked":["PathToVictory+1","EmptyFist","ThirdEye"],"picked":"Singing Bowl","floor":18.0},{"not_picked":["CrushJoints","BowlingBash+1"],"picked":"ReachHeaven+1","floor":20.0},{"not_picked":["Study","ThirdEye"],"picked":"JustLucky+1","floor":23.0},{"not_picked":["Wallop+1","CarveReality+1"],"picked":"TalkToTheHand+1","floor":25.0},{"not_picked":["CrushJoints+1","BowlingBash+1","Blasphemy"],"picked":"Singing Bowl","floor":27.0},{"not_picked":["EmptyFist+1","PathToVictory","Tantrum+1"],"picked":"Singing Bowl","floor":28.0},{"not_picked":["ReachHeaven+1","JustLucky+1"],"picked":"ThirdEye","floor":29.0},{"not_picked":["FlurryOfBlows+1","FollowUp+1","WaveOfTheHand+1"],"picked":"Singing Bowl","floor":30.0},{"not_picked":["Sanctity+1","Swivel"],"picked":"DevaForm","floor":31.0},{"not_picked":["Ragnarok+1","Alpha"],"picked":"Devotion","floor":33.0},{"not_picked":["LikeWater+1","Prostrate"],"picked":"Swivel+1","floor":35.0},{"not_picked":["Swift Strike+1","Forethought","Deep Breath"],"picked":"Singing Bowl","floor":36.0},{"not_picked":["Good Instincts","Thinking Ahead","Trip"],"picked":"Singing Bowl","floor":36.0},{"not_picked":["FlurryOfBlows+1","BowlingBash+1","Weave+1"],"picked":"Singing Bowl","floor":38.0},{"not_picked":["Wireheading","Nirvana"],"picked":"Evaluate","floor":39.0},{"not_picked":["Adaptation+1","ConjureBlade"],"picked":"JustLucky+1","floor":40.0},{"not_picked":["FlyingSleeves+1","Worship"],"picked":"Consecrate+1","floor":44.0},{"not_picked":["CrushJoints+1","FlurryOfBlows+1","Weave+1"],"picked":"Singing Bowl","floor":45.0},{"not_picked":["FlurryOfBlows+1","BowlingBash+1","Swivel"],"picked":"Singing Bowl","floor":46},{"not_picked":["BowlingBash+1","Sanctity"],"picked":"Brilliance+1","floor":47}],"player_experience":383538,"relics_obtained":[{"floor":6.0,"key":"Singing Bowl"},{"floor":8.0,"key":"CeramicFish"},{"floor":9.0,"key":"Juzu Bracelet"},{"floor":13.0,"key":"Torii"},{"floor":23.0,"key":"Vajra"},{"floor":25.0,"key":"Molten Egg 2"},{"floor":26.0,"key":"Strawberry"},{"floor":27.0,"key":"Pear"},{"floor":31.0,"key":"Nunchaku"},{"floor":40.0,"key":"Kunai"},{"floor":43.0,"key":"Shuriken"},{"floor":46,"key":"Oddly Smooth Stone"},{"floor":47,"key":"Turnip"}],"event_choices":[{"damage_healed":0.0,"max_hp_gain":0.0,"max_hp_loss":0.0,"gold_gain":275.0,"event_name":"Golden Shrine","player_choice":"Desecrate","floor":4.0,"gold_loss":0.0,"damage_taken":0.0,"cards_obtained":["Regret"]},{"cards_removed":["Strike_P"],"damage_healed":0.0,"max_hp_gain":0.0,"max_hp_loss":0.0,"gold_gain":0.0,"event_name":"Purifier","player_choice":"Purged","floor":11.0,"gold_loss":0.0,"damage_taken":0.0},{"damage_healed":0.0,"max_hp_gain":0.0,"max_hp_loss":0.0,"gold_gain":0.0,"event_name":"Wheel of Change","player_choice":"Damaged","floor":19.0,"gold_loss":0.0,"damage_taken":8.0},{"damage_healed":0.0,"max_hp_gain":0.0,"max_hp_loss":0.0,"gold_gain":0.0,"event_name":"Duplicator","player_choice":"Copied","floor":21.0,"gold_loss":0.0,"damage_taken":0.0,"cards_obtained":["Ragnarok"]},{"damage_healed":0.0,"max_hp_gain":0.0,"max_hp_loss":0.0,"gold_gain":0.0,"event_name":"SensoryStone","player_choice":"Memory 2","floor":36.0,"gold_loss":0.0,"damage_taken":5.0},{"damage_healed":0.0,"max_hp_gain":0.0,"max_hp_loss":0.0,"gold_gain":0.0,"event_name":"Tomb of Lord Red Mask","player_choice":"Ignored","floor":37.0,"gold_loss":0.0,"damage_taken":0.0},{"damage_healed":0,"gold_gain":0,"player_choice":"Fight","damage_taken":0,"max_hp_gain":0,"max_hp_loss":0,"event_name":"Mysterious Sphere","floor":47,"gold_loss":0}],"is_beta":false,"boss_relics":[{"not_picked":["VioletLotus","Calling Bell"],"picked":"Sozu"},{"not_picked":["Coffee Dripper","Empty Cage"],"picked":"Fusion Hammer"}],"items_purged_floors":[5,42],"is_endless":false,"potions_floor_spawned":[1,3,6,16,23,28,29,31,44,46,47],"ascension_level":7}}