{"host":"91blwi3hgehj6ch9","time":1613058226,"event":{"mods":["2.2 Compatiblity","AchievementEnabler","BaseMod","Colored Map","DeckTracker","Keyboard Shortcuts","Minty Spire (QoL Compilation)","Permanent Neow","Quick Restart","StSLib","SuperFastMode","everything is the same but u backflip on backflip"],"gold_per_floor":[113,38,48,68,83,83,103,103,173,203,203,21,21,50,50,148,148,158,158,1,14,14,44,44,77,77,96,96,96],"floor_reached":28,"language":"KOR","playtime":779,"items_purged":["Strike_R","Strike_R"],"score":346,"play_id":"7ba65ea4-114b-4dde-a666-5a3dfee83f77","local_time":"20210212004346","is_ascension_mode":true,"campfire_choices":[{"data":"Entrench","floor":6.0,"key":"SMITH"},{"data":"Pummel","floor":8.0,"key":"SMITH"},{"data":"Pommel Strike","floor":11.0,"key":"SMITH"},{"data":"Inflame","floor":13.0,"key":"SMITH"},{"data":"Body Slam","floor":15.0,"key":"SMITH"}],"circlet_count":0,"master_deck":["Strike_R","Defend_R","Defend_R","Defend_R","Defend_R","Bash","Blind","Spot Weakness","Sword Boomerang","Pummel+1","Entrench+1","Pommel Strike+1","Inflame+1","Shrug It Off","Body Slam+1","Limit Break","Power Through","Heavy Blade","Decay","Inflame+1","Power Through"],"relics":["Burning Blood","Paper Frog","Incense Burner","Toy Ornithopter","Empty Cage","Medical Kit","Tiny Chest","Potion Belt","Peace Pipe"],"acts_visited":["Exordium","TheCity"],"potions_floor_usage":[28],"damage_taken":[{"damage":3.0,"enemies":"Cultist","floor":1.0,"turns":4.0},{"damage":3.0,"enemies":"Jaw Worm","floor":3.0,"turns":4.0},{"damage":12.0,"enemies":"Small Slimes","floor":4.0,"turns":3.0},{"damage":13.0,"enemies":"Exordium Thugs","floor":5.0,"turns":4.0},{"damage":4.0,"enemies":"Blue Slaver","floor":7.0,"turns":4.0},{"damage":26.0,"enemies":"Gremlin Nob","floor":10.0,"turns":4.0},{"damage":20.0,"enemies":"Lagavulin","floor":14.0,"turns":6.0},{"damage":21.0,"enemies":"Hexaghost","floor":16.0,"turns":6.0},{"damage":27.0,"enemies":"2 Thieves","floor":18.0,"turns":5.0},{"damage":2.0,"enemies":"Shell Parasite","floor":21.0,"turns":3.0},{"damage":19.0,"enemies":"Book of Stabbing","floor":23.0,"turns":5.0},{"damage":14.0,"enemies":"Gremlin Leader","floor":25.0,"turns":6.0},{"damage":12,"enemies":"Centurion and Healer","floor":27,"turns":3},{"damage":50,"enemies":"Slavers","floor":28,"turns":3}],"seed_played":"6751674692769126779","potions_obtained":[{"floor":4.0,"key":"Strength Potion"},{"floor":14.0,"key":"Ancient Potion"},{"floor":18.0,"key":"AttackPotion"},{"floor":23.0,"key":"SkillPotion"}],"is_trial":false,"path_per_floor":["M","$","M","M","M","R","M","R","T","E","R","$","R","E","R","B",null,"M","?","$","M","?","E","?","E","T","M","E"],"character_chosen":"IRONCLAD","items_purchased":["Inflame","Shrug It Off","Medical Kit"],"campfire_rested":0,"item_purchase_floors":[12,12,20],"current_hp_per_floor":[75,75,78,72,65,65,67,67,67,47,47,47,47,33,33,23,66,45,45,45,49,49,36,36,38,38,32,0,0],"gold":96,"neow_bonus":"RANDOM_COLORLESS","is_daily":false,"chose_seed":false,"campfire_upgraded":5,"win_rate":0.0,"timestamp":1613058226,"path_taken":["M","$","M","M","?","R","M","R","T","E","R","$","R","E","R","BOSS","M","?","$","M","?","E","?","E","T","?","E"],"items_purchased_type":["Card","Card","Relic"],"build_version":"2020-12-22","purchased_purges":2,"victory":false,"max_hp_per_floor":[80,80,80,80,80,80,80,80,80,80,80,80,80,80,80,80,80,80,80,80,80,80,80,80,80,80,80,80,80],"card_choices":[{"not_picked":["Purity","Discovery"],"picked":"Blind","floor":0.0},{"not_picked":["Perfected Strike","Body Slam"],"picked":"Spot Weakness","floor":1.0},{"not_picked":["Uppercut","Perfected Strike"],"picked":"Sword Boomerang","floor":3.0},{"not_picked":["Bloodletting","Wild Strike"],"picked":"Pummel","floor":4.0},{"not_picked":["Rage","Carnage"],"picked":"Entrench","floor":5.0},{"not_picked":["Anger","Searing Blow","Feed"],"picked":"SKIP","floor":7.0},{"not_picked":["Armaments","Iron Wave"],"picked":"Pommel Strike","floor":10.0},{"not_picked":["Infernal Blade","Pommel Strike"],"picked":"Body Slam","floor":14.0},{"not_picked":["Fiend Fire","Demon Form"],"picked":"Limit Break","floor":16.0},{"not_picked":["Burning Pact","Armaments"],"picked":"Power Through","floor":18.0},{"not_picked":["Body Slam","Iron Wave+1"],"picked":"Heavy Blade","floor":21.0},{"not_picked":["Dropkick+1","Shockwave","Fire Breathing"],"picked":"SKIP","floor":23.0},{"not_picked":["Clash+1","Thunderclap"],"picked":"Inflame+1","floor":25.0},{"not_picked":["Dual Wield","Sentinel"],"picked":"Power Through","floor":27}],"player_experience":209327,"relics_obtained":[{"floor":9.0,"key":"Paper Frog"},{"floor":10.0,"key":"Incense Burner"},{"floor":14.0,"key":"Toy Ornithopter"},{"floor":23.0,"key":"Tiny Chest"},{"floor":25.0,"key":"Potion Belt"},{"floor":26.0,"key":"Peace Pipe"}],"event_choices":[{"damage_healed":0.0,"max_hp_gain":0.0,"max_hp_loss":0.0,"gold_gain":0.0,"event_name":"Ghosts","player_choice":"Ignored","floor":19.0,"gold_loss":0.0,"damage_taken":0.0},{"damage_healed":0.0,"max_hp_gain":0.0,"max_hp_loss":0.0,"gold_gain":0.0,"event_name":"The Mausoleum","player_choice":"Ignored","floor":22.0,"gold_loss":0.0,"damage_taken":0.0},{"damage_healed":0.0,"max_hp_gain":0.0,"max_hp_loss":0.0,"gold_gain":0.0,"event_name":"Wheel of Change","player_choice":"Cursed","floor":24.0,"gold_loss":0.0,"damage_taken":0.0,"cards_obtained":["Decay"]}],"is_beta":false,"boss_relics":[{"not_picked":["Busted Crown","Coffee Dripper"],"picked":"Empty Cage"}],"items_purged_floors":[2,12],"is_endless":false,"potions_floor_spawned":[4,14,18,23],"killed_by":"Slavers","ascension_level":6}}