{"host":"sc0o2qwpf9j16a4i","time":1613073434,"event":{"mods":["AchievementEnabler","BaseMod","BetterRewards","Block Reminder","Colored Map","Colored Powertips","Custom Start","Highlight Path","Minty Spire (QoL Compilation)","Relic Stats"],"gold_per_floor":[115,115,127,127,0,35,52,66,90,121,121,138,157,8,8,110,110,122,135,135,147,3,3,19,46,46,12,29,57,57,69,69,165,165,183,183,2,15,64,1063,1063,1075,1075,1103,1103,1154,1173,278,278,278],"floor_reached":51,"language":"ENG","playtime":1678,"items_purged":["Normality"],"score":957,"play_id":"9fdaa097-1b92-4b93-8650-4c039d726742","local_time":"20210211215714","daily_mods":["Allstar","Time Dilation","Night Terrors"],"is_ascension_mode":false,"campfire_choices":[{"data":"Mind Blast","floor":15,"key":"SMITH"},{"floor":32,"key":"REST"},{"floor":45,"key":"REST"},{"floor":49,"key":"REST"}],"circlet_count":0,"master_deck":["Dualcast","Apotheosis+1","Purity","Thinking Ahead","Mind Blast+1","Defragment","Undo","Enlightenment","Ball Lightning","Darkness","Defragment","Capacitor","Conserve Battery","Go for the Eyes","Cold Snap","Echo Form","Loop","Leap","Sweeping Beam","Rainbow","Multi-Cast","Doom and Gloom","Reinforced Body","Doom and Gloom","Coolheaded+1","Capacitor","Coolheaded","Creative AI","Echo Form","Steam+1","Loop","Conserve Battery","Capacitor+1","Decay","Compile Driver+1","White Noise+1","Buffer","Beam Cell+1","Creative AI","Cold Snap","Ball Lightning","Compile Driver","Normality","Good Instincts","Enlightenment","HandOfGreed","Undo+1","Stack","Sweeping Beam+1","Leap+1","Steam+1","Fission","Doom and Gloom","Darkness","Good Instincts","Stack+1"],"relics":["Cracked Core","Dream Catcher","Ancient Tea Set","Boot","CultistMask","Bag of Marbles","Pandora\u0027s Box","HornCleat","Shuriken","Ornamental Fan","Fusion Hammer","DataDisk","Incense Burner","Regal Pillow","Darkstone Periapt","Gremlin Horn","OrangePellets","Lizard Tail"],"acts_visited":["Exordium","TheCity","TheBeyond"],"potions_floor_usage":[16,29,29,31,50,50,50],"damage_taken":[{"damage":0,"enemies":"Small Slimes","floor":1,"turns":2},{"damage":0,"enemies":"Cultist","floor":3,"turns":3},{"damage":20,"enemies":"Lagavulin","floor":6,"turns":7},{"damage":6,"enemies":"Jaw Worm","floor":7,"turns":4},{"damage":17,"enemies":"Exordium Wildlife","floor":8,"turns":4},{"damage":14,"enemies":"Gremlin Nob","floor":10,"turns":4},{"damage":0,"enemies":"Blue Slaver","floor":12,"turns":3},{"damage":0,"enemies":"Looter","floor":13,"turns":2},{"damage":0,"enemies":"Hexaghost","floor":16,"turns":6},{"damage":12,"enemies":"Shell Parasite","floor":18,"turns":5},{"damage":15,"enemies":"2 Thieves","floor":19,"turns":4},{"damage":0,"enemies":"Snake Plant","floor":21,"turns":2},{"damage":23,"enemies":"Shelled Parasite and Fungi","floor":24,"turns":6},{"damage":28,"enemies":"Slavers","floor":25,"turns":9},{"damage":20,"enemies":"Centurion and Healer","floor":28,"turns":7},{"damage":8,"enemies":"Book of Stabbing","floor":29,"turns":3},{"damage":1,"enemies":"Sentry and Sphere","floor":31,"turns":5},{"damage":70,"enemies":"Automaton","floor":33,"turns":12},{"damage":0,"enemies":"3 Shapes","floor":35,"turns":5},{"damage":15,"enemies":"Orb Walker","floor":38,"turns":3},{"damage":18,"enemies":"2 Orb Walkers","floor":39,"turns":4},{"damage":14,"enemies":"Sphere and 2 Shapes","floor":42,"turns":4},{"damage":0,"enemies":"Nemesis","floor":44,"turns":5},{"damage":0,"enemies":"Giant Head","floor":46,"turns":9},{"damage":0,"enemies":"Jaw Worm Horde","floor":47,"turns":5},{"damage":39,"enemies":"Time Eater","floor":50,"turns":8}],"seed_played":"-1391129907590218267","potions_obtained":[{"floor":8,"key":"PowerPotion"},{"floor":10,"key":"Dexterity Potion"},{"floor":13,"key":"DuplicationPotion"},{"floor":18,"key":"Fire Potion"},{"floor":28,"key":"FocusPotion"},{"floor":38,"key":"LiquidBronze"},{"floor":44,"key":"PotionOfCapacity"},{"floor":46,"key":"DuplicationPotion"}],"is_trial":true,"path_per_floor":["M","?","M","?","$","E","M","M","T","E","?","M","M","$","R","B",null,"M","M","?","M","$","?","M","E","T","$","M","E","?","M","R","B",null,"M","?","$","M","?","?","?","M","T","E","R","E","M","$","R","B",null],"character_chosen":"DEFECT","items_purchased":["Enlightenment","Ball Lightning","Bag of Marbles","Creative AI","Loop","DataDisk","Cold Snap","OrangePellets","Lizard Tail","Fission","FocusPotion","Doom and Gloom","Darkness","Good Instincts"],"campfire_rested":3,"item_purchase_floors":[5,5,14,22,27,37,37,48,48,48,48,48,48,48],"current_hp_per_floor":[75,75,75,75,75,55,49,32,32,18,18,18,18,18,18,18,75,63,48,85,85,85,85,62,34,34,34,14,6,6,5,80,10,80,80,80,80,65,47,47,37,23,23,23,75,75,75,75,70,31],"gold":278,"neow_bonus":"","is_daily":false,"chose_seed":false,"campfire_upgraded":1,"win_rate":0.0,"timestamp":1613073434,"path_taken":["M","?","M","?","?","E","M","M","T","E","?","M","?","$","R","BOSS","M","M","?","?","?","?","?","E","T","$","M","E","?","M","R","BOSS","M","?","$","?","?","?","?","M","T","E","R","E","M","$","R","BOSS"],"items_purchased_type":["Card","Card","Relic","Card","Card","Relic","Card","Relic","Relic","Card","Potion","Card","Card","Card"],"build_version":"2020-12-22","purchased_purges":1,"victory":true,"max_hp_per_floor":[75,75,75,75,75,75,75,75,75,75,75,75,75,75,75,75,75,75,75,85,85,85,85,85,85,85,85,85,85,85,85,80,80,80,80,80,80,80,80,80,80,80,80,80,75,75,75,75,70,70],"relic_stats":{"Darkstone Periapt":0,"OrangePellets":[2],"Dream Catcher":3,"Regal Pillow":0,"Lizard Tail":0,"Gremlin Horn":[2,2],"counters":[26,131],"Shuriken":[5],"Ornamental Fan":[20],"Pandora\u0027s Box":["Loop","Leap","Sweeping Beam","Rainbow","Multi-Cast","Doom and Gloom","Reinforced Body","Doom and Gloom"],"Boot":[18],"obtain_stats":[{"Darkstone Periapt":44,"Regal Pillow":43,"Gremlin Horn":46,"Incense Burner":39,"Ancient Tea Set":9,"Boot":10,"OrangePellets":48,"Dream Catcher":6,"DataDisk":37,"Lizard Tail":48,"HornCleat":25,"Shuriken":26,"Ornamental Fan":29,"Pandora\u0027s Box":17,"CultistMask":11,"Fusion Hammer":34,"Bag of Marbles":14,"Cracked Core":0},{"Darkstone Periapt":23,"Regal Pillow":22,"Gremlin Horn":24,"Incense Burner":21,"Ancient Tea Set":5,"Boot":6,"OrangePellets":25,"Dream Catcher":3,"DataDisk":19,"Lizard Tail":25,"HornCleat":14,"Shuriken":14,"Ornamental Fan":16,"Pandora\u0027s Box":9,"CultistMask":6,"Fusion Hammer":18,"Bag of Marbles":8,"Cracked Core":0},{"Darkstone Periapt":109,"Regal Pillow":104,"Gremlin Horn":118,"Incense Burner":100,"Ancient Tea Set":20,"Boot":24,"OrangePellets":123,"Dream Catcher":12,"DataDisk":93,"Lizard Tail":123,"HornCleat":61,"Shuriken":61,"Ornamental Fan":71,"Pandora\u0027s Box":35,"CultistMask":24,"Fusion Hammer":88,"Bag of Marbles":29,"Cracked Core":0}]},"card_choices":[{"not_picked":["Leap","Redo"],"picked":"Defragment","floor":1},{"not_picked":["Conserve Battery","Consume"],"picked":"Undo","floor":3},{"not_picked":["Redo","Streamline"],"picked":"Darkness","floor":6},{"not_picked":["Leap","BootSequence"],"picked":"Defragment","floor":7},{"not_picked":["Turbo","Steam Power"],"picked":"Capacitor","floor":8},{"not_picked":["Streamline","Sunder"],"picked":"Conserve Battery","floor":10},{"not_picked":["Streamline","Redo"],"picked":"Go for the Eyes","floor":12},{"not_picked":["Reboot","Ball Lightning"],"picked":"Cold Snap","floor":13},{"not_picked":["Biased Cognition","Buffer"],"picked":"Echo Form","floor":16},{"not_picked":["Beam Cell+1","FTL+1"],"picked":"Coolheaded+1","floor":18},{"not_picked":["Beam Cell","Streamline"],"picked":"Capacitor","floor":19},{"not_picked":["Sweeping Beam","Leap"],"picked":"Coolheaded","floor":21},{"not_picked":["Redo","BootSequence"],"picked":"Steam+1","floor":24},{"not_picked":["Recycle","Beam Cell","Biased Cognition"],"picked":"SKIP","floor":25},{"not_picked":["Streamline","Steam"],"picked":"Conserve Battery","floor":28},{"not_picked":["Amplify","Streamline"],"picked":"Capacitor+1","floor":29},{"not_picked":["Ball Lightning","Steam"],"picked":"Compile Driver+1","floor":31},{"not_picked":["Redo","Loop"],"picked":"White Noise+1","floor":32},{"not_picked":["Rainbow","Machine Learning"],"picked":"Buffer","floor":33},{"not_picked":["Sweeping Beam","Static Discharge"],"picked":"Beam Cell+1","floor":35},{"not_picked":["Redo+1","Melter"],"picked":"Ball Lightning","floor":38},{"not_picked":["Beam Cell","Hello World+1"],"picked":"Compile Driver","floor":39},{"not_picked":["Forethought","Bandage Up"],"picked":"Good Instincts","floor":41},{"not_picked":["Purity","Good Instincts"],"picked":"Enlightenment","floor":41},{"not_picked":["Deep Breath","Flash of Steel"],"picked":"HandOfGreed","floor":41},{"not_picked":["Scrape","Barrage+1"],"picked":"Undo+1","floor":42},{"not_picked":["Turbo+1","Steam"],"picked":"Stack","floor":44},{"not_picked":["Rebound","Compile Driver"],"picked":"Sweeping Beam+1","floor":45},{"not_picked":["Steam+1","Redo"],"picked":"Leap+1","floor":46},{"not_picked":["Redo+1","Auto Shields"],"picked":"Steam+1","floor":47},{"not_picked":["Cold Snap","Ball Lightning+1"],"picked":"Stack+1","floor":49}],"player_experience":1353990,"relics_obtained":[{"floor":6,"key":"Dream Catcher"},{"floor":9,"key":"Ancient Tea Set"},{"floor":10,"key":"Boot"},{"floor":25,"key":"HornCleat"},{"floor":26,"key":"Shuriken"},{"floor":29,"key":"Ornamental Fan"},{"floor":39,"key":"Incense Burner"},{"floor":43,"key":"Regal Pillow"},{"floor":44,"key":"Darkstone Periapt"},{"floor":46,"key":"Gremlin Horn"}],"event_choices":[{"damage_healed":0,"gold_gain":0,"player_choice":"Ignored","damage_taken":0,"max_hp_gain":0,"max_hp_loss":0,"event_name":"Golden Wing","floor":2,"gold_loss":0},{"damage_healed":0,"gold_gain":0,"player_choice":"Grow","damage_taken":0,"max_hp_gain":0,"max_hp_loss":0,"event_name":"Living Wall","floor":4,"gold_loss":0,"cards_upgraded":["Apotheosis"]},{"damage_healed":0,"gold_gain":0,"player_choice":"Trade","damage_taken":0,"relics_obtained":["CultistMask"],"max_hp_gain":0,"max_hp_loss":0,"event_name":"FaceTrader","floor":11,"gold_loss":0},{"cards_removed":["Magnetism"],"damage_healed":27,"gold_gain":0,"player_choice":"Offered Rare","damage_taken":0,"max_hp_gain":10,"max_hp_loss":0,"event_name":"Bonfire Elementals","floor":20,"gold_loss":0},{"damage_healed":0,"gold_gain":0,"player_choice":"Copied","damage_taken":0,"max_hp_gain":0,"max_hp_loss":0,"event_name":"Duplicator","floor":23,"gold_loss":0,"cards_obtained":["Echo Form"]},{"damage_healed":0,"gold_gain":0,"player_choice":"Smashed Altar","damage_taken":0,"max_hp_gain":0,"max_hp_loss":0,"event_name":"Forgotten Altar","floor":30,"gold_loss":0,"cards_obtained":["Decay"]},{"damage_healed":0,"gold_gain":0,"cards_transformed":["Zap"],"player_choice":"Transformed","damage_taken":0,"max_hp_gain":0,"max_hp_loss":0,"event_name":"Transmorgrifier","floor":36,"gold_loss":0,"cards_obtained":["Creative AI"]},{"damage_healed":0,"gold_gain":0,"player_choice":"Fight","damage_taken":0,"max_hp_gain":0,"max_hp_loss":0,"event_name":"Mysterious Sphere","floor":39,"gold_loss":0},{"damage_healed":0,"gold_gain":999,"player_choice":"Gold","damage_taken":0,"max_hp_gain":0,"max_hp_loss":0,"event_name":"MindBloom","floor":40,"gold_loss":0,"cards_obtained":["Normality","Normality"]},{"damage_healed":0,"gold_gain":0,"player_choice":"Memory 3","damage_taken":10,"max_hp_gain":0,"max_hp_loss":0,"event_name":"SensoryStone","floor":41,"gold_loss":0}],"is_beta":false,"boss_relics":[{"not_picked":["Runic Pyramid","Astrolabe"],"picked":"Pandora\u0027s Box"},{"not_picked":["SlaversCollar","Velvet Choker"],"picked":"Fusion Hammer"}],"items_purged_floors":[48],"is_endless":false,"potions_floor_spawned":[8,10,13,18,19,21,28,38,44,46,47],"ascension_level":0}}