{"host":"4wa3ho6pk3pud1fu","time":1613023245,"event":{"mods":["BaseMod","BetterRewards","Colored Map","Colored Powertips","Ekko","Infinite Spire","Minty Spire (QoL Compilation)","Nova Terra(??·??)","Prisma Mod","Replay The Spire","Shop Mod","StSLib","The Alterego","The Runesmith","The Servant 0.9.4","TheSurvivalist","Waifu the Spire","Yuri Mod"],"gold_per_floor":[117,117,117,133,133,163,163,112,137,172,172,172,184,198,198,300,300,212,226,226,141,141,167,89,89,89,89,101,112,143,103,103,205,205,220,220,230,280,293,628,628,25,49,63,83,111,0,14,14,14],"floor_reached":51,"language":"ENG","playtime":3643,"items_purged":["Strike_B","Defend_B"],"score":1053,"play_id":"914db0f9-0a46-478a-bb6e-1d9846930c6a","local_time":"20210211000045","is_ascension_mode":false,"campfire_choices":[{"data":"Zap","floor":7.0,"key":"SMITH"},{"floor":12.0,"key":"REST"},{"floor":15.0,"key":"DIG"},{"data":"infinitespire:NeuralNetwork","floor":25.0,"key":"SMITH"},{"data":"Electrodynamics","floor":27.0,"key":"SMITH"},{"floor":32.0,"key":"DIG"},{"data":"Static Discharge","floor":41,"key":"SMITH"}],"circlet_count":0,"master_deck":["Strike_B","Strike_B","Defend_B","Zap+1","Dualcast","Self Repair","Double Energy+1","Double Energy","Crystallizer","Sweeping Beam+1","Static Discharge+1","Static Discharge","Barrage","Streamline","Streamline","Electrodynamics+1","Doubt","Decay","Go for the Eyes+1","Stack+1","infinitespire:NeuralNetwork+1","infinitespire:Execution","Mirror Shield","Storm","Consume","Beam Cell","Echo Form","Machine Learning","Go for the Eyes+1","Conserve Battery+1","Madness","Madness","Melter+1","Conserve Battery+1","Streamline+1","Self Repair","Ball Lightning","Defragment","Crystallizer+1","Barrage","Chill+1","Cold Snap+1","Turbo+1","Ball Lightning","Meteor Strike","BasicCrystalCard+1"],"relics":["Cracked Core","Geode","infinitespire:ShieldingShard","Happy Flower","Bag of Preparation","infinitespire:BottledMercury","Pocketwatch","Durian","Replay:Ancient Bell","Bronze Scales","Replay:WaspNest","Replay:Towering Pillar of Hats","Replay:Frozen Program","Empty Cage","ReplayFunnel","Regal Pillow","InkBottle","Replay:Bottled Steam","infinitespire:Bottled Soul","Prayer Wheel","Old Coin","MerchantsRug","Medical Kit","infinitespire:Freezer","Bag of Marbles","Prayer Wheel","infinitespire:Broken Mirror","Red Mask"],"acts_visited":["Exordium","TheCity","TheBeyond"],"potions_floor_usage":[44,46,50,50],"damage_taken":[{"damage":9.0,"enemies":"Jaw Worm","floor":1.0,"turns":4.0},{"damage":3.0,"enemies":"2 Louse","floor":4.0,"turns":3.0},{"damage":27.0,"enemies":"Gremlin Nob","floor":6.0,"turns":4.0},{"damage":8.0,"enemies":"Replay:BlueRogue","floor":10.0,"turns":5.0},{"damage":8.0,"enemies":"infinitespire:Voidling","floor":13.0,"turns":3.0},{"damage":1.0,"enemies":"Blue Slaver","floor":14.0,"turns":2.0},{"damage":6.0,"enemies":"Fading Forest","floor":16.0,"turns":11.0},{"damage":5.0,"enemies":"3 Byrds","floor":18.0,"turns":3.0},{"damage":2.0,"enemies":"Shell Parasite","floor":19.0,"turns":3.0},{"damage":5.0,"enemies":"Replay:Snechameleon","floor":23.0,"turns":4.0},{"damage":15.0,"enemies":"Snake Plant","floor":28.0,"turns":2.0},{"damage":1.0,"enemies":"3 Cultists","floor":29.0,"turns":2.0},{"damage":0.0,"enemies":"Slavers","floor":30.0,"turns":1.0},{"damage":0.0,"enemies":"Collector","floor":33.0,"turns":6.0},{"damage":20.0,"enemies":"Orb Walker","floor":35.0,"turns":3.0},{"damage":0.0,"enemies":"3 Shapes","floor":37.0,"turns":4.0},{"damage":0.0,"enemies":"Mind Bloom Boss Battle","floor":38.0,"turns":6.0},{"damage":9.0,"enemies":"3 Darklings","floor":39.0,"turns":3.0},{"damage":5.0,"enemies":"R_Hoarder","floor":40.0,"turns":5.0},{"damage":0,"enemies":"Transient","floor":44,"turns":5},{"damage":37,"enemies":"Jaw Worm Horde","floor":45,"turns":4},{"damage":10,"enemies":"Nightmare","floor":46,"turns":6},{"damage":0,"enemies":"Writhing Mass","floor":48,"turns":4},{"damage":41,"enemies":"Donu and Deca","floor":50,"turns":6}],"seed_played":"7673937792519161471","potions_obtained":[{"floor":1.0,"key":"LifebloodPotion"},{"floor":10.0,"key":"Block Potion"},{"floor":13.0,"key":"Block Potion"},{"floor":23.0,"key":"Weak Potion"},{"floor":33.0,"key":"Block Potion"},{"floor":37.0,"key":"Adrenaline Potion"},{"floor":38.0,"key":"Energy Potion"},{"floor":45,"key":"Fire Potion"},{"floor":46,"key":"LifebloodPotion"},{"floor":48,"key":"Reflective Coating"}],"is_trial":false,"path_per_floor":["M","?","?","M","?","E","R","$","T","E","T","R","M","M","R_BF","B",null,"M","M","AVR","?","?","E","$","R","T","R","M","M","E","?","R_BF","B",null,"M","?","M","?","M","E","R","$","T","M","M","NM","?","M","R_BF","B",null],"character_chosen":"DEFECT","items_purchased":["Geode","Self Repair","Static Discharge","Storm","Defragment","MerchantsRug","Medical Kit","infinitespire:Freezer"],"campfire_rested":1,"item_purchase_floors":[0,0,8,24,42,42,42,42],"current_hp_per_floor":[73,66,66,70,70,50,50,50,50,49,49,71,70,75,80,80,80,80,78,78,78,72,74,74,74,74,74,66,65,65,65,65,72,80,67,57,64,71,69,64,64,64,64,78,48,45,45,52,80,53],"gold":14,"neow_bonus":"","is_daily":false,"chose_seed":false,"campfire_upgraded":4,"win_rate":0.0,"timestamp":1613023245,"path_taken":["M","?","?","?","?","E","R","$","T","E","?","R","M","M","R_BF","BOSS","M","M","AVR","?","?","E","$","R","T","R","?","M","E","?","R_BF","BOSS","M","?","M","?","M","E","R","$","T","M","M","NM","?","M","R_BF","BOSS"],"items_purchased_type":["Relic","Card","Card","Card","Card","Relic","Relic","Relic"],"build_version":"2020-12-22","purchased_purges":2,"victory":true,"max_hp_per_floor":[75,75,75,75,75,75,75,75,75,75,75,75,75,75,80,80,80,80,80,80,80,80,80,80,80,80,80,80,80,80,80,80,80,80,80,80,80,80,80,80,80,80,80,80,80,80,80,80,80,80],"card_choices":[{"not_picked":["ReplayTheSpireMod:Repulse","Turbo"],"picked":"Double Energy","floor":1.0},{"not_picked":["Compile Driver","Coolheaded"],"picked":"Double Energy","floor":4.0},{"not_picked":["Conserve Battery","Turbo"],"picked":"Sweeping Beam","floor":6.0},{"not_picked":["Stack","ReplayTheSpireMod:Omega Cannon"],"picked":"Barrage","floor":10.0},{"not_picked":["Glacier","Stack"],"picked":"Streamline","floor":13.0},{"not_picked":["BasicCrystalCard","Reinforced Body"],"picked":"Streamline","floor":14.0},{"not_picked":["Amplify","Echo Form"],"picked":"Electrodynamics","floor":16.0},{"not_picked":["AbeCurse","ReplayTheSpireMod:Faulty Equipment"],"picked":"Doubt","floor":17.0},{"not_picked":["Spreading Infection","ReplayTheSpireMod:Doomed"],"picked":"Decay","floor":17.0},{"not_picked":["AbeCurse","Pain"],"picked":"ReplayTheSpireMod:IOU","floor":17.0},{"not_picked":["Steam Power+1","BasicCrystalCard"],"picked":"Go for the Eyes+1","floor":18.0},{"not_picked":["Streamline","Sweeping Beam"],"picked":"Stack+1","floor":19.0},{"not_picked":["Panic Button","Time Bomb+1"],"picked":"Mirror Shield","floor":23.0},{"not_picked":["BasicCrystalCard+1","Turbo+1"],"picked":"Consume","floor":28.0},{"not_picked":["Turbo","Streamline"],"picked":"Beam Cell","floor":29.0},{"not_picked":["Force Field","Rip and Tear"],"picked":"ReplayTheSpireMod:Fabricate Wheel","floor":30.0},{"not_picked":["ReplayRNGCard","Multi-Cast"],"picked":"Machine Learning","floor":33.0},{"not_picked":["Stack","Blizzard+1"],"picked":"Go for the Eyes+1","floor":35.0},{"not_picked":["Turbo","Cold Snap"],"picked":"Conserve Battery+1","floor":35.0},{"not_picked":["Rebound+1","Hologram+1"],"picked":"Melter+1","floor":37.0},{"not_picked":["Scrape+1","Panic Button"],"picked":"Conserve Battery+1","floor":37.0},{"not_picked":["BasicCrystalCard+1","Panic Button"],"picked":"Streamline+1","floor":38.0},{"not_picked":["Compile Driver+1","Steam+1"],"picked":"Self Repair","floor":39.0},{"not_picked":["Hologram","Redo+1"],"picked":"Ball Lightning","floor":39.0},{"not_picked":["Double Energy+1","Barrage"],"picked":"ReplayTheSpireMod:Fabricate Wheel","floor":40.0},{"not_picked":["Go for the Eyes","Steam Power+1"],"picked":"Crystallizer+1","floor":44},{"not_picked":["Reinforced Body","Go for the Eyes+1"],"picked":"Barrage","floor":44},{"not_picked":["Hologram","Leap"],"picked":"Chill+1","floor":45},{"not_picked":["Panic Button","ReplayTheSpireMod:GoodbyeWorld"],"picked":"Cold Snap+1","floor":45},{"not_picked":["Self Repair","ReplayTheSpireMod:Reroute Power"],"picked":"Turbo+1","floor":46},{"not_picked":["White Noise+1","Conserve Battery+1"],"picked":"Ball Lightning","floor":48},{"not_picked":["Hologram","Steam"],"picked":"Meteor Strike","floor":48},{"not_picked":["Consume","ReplayTheSpireMod:System Scan"],"picked":"BasicCrystalCard+1","floor":48}],"player_experience":92919,"relics_obtained":[{"floor":6.0,"key":"Happy Flower"},{"floor":9.0,"key":"Bag of Preparation"},{"floor":10.0,"key":"infinitespire:BottledMercury"},{"floor":11.0,"key":"Pocketwatch"},{"floor":15.0,"key":"Durian"},{"floor":23.0,"key":"Regal Pillow"},{"floor":26.0,"key":"InkBottle"},{"floor":30.0,"key":"Replay:Bottled Steam"},{"floor":32.0,"key":"infinitespire:Bottled Soul"},{"floor":40.0,"key":"Old Coin"},{"floor":43,"key":"Bag of Marbles"},{"floor":46,"key":"infinitespire:Broken Mirror"}],"event_choices":[{"damage_healed":0.0,"max_hp_gain":0.0,"max_hp_loss":0.0,"gold_gain":0.0,"event_name":"Scrap Ooze","player_choice":"Success","floor":2.0,"gold_loss":0.0,"damage_taken":7.0,"relics_obtained":["infinitespire:ShieldingShard"]},{"damage_healed":0.0,"max_hp_gain":0.0,"max_hp_loss":0.0,"gold_gain":0.0,"event_name":"Accursed Blacksmith","player_choice":"Forge","floor":3.0,"gold_loss":0.0,"damage_taken":0.0,"cards_upgraded":["Double Energy"]},{"damage_healed":0.0,"max_hp_gain":0.0,"max_hp_loss":0.0,"gold_gain":0.0,"cards_transformed":["Defend_B"],"event_name":"Living Wall","player_choice":"Change","floor":5.0,"gold_loss":0.0,"damage_taken":0.0,"cards_obtained":["Crystallizer"]},{"damage_healed":0.0,"max_hp_gain":0.0,"max_hp_loss":0.0,"gold_gain":0.0,"event_name":"Addict","player_choice":"Obtained Relic","floor":21.0,"gold_loss":85.0,"damage_taken":0.0,"relics_obtained":["ReplayFunnel"]},{"damage_healed":0.0,"max_hp_gain":0.0,"max_hp_loss":0.0,"gold_gain":0.0,"event_name":"Knowing Skull","player_choice":"","floor":22.0,"potions_obtained":[],"gold_loss":0.0,"damage_taken":6.0,"cards_obtained":[]},{"damage_healed":0.0,"max_hp_gain":0.0,"max_hp_loss":0.0,"gold_gain":0.0,"event_name":"Designer","player_choice":"Upgrade","floor":31.0,"gold_loss":40.0,"damage_taken":0.0,"cards_upgraded":["ReplayTheSpireMod:Fabricate Wheel"]},{"damage_healed":0.0,"max_hp_gain":0.0,"max_hp_loss":0.0,"gold_gain":0.0,"event_name":"Winding Halls","player_choice":"Embrace Madness","floor":36.0,"gold_loss":0.0,"damage_taken":10.0,"cards_obtained":["Madness","Madness"]},{"damage_healed":0.0,"max_hp_gain":0.0,"max_hp_loss":0.0,"gold_gain":0.0,"event_name":"MindBloom","player_choice":"Fight","floor":38.0,"gold_loss":0.0,"damage_taken":0.0},{"damage_healed":0,"gold_gain":0,"player_choice":"Paid","damage_taken":0,"relics_obtained":["Red Mask"],"max_hp_gain":0,"max_hp_loss":0,"event_name":"Tomb of Lord Red Mask","floor":47,"gold_loss":111}],"is_beta":false,"boss_relics":[{"not_picked":["Calling Bell","Runesmith:UraniumAnvil"],"picked":"Replay:Ancient Bell"},{"not_picked":["War Paint","Pet Ghost"],"picked":"Bronze Scales"},{"not_picked":["infinitespire:WardingShard","Runesmith:Nanobots"],"picked":"Replay:WaspNest"},{"not_picked":["infinitespire:Joker Card","Runesmith:Locket"],"picked":"Replay:Towering Pillar of Hats"},{"not_picked":["infinitespire:Cupcake","Sozu","Busted Crown"]}],"items_purged_floors":[20,42],"is_endless":false,"potions_floor_spawned":[1,10,13,23,28,30,33,37,38,45,46,48],"ascension_level":0}}