{"host":"zzgvnd5w85j1s2e6","time":1613044980,"event":{"mods":["Act Like it!","BaseMod","Hallownest","Minty Spire (QoL Compilation)","Replay The Spire","StSLib","The Bug Knight"],"gold_per_floor":[114,129,129,144,144,144,174,174,174,24,39,54,54,69,69,169,169,184,199,214,214,229,229,244,244,244,259,309,324,324,424,439,454,454,554,554,569,584,599,614,314,314,254,269,269,269,284,288,318,333,333,333],"floor_reached":53,"language":"ZHS","playtime":5940,"items_purged":[],"score":824,"play_id":"a7cfedd9-15a7-4b05-8af3-5f67a6e6072d","local_time":"20210211200300","daily_mods":["Allstar","Vintage","Binary"],"is_ascension_mode":false,"campfire_choices":[{"data":"Eclipse","floor":6.0,"key":"SMITH"},{"data":"Metamorphosis","floor":8.0,"key":"SMITH"},{"data":"The Bomb","floor":13.0,"key":"SMITH"},{"floor":15.0,"key":"DIG"},{"data":"Brutality","floor":23.0,"key":"SMITH"},{"data":"Berserk","floor":30.0,"key":"SMITH"},{"data":"Heavy Blade","floor":34.0,"key":"SMITH"},{"data":"Rupture","floor":42.0,"key":"SMITH"},{"data":"Heavy Blade","floor":51,"key":"SMITH"}],"circlet_count":0,"master_deck":["Bash","Flash of Steel","Dark Shackles","The Bomb+1","Metamorphosis+1","Panacea","Eclipse+1","Pommel Strike","Berserk+1","Power Through","Heavy Blade+1","Rupture+1","Brutality+1","Bludgeon","Battle Trance","Flex","Whirlwind","Pot Of Greed","Pot Of Greed","Heavy Blade+1","Offering"],"relics":["Burning Blood","Shuriken","Bag of Marbles","HollowMod:PaleOreRelic","Pet Ghost","King of Hearts","Smiling Mask","Pear","Vajra","Onion Ring","Akabeko","Turnip","Gremlin Horn","Pandora\u0027s Box","Bronze Scales","Garlic","Replay:Bottled Flurry","Regal Pillow","Replay:Wax Seal","Grinning Jar","Strawberry","Lizard Tail","HollowMod:LifeEnderRelic","Replay:Kaleidoscope","Replay:Bottled Steam","Paper Frog","Philosopher\u0027s Stone","PreservedInsect","Anchor","Replay:Mystery Machine","Bottled Tornado","Gambling Chip","Replay:Rubber Ducky","Replay:WaspNest","Pondfish Scales","CaptainsWheel","Red Skull","ReplayTheSpireMod:Ninjato"],"acts_visited":["Hallownest:Greenpath","TheCity","Hallownest:KingdomsEdge"],"potions_floor_usage":[52],"damage_taken":[{"damage":0.0,"enemies":"Hallownest:monsterHuskWarrior","floor":1.0,"turns":5.0},{"damage":5.0,"enemies":"Hallownest:2_Tiktiks_and_1_Crawlid","floor":2.0,"turns":4.0},{"damage":0.0,"enemies":"2_ Uuma","floor":4.0,"turns":6.0},{"damage":3.0,"enemies":"Hallownest:eliteVengeflyKing","floor":7.0,"turns":4.0},{"damage":2.0,"enemies":"Hallownest:monsterFoolEater","floor":11.0,"turns":2.0},{"damage":11.0,"enemies":"Hallownest:1_Ooma_and_2_Uuma","floor":12.0,"turns":3.0},{"damage":0.0,"enemies":"Hallownest:monsterAspidMother","floor":14.0,"turns":1.0},{"damage":21.0,"enemies":"Hallownest:BossBrokenVessel","floor":16.0,"turns":6.0},{"damage":10.0,"enemies":"2 Thieves","floor":18.0,"turns":2.0},{"damage":17.0,"enemies":"Snecko","floor":19.0,"turns":3.0},{"damage":3.0,"enemies":"Snake Plant","floor":20.0,"turns":1.0},{"damage":1.0,"enemies":"Chosen and Byrds","floor":22.0,"turns":2.0},{"damage":2.0,"enemies":"Centurion and Healer","floor":24.0,"turns":3.0},{"damage":1.0,"enemies":"Snake Plant","floor":27.0,"turns":2.0},{"damage":1.0,"enemies":"Snecko","floor":29.0,"turns":2.0},{"damage":2.0,"enemies":"Colosseum Slavers","floor":31.0,"turns":1.0},{"damage":11.0,"enemies":"Colosseum Nobs","floor":31.0,"turns":3.0},{"damage":5.0,"enemies":"Centurion and Healer","floor":32.0,"turns":2.0},{"damage":11.0,"enemies":"Shelled Parasite and Fungi","floor":33.0,"turns":2.0},{"damage":15.0,"enemies":"Collector","floor":35.0,"turns":4.0},{"damage":7.0,"enemies":"Hallownest:Shield_Heavy","floor":37.0,"turns":2.0},{"damage":3.0,"enemies":"Hallownest:2_Littles","floor":38.0,"turns":3.0},{"damage":7.0,"enemies":"Hallownest:2_Great","floor":39.0,"turns":2.0},{"damage":6.0,"enemies":"Hallownest:Shield_Sturdy","floor":40.0,"turns":1.0},{"damage":6.0,"enemies":"Hallownest:monsterPrimalAspid","floor":44.0,"turns":2.0},{"damage":7,"enemies":"Hallownest:Xero_Hu_Marmu","floor":47,"turns":2},{"damage":10,"enemies":"Hallownest:2_Primals","floor":48,"turns":2},{"damage":0,"enemies":"Hallownest:StalkingDevout","floor":49,"turns":1},{"damage":6,"enemies":"Hallownest:2_Wandering_and_1_Horned","floor":50,"turns":3},{"damage":8,"enemies":"Hallownest:Radiance","floor":52,"turns":3}],"seed_played":"-587577638262706789","potions_obtained":[{"floor":1.0,"key":"EntropicBrew"},{"floor":4.0,"key":"Dexterity Potion"},{"floor":14.0,"key":"Reflective Coating"},{"floor":19.0,"key":"Weak Potion"},{"floor":20.0,"key":"BloodPotion"},{"floor":22.0,"key":"Strength Potion"},{"floor":29.0,"key":"CultistPotion"},{"floor":37.0,"key":"BloodPotion"},{"floor":44.0,"key":"FairyPotion"}],"is_trial":false,"path_per_floor":["M","M","?","M","?","R","E","R","T","$","M","M","R","M","R","B",null,"M","M","M","?","M","R","M","PTL","PTL","M","T","M","R","?","M","M","R","B",null,"M","M","M","M","$","R","?","M","T","?","M","?","E","M","R","B",null],"character_chosen":"IRONCLAD","items_purchased":["Vajra","Gambling Chip"],"campfire_rested":0,"item_purchase_floors":[10,41],"current_hp_per_floor":[80,80,80,80,40,40,43,43,53,53,57,52,52,58,58,67,90,86,75,78,78,90,90,90,90,90,90,97,97,97,92,93,88,88,79,97,96,97,96,96,96,96,103,104,104,104,103,99,104,104,104,102],"gold":333,"neow_bonus":"","is_daily":true,"chose_seed":false,"campfire_upgraded":8,"win_rate":0.0,"timestamp":1613044980,"path_taken":["M","M","?","M","?","R","E","R","T","?","M","M","R","?","R","BOSS","M","M","M","?","M","R","M","PTL","PTL","M","T","M","R","?","M","M","R","BOSS","M","M","M","M","$","R","?","M","T","?","M","?","E","M","R","BOSS"],"items_purchased_type":["Relic","Relic"],"build_version":"2020-12-22","purchased_purges":0,"victory":true,"max_hp_per_floor":[80,80,80,80,80,80,80,80,90,90,90,90,90,90,90,90,90,90,90,90,90,90,90,90,90,90,90,97,97,97,97,97,97,97,97,97,97,97,97,97,97,97,104,104,104,104,104,104,104,104,104,104],"card_choices":[{"not_picked":["Havoc"],"picked":"Pommel Strike","floor":7.0},{"not_picked":["Immolate"],"picked":"Berserk","floor":16.0},{"not_picked":["Body Slam"],"picked":"Heavy Blade","floor":31.0},{"not_picked":["Double Tap"],"picked":"Offering","floor":35.0},{"not_picked":["Dark Embrace","Clothesline"],"picked":"SKIP","floor":49}],"player_experience":421671,"relics_obtained":[{"floor":1.0,"key":"Shuriken"},{"floor":2.0,"key":"Bag of Marbles"},{"floor":4.0,"key":"HollowMod:PaleOreRelic"},{"floor":7.0,"key":"Smiling Mask"},{"floor":9.0,"key":"Pear"},{"floor":11.0,"key":"Onion Ring"},{"floor":12.0,"key":"Akabeko"},{"floor":14.0,"key":"Turnip"},{"floor":15.0,"key":"Gremlin Horn"},{"floor":18.0,"key":"Bronze Scales"},{"floor":19.0,"key":"Garlic"},{"floor":20.0,"key":"Replay:Bottled Flurry"},{"floor":22.0,"key":"Regal Pillow"},{"floor":24.0,"key":"Replay:Wax Seal"},{"floor":27.0,"key":"Grinning Jar"},{"floor":28.0,"key":"Strawberry"},{"floor":29.0,"key":"Lizard Tail"},{"floor":31.0,"key":"HollowMod:LifeEnderRelic"},{"floor":31.0,"key":"Replay:Kaleidoscope"},{"floor":32.0,"key":"Replay:Bottled Steam"},{"floor":33.0,"key":"Paper Frog"},{"floor":37.0,"key":"PreservedInsect"},{"floor":38.0,"key":"Anchor"},{"floor":39.0,"key":"Replay:Mystery Machine"},{"floor":40.0,"key":"Bottled Tornado"},{"floor":44.0,"key":"Replay:Rubber Ducky"},{"floor":45.0,"key":"Replay:WaspNest"},{"floor":47,"key":"Pondfish Scales"},{"floor":48,"key":"CaptainsWheel"},{"floor":49,"key":"Red Skull"},{"floor":50,"key":"ReplayTheSpireMod:Ninjato"}],"event_choices":[{"damage_healed":0.0,"max_hp_gain":0.0,"max_hp_loss":0.0,"gold_gain":0.0,"event_name":"Back to Basics","player_choice":"Simplicity","floor":21.0,"gold_loss":0.0,"damage_taken":0.0,"cards_upgraded":[]},{"damage_healed":0.0,"max_hp_gain":0.0,"max_hp_loss":0.0,"gold_gain":0.0,"event_name":"Colosseum","player_choice":"Fight","floor":31.0,"gold_loss":0.0,"damage_taken":0.0},{"damage_healed":0.0,"max_hp_gain":0.0,"max_hp_loss":0.0,"gold_gain":0.0,"event_name":"Colosseum","player_choice":"Fought Nobs","floor":31.0,"gold_loss":0.0,"damage_taken":0.0}],"is_beta":false,"boss_relics":[{"not_picked":["Runic Dome","Black Blood"],"picked":"Pandora\u0027s Box"},{"not_picked":["Empty Cage","Replay:Drink Me"],"picked":"Philosopher\u0027s Stone"}],"items_purged_floors":[],"is_endless":false,"potions_floor_spawned":[1,4,14,19,20,22,29,32,37,40,44,48,50],"ascension_level":0}}