{"host":"wrdw6zkxuilnr6rg","time":1612655800,"event":{"mods":["Act Like it!","BaseMod","Bestiary","Colored Powertips","Downfall","Hermit","Highlight Path","Minty Spire (QoL Compilation)","Quick Restart","Relic Stats","StSLib"],"gold_per_floor":[99,99,199,199,229,242,296,296,296,316,336,246,246,259,276,374,374,374,113,123,108,127,277,277,290,290,305,315,342,192,192,212,310,310,210,224,84,84,95,95,143,43,69,85,85,85,155,185,185,185],"floor_reached":51,"language":"ENG","playtime":3311,"items_purged":["Normality","downfall:Malfunctioning","Writhe"],"score":765,"play_id":"1cd44af3-e466-4f72-8c6e-b04f4687927b","local_time":"20210207025640","is_ascension_mode":false,"campfire_choices":[{"data":"bronze:Replicate","floor":1.0,"key":"SMITH"},{"data":"bronze:Break","floor":8.0,"key":"SMITH"},{"data":"bronze:HardenedForm","floor":18.0,"key":"SMITH"},{"data":"bronze:Invalidate","floor":26.0,"key":"SMITH"},{"floor":35.0,"key":"RECALL"},{"floor":40.0,"key":"REST"},{"floor":42,"key":"REST"},{"floor":45,"key":"REST"}],"circlet_count":0,"master_deck":["bronze:Strike+1","bronze:Defend+1","bronze:Defend+1","bronze:Defend+1","bronze:Replicate+1","bronze:Goto","CurseOfTheBell","CurseOfTheBell","bronze:Break+1","bronze:DelayedGuard","bronze:BronzeArmor","bronze:ChosenStrike","bronze:HardenedForm+1","bronze:Branch+1","bronze:HardenedForm+1","bronze:ChildClass+1","bronze:Optimize","bronze:FineTuning","bronze:FineTuning+1","bronze:Invalidate+1","Ghostly","bronze:FollowUp","bronze:Deprecate+1","Parasite"],"relics":["bronze:BronzeCore","downfall:ExtraCursedBell","Anchor","Pantograph","CaptainsWheel","Blood Vial","Astrolabe","bronze:SilverBullet","Calipers","Torii","Lantern","Fusion Hammer","downfall:HeartBlessingGreen","downfall:HeartBlessingRed","War Paint","Letter Opener","bronze:CableSpool"],"acts_visited":["Exordium","TheCity","TheBeyond"],"potions_floor_usage":[49,50,50,50,50],"damage_taken":[{"damage":5.0,"enemies":"Small Slimes","floor":6.0,"turns":3.0},{"damage":0.0,"enemies":"2 Louse","floor":10.0,"turns":3.0},{"damage":0.0,"enemies":"Jaw Worm","floor":11.0,"turns":3.0},{"damage":2.0,"enemies":"downfall:FleeingMerchant","floor":12.0,"turns":4.0},{"damage":0.0,"enemies":"Large Slime","floor":14.0,"turns":3.0},{"damage":2.0,"enemies":"Blue Slaver","floor":15.0,"turns":2.0},{"damage":38.0,"enemies":"SI_SHIV_ARCHETYPE","floor":16.0,"turns":17.0},{"damage":15.0,"enemies":"downfall:FleeingMerchant","floor":19.0,"turns":4.0},{"damage":10.0,"enemies":"Shell Parasite","floor":20.0,"turns":4.0},{"damage":0.0,"enemies":"downfall:FleeingMerchant","floor":21.0,"turns":4.0},{"damage":0.0,"enemies":"Spheric Guardian","floor":22.0,"turns":4.0},{"damage":5.0,"enemies":"Chosen and Byrds","floor":25.0,"turns":6.0},{"damage":0.0,"enemies":"Snecko","floor":27.0,"turns":4.0},{"damage":14.0,"enemies":"Centurion and Healer","floor":28.0,"turns":4.0},{"damage":5.0,"enemies":"Gremlin Leader","floor":29.0,"turns":3.0},{"damage":0.0,"enemies":"3 Cultists","floor":32.0,"turns":5.0},{"damage":0.0,"enemies":"WA_ARCHETYPE_CALM","floor":33.0,"turns":10.0},{"damage":0.0,"enemies":"Orb Walker","floor":36.0,"turns":3.0},{"damage":4.0,"enemies":"downfall:FleeingMerchant","floor":37.0,"turns":4.0},{"damage":0.0,"enemies":"3 Shapes","floor":39.0,"turns":5.0},{"damage":31,"enemies":"Reptomancer","floor":43,"turns":6},{"damage":1,"enemies":"Writhing Mass","floor":44,"turns":5},{"damage":0,"enemies":"Nemesis","floor":48,"turns":7},{"damage":0,"enemies":"Sphere and 2 Shapes","floor":49,"turns":1},{"damage":48,"enemies":"IC_BLOCK_ARCHETYPE","floor":50,"turns":10}],"seed_played":"1826254681900185822","potions_obtained":[{"floor":11.0,"key":"BlessingOfTheForge"},{"floor":14.0,"key":"SmokeBomb"},{"floor":15.0,"key":"bronze:FreeFunctionsPotion"},{"floor":20.0,"key":"ColorlessPotion"},{"floor":22.0,"key":"SteroidPotion"},{"floor":25.0,"key":"Swift Potion"},{"floor":29.0,"key":"sneckomod:MuddlingPotion"},{"floor":43,"key":"EssenceOfSteel"},{"floor":48,"key":"Block Potion"}],"is_trial":false,"path_per_floor":["R","?","?","?","?","M","T","R","?","M","M","$","?","M","M","B",null,"R","$","M","$","M","?","T","M","R","M","M","E","?","?","M","B",null,"R","M","$","?","M","R","T","R","E","M","R","?","T","E","M","B",null],"character_chosen":"THE_AUTOMATON","items_purchased":["bronze:SilverBullet"],"campfire_rested":3,"item_purchase_floors":[19],"current_hp_per_floor":[77,77,82,82,82,77,77,77,77,79,81,80,80,82,80,44,82,82,67,59,61,63,63,63,60,60,62,50,47,47,47,49,76,82,82,82,78,78,80,82,82,82,51,52,76,76,76,78,80,34],"gold":185,"neow_bonus":"TEN_PERCENT_HP_BONUS","is_daily":false,"chose_seed":false,"campfire_upgraded":4,"win_rate":0.0,"timestamp":1612655800,"path_taken":["R","?","?","?","?","M","T","R","?","M","?","$","?","M","M","BOSS","R","$","M","$","M","?","T","M","R","?","M","E","?","?","M","BOSS","R","M","$","?","M","R","T","R","E","M","R","?","?","E","M","BOSS"],"items_purchased_type":["Relic"],"build_version":"2020-12-22","purchased_purges":3,"victory":true,"max_hp_per_floor":[77,77,82,82,82,82,82,82,82,82,82,82,82,82,82,82,82,82,82,82,82,82,82,82,82,82,82,82,82,82,82,82,82,82,82,82,82,82,82,82,82,82,82,82,82,82,82,82,82,82],"relic_stats":{"Blood Vial":37,"Torii":17,"counters":[25,124],"Pantograph":25,"Astrolabe":["bronze:Branch","bronze:HardenedForm","bronze:ChildClass"],"Letter Opener":[36],"War Paint":["bronze:Defend","bronze:FineTuning"],"obtain_stats":[{"Potion Belt":7,"Lantern":31,"bronze:BronzeCore":0,"Calipers":24,"Torii":29,"downfall:HeartBlessingRed":42,"Astrolabe":17,"downfall:HeartBlessingGreen":35,"Letter Opener":47,"War Paint":43,"bronze:CableSpool":48,"Blood Vial":5,"Anchor":3,"CaptainsWheel":3,"Pantograph":3,"Fusion Hammer":34,"downfall:ExtraCursedBell":3,"bronze:SilverBullet":19},{"Potion Belt":1,"Lantern":15,"bronze:BronzeCore":0,"Calipers":11,"Torii":15,"downfall:HeartBlessingRed":20,"Astrolabe":7,"downfall:HeartBlessingGreen":17,"Letter Opener":22,"War Paint":21,"bronze:CableSpool":23,"Blood Vial":0,"Anchor":0,"CaptainsWheel":0,"Pantograph":0,"Fusion Hammer":17,"downfall:ExtraCursedBell":0,"bronze:SilverBullet":8},{"Potion Belt":3,"Lantern":68,"bronze:BronzeCore":0,"Calipers":51,"Torii":68,"downfall:HeartBlessingRed":95,"Astrolabe":35,"downfall:HeartBlessingGreen":83,"Letter Opener":106,"War Paint":101,"bronze:CableSpool":113,"Blood Vial":0,"Anchor":0,"CaptainsWheel":0,"Pantograph":0,"Fusion Hammer":83,"downfall:ExtraCursedBell":0,"bronze:SilverBullet":39}]},"card_choices":[{"not_picked":["bronze:BugBarrage","bronze:BitShift","bronze:Allocate"],"picked":"SKIP","floor":6.0},{"not_picked":["bronze:ItsAFeature","bronze:Safeguard"],"picked":"bronze:DelayedGuard","floor":10.0},{"not_picked":["bronze:Overheat","bronze:MaxOutput"],"picked":"bronze:BronzeArmor","floor":11.0},{"not_picked":["bronze:Deprecate","bronze:Overheat"],"picked":"bronze:ChosenStrike","floor":12.0},{"not_picked":["bronze:ChildClass","bronze:ForceShield","bronze:BitShift"],"picked":"SKIP","floor":14.0},{"not_picked":["bronze:OilSpill","bronze:ForLoop","bronze:Turbo"],"picked":"SKIP","floor":15.0},{"not_picked":["bronze:Virus","bronze:FindAndReplace"],"picked":"bronze:HardenedForm","floor":16.0},{"not_picked":["bronze:DigitalCarnage+1","bronze:ChosenStrike"],"picked":"bronze:Optimize","floor":19.0},{"not_picked":["bronze:CloningBeam","bronze:BronzeArmor"],"picked":"bronze:FineTuning","floor":20.0},{"not_picked":["bronze:Shield","bronze:BurnOut","bronze:Frontload"],"picked":"SKIP","floor":21.0},{"not_picked":["bronze:ForceShield","bronze:MaxOutput"],"picked":"bronze:FineTuning","floor":22.0},{"not_picked":["bronze:Boost","bronze:CutThrough"],"picked":"bronze:Invalidate","floor":25.0},{"not_picked":["bronze:Deprecate","bronze:WhirlingStrike","bronze:Frontload"],"picked":"SKIP","floor":27.0},{"not_picked":["bronze:DelayedGuard","bronze:Flail","bronze:DarkDash+1"],"picked":"SKIP","floor":28.0},{"not_picked":["bronze:BugBarrage+1","bronze:WildBeam"],"picked":"bronze:FollowUp","floor":32.0},{"not_picked":["bronze:Safeguard","bronze:Branch","bronze:ClassDefault+1"],"picked":"SKIP","floor":36.0},{"not_picked":["bronze:DelayedSlice","bronze:Boost+1"],"picked":"bronze:Deprecate+1","floor":37.0},{"not_picked":["bronze:CutThrough","bronze:WildBeam+1","bronze:Frontload"],"picked":"SKIP","floor":39.0},{"not_picked":["bronze:MaxOutput+1","bronze:Repair","bronze:ItsAFeature"],"picked":"SKIP","floor":43},{"not_picked":["bronze:Overheat+1","bronze:MaxOutput+1","bronze:BugBarrage"],"picked":"SKIP","floor":44},{"not_picked":["bronze:ClassDefault","bronze:FindAndReplace","bronze:BuggyMess"],"picked":"SKIP","floor":48}],"player_experience":1593498,"relics_obtained":[{"floor":3.0,"key":"Anchor"},{"floor":3.0,"key":"Pantograph"},{"floor":3.0,"key":"CaptainsWheel"},{"floor":7.0,"key":"Potion Belt"},{"floor":24.0,"key":"Calipers"},{"floor":29.0,"key":"Torii"},{"floor":43,"key":"War Paint"},{"floor":47,"key":"Letter Opener"},{"floor":48,"key":"bronze:CableSpool"}],"event_choices":[{"cards_removed":["Normality"],"damage_healed":0.0,"max_hp_gain":0.0,"max_hp_loss":0.0,"gold_gain":0.0,"event_name":"The Cleric","player_choice":"Card Removal","floor":4.0,"gold_loss":0.0,"damage_taken":0.0},{"cards_removed":["Writhe"],"damage_healed":0.0,"max_hp_gain":0.0,"max_hp_loss":0.0,"gold_gain":0.0,"event_name":"Living Wall","player_choice":"Forget","floor":13.0,"gold_loss":0.0,"damage_taken":0.0},{"damage_healed":0,"gold_gain":0,"player_choice":"Ignored","damage_taken":0,"max_hp_gain":0,"max_hp_loss":0,"event_name":"Mysterious Sphere","floor":46,"gold_loss":0}],"is_beta":false,"boss_relics":[{"not_picked":["Black Star","SlaversCollar"],"picked":"Astrolabe"},{"not_picked":["bronze:PlatinumCore","Cursed Key"],"picked":"Fusion Hammer"}],"items_purged_floors":[12,19,37],"is_endless":false,"potions_floor_spawned":[11,14,15,20,22,25,29,43,44,48],"ascension_level":0}}