{"host":"m6aaltr68g9tvoay","time":1613016685,"event":{"mods":["AchievementEnabler","BaseMod","Colored Map","Downfall","Minty Spire (QoL Compilation)","Slay the Relics Exporter","StSLib"],"gold_per_floor":[99,110,110,71,83,68,68,68,78,105,125,139,39,58,68,68,68,68],"floor_reached":16,"language":"ENG","playtime":654,"items_purged":[],"score":172,"play_id":"916d76e1-c80d-48a5-895e-95cef1f60664","local_time":"20210210201125","is_ascension_mode":true,"campfire_choices":[{"floor":1,"key":"RECALL"},{"floor":8,"key":"REST"},{"floor":13,"key":"REST"}],"circlet_count":0,"master_deck":["AscendersBane","bronze:Strike","bronze:Strike","bronze:Strike","bronze:Strike","bronze:Defend","bronze:Defend","bronze:Defend","bronze:Defend","bronze:Replicate+1","bronze:Goto+1","bronze:Optimize","bronze:Shell","bronze:Iterate","bronze:DelayedSlice","bronze:FineTuning","bronze:WhirlingStrike","bronze:ChildClass","bronze:Shield","bronze:Separator","bronze:RecursiveStrike","bronze:Shield"],"relics":["bronze:BronzeCore","Nunchaku","Matryoshka","Letter Opener","downfall:HeartBlessingRed"],"acts_visited":["Exordium"],"potions_floor_usage":[12,16],"damage_taken":[{"damage":5,"enemies":"2 Louse","floor":2,"turns":4},{"damage":0,"enemies":"downfall:FleeingMerchant","floor":4,"turns":4},{"damage":1,"enemies":"Cultist","floor":5,"turns":3},{"damage":5,"enemies":"downfall:FleeingMerchant","floor":6,"turns":4},{"damage":3,"enemies":"Jaw Worm","floor":9,"turns":4},{"damage":46,"enemies":"Lagavulin","floor":10,"turns":6},{"damage":0,"enemies":"Blue Slaver","floor":11,"turns":2},{"damage":13,"enemies":"Exordium Thugs","floor":12,"turns":4},{"damage":0,"enemies":"Red Slaver","floor":14,"turns":1},{"damage":18,"enemies":"Large Slime","floor":15,"turns":3},{"damage":24,"enemies":"IC_STATUS_ARCHETYPE","floor":16,"turns":4}],"seed_played":"248945913258556324","potions_obtained":[{"floor":2,"key":"Explosive Potion"},{"floor":9,"key":"bronze:CleanCodePotion"},{"floor":14,"key":"SpeedPotion"}],"is_trial":false,"path_per_floor":["R","M","?","$","M","$","T","R","M","E","M","M","R","M","M","B"],"character_chosen":"THE_AUTOMATON","items_purchased":["bronze:Iterate"],"campfire_rested":2,"item_purchase_floors":[4],"current_hp_per_floor":[63,58,58,58,57,52,52,70,67,21,21,8,29,29,11,0,0,0],"gold":68,"neow_bonus":"RANDOM_COMMON_RELIC","is_daily":false,"chose_seed":false,"campfire_upgraded":0,"win_rate":0.0,"timestamp":1613016685,"path_taken":["R","M","?","$","M","?","T","R","M","E","M","M","R","M","M","BOSS"],"items_purchased_type":["Card"],"build_version":"2020-12-22","purchased_purges":0,"victory":false,"max_hp_per_floor":[70,70,70,70,70,70,70,70,70,70,70,70,70,70,70,70,70,70],"card_choices":[{"not_picked":["bronze:Shell","bronze:Overload"],"picked":"bronze:Optimize","floor":2},{"not_picked":["bronze:Refactor","bronze:Invalidate"],"picked":"bronze:Shell","floor":4},{"not_picked":["bronze:Overheat","bronze:ItsAFeature"],"picked":"bronze:DelayedSlice","floor":5},{"not_picked":["bronze:BuggyMess","bronze:Backtrace"],"picked":"bronze:FineTuning","floor":6},{"not_picked":["bronze:Philosophize","bronze:CutThrough"],"picked":"bronze:WhirlingStrike","floor":9},{"not_picked":["bronze:BuggyMess","bronze:ClassDefault"],"picked":"bronze:ChildClass","floor":10},{"not_picked":["bronze:Branch","bronze:Safeguard"],"picked":"bronze:Shield","floor":11},{"not_picked":["bronze:BuggyMess","bronze:WildBeam"],"picked":"bronze:Separator","floor":12},{"not_picked":["bronze:Philosophize","bronze:ChildClass"],"picked":"bronze:RecursiveStrike","floor":14},{"not_picked":["bronze:CutThrough","bronze:Refactor"],"picked":"bronze:Shield","floor":15}],"player_experience":1913684,"relics_obtained":[{"floor":7,"key":"Matryoshka"},{"floor":10,"key":"Letter Opener"}],"event_choices":[],"is_beta":false,"boss_relics":[],"items_purged_floors":[],"is_endless":false,"potions_floor_spawned":[2,9,14],"killed_by":"IC_STATUS_ARCHETYPE","ascension_level":13}}