{"host":"njruw0b0uprlitpx","time":1613073245,"event":{"mods":["2.2 Compatiblity","Act Like it!","Aspiration","Bartender","BaseMod","Better Altar","Better Match","Better Note","Better Sensory Stone","Better Skull","Better Third Choice","BetterRewards","Block Reminder","Colored Map","Colored Powertips","Curses Come First","Energized Spire","Hallownest","Jedi Mod","Keyboard Shortcuts","Minty Spire (QoL Compilation)","Quick Restart","Rare Cards Sparkle","Relic Stats","Replay The Spire","SacredBarkPlus","Spicy Shops","StSLib","SuperFastMode","The Blackbeard"],"gold_per_floor":[112,112,0,0,19,34,57,97,97,132,132,170,170,183,183,279,279,299,214,214,228,35,69,69,69,147,147,171,171,20,40,40,136,136,157,157,32,67,92,92,105,144,197,197,220,220,233,246,246,246],"floor_reached":51,"language":"ENG","playtime":1764,"items_purged":["Injury","Injury","Pain"],"score":2058,"play_id":"7f575c55-8a85-446a-84ad-9e6d76a84c6b","local_time":"20210211135405","is_ascension_mode":true,"campfire_choices":[{"data":"Armaments","floor":11,"key":"SMITH"},{"data":"Feel No Pain","floor":13,"key":"SMITH"},{"data":"Feed","floor":15,"key":"SMITH"},{"floor":24,"key":"REST"},{"data":"Corruption","floor":27,"key":"SMITH"},{"data":"ReplayTheSpireMod:LeadingStrike","floor":29,"key":"SMITH"},{"data":"Mind Blast","floor":32,"key":"SMITH"},{"floor":40,"key":"REST"},{"data":"Body Slam","floor":44,"key":"SMITH"},{"data":"Rupture","floor":49,"key":"SMITH"}],"circlet_count":0,"master_deck":["AscendersBane","Bash","Rupture+1","jedi:strikingstrike","Evolve","Armaments+1","Bludgeon","Fiend Fire","Feel No Pain+1","Metamorphosis+1","Shrug It Off+1","Headbutt","Feed+1","Carnage","Hemokinesis","Reaper","Entrench+1","Twin Strike","Hemogenesis","Corruption+1","Armaments+1","J.A.X.+1","Power Through+1","Clothesline","ReplayTheSpireMod:LeadingStrike+1","Double Tap+1","Bite","Bite","Bite","Bite","jedi:MakeshiftSword","True Grit+1","Mind Blast+1","Life Link","Offering+1","Combust","Uppercut","Body Slam+1","ReplayTheSpireMod:Muscle Training+1","Dark Shackles+1","Thunderclap","Shockwave+1","Pot Of Greed+1","Pot Of Greed+1","Pot Of Greed+1","Pot Of Greed+1","ReplayReversal+1","Exhume+1","Madness+1","Madness+1","Pot Of Greed+1","True Grit+1","Pommel Strike","Double Tap+1"],"relics":["Burning Blood","Durian","FossilizedHelix","Membership Card","Golden Idol","BargainBundle","aspiration:SeaSaltIceCream","Toxic Egg 2","Replay:PocketPolymizer","Divine Protection","Simple Rune","Power_Wrist","Replay:Grab Bag","Sozu","ReplayTheSpireMod:Onyx Gauntlets","aspiration:SecretTechniqueScroll","Pen Nib","ReplayTheSpireMod:TigerMarble","Replay:Baseball","Potion Belt","Mercury Hourglass","energizedSpire:RedRose","Replay:Rubber Ducky","Lizard Tail","Orichalcum","Grinning Jar"],"acts_visited":["Exordium","TheCity","TheBeyond"],"potions_floor_usage":[8,10,10,16],"damage_taken":[{"damage":0.0,"enemies":"Cultist","floor":1.0,"turns":3.0},{"damage":7.0,"enemies":"2 Louse","floor":5.0,"turns":2.0},{"damage":10.0,"enemies":"Small Slimes","floor":6.0,"turns":4.0},{"damage":13,"enemies":"3 Louse","floor":7,"turns":4},{"damage":30,"enemies":"3 Sentries","floor":8,"turns":6},{"damage":0,"enemies":"Gremlin Nob","floor":10,"turns":3},{"damage":9,"enemies":"3 Sentries","floor":12,"turns":6},{"damage":0,"enemies":"Blue Slaver","floor":14,"turns":2},{"damage":50,"enemies":"Hexaghost","floor":16,"turns":9},{"damage":0,"enemies":"Chosen","floor":18,"turns":2},{"damage":0,"enemies":"Spheric Guardian","floor":21,"turns":3},{"damage":41,"enemies":"Book of Stabbing","floor":23,"turns":4},{"damage":0,"enemies":"Snecko","floor":28,"turns":3},{"damage":0,"enemies":"Snake Plant","floor":31,"turns":1},{"damage":24,"enemies":"Automaton","floor":33,"turns":6},{"damage":31,"enemies":"3 Shapes","floor":35,"turns":3},{"damage":0,"enemies":"3 Darklings","floor":39,"turns":5},{"damage":27,"enemies":"Transient","floor":41,"turns":6},{"damage":0,"enemies":"R_Hoarder","floor":42,"turns":5},{"damage":12,"enemies":"Jaw Worm Horde","floor":45,"turns":3},{"damage":13,"enemies":"4 Shapes","floor":47,"turns":4},{"damage":0,"enemies":"Maw","floor":48,"turns":4},{"damage":31,"enemies":"Donu and Deca","floor":50,"turns":6}],"seed_played":"6109286244776742456","potions_obtained":[{"floor":8,"key":"Strength Potion"},{"floor":12,"key":"Regen Potion"}],"is_trial":false,"path_per_floor":["M","?","$","?","M","M","M","E","T","E","R","E","R","M","R","B",null,"M","?","?","M","$","E","R","?","T","R","M","R","$","M","R","B",null,"M","?","$","?","M","R","M","E","T","R","M","?","M","M","R","B",null],"character_chosen":"IRONCLAD","items_purchased":["FossilizedHelix","Membership Card","Rupture","jedi:strikingstrike","BloodPotion","BargainBundle","Armaments","Bludgeon","Fiend Fire","aspiration:SeaSaltIceCream","DistilledChaos","Feel No Pain","Metamorphosis","ReplayTheSpireMod:TigerMarble","Replay:Baseball","Clothesline","Rupture","Mind Blast","Replay:Rubber Ducky","Uppercut"],"campfire_rested":2,"item_purchase_floors":[0,0,0,0,0,3,3,3,3,3,3,3,3,22,22,22,30,30,37,37],"current_hp_per_floor":[79,79,79,79,78,74,67,59,59,65,65,62,62,68,68,43,74,84,84,84,88,88,53,79,61,61,61,61,61,61,61,61,47,58,35,35,35,11,26,44,43,61,61,61,61,50,43,61,61,54],"gold":246,"neow_bonus":"","is_daily":false,"chose_seed":false,"campfire_upgraded":8,"win_rate":0.0,"timestamp":1613073245,"path_taken":["M","?","$","?","M","?","?","E","T","E","R","E","R","M","R","BOSS","M","?","?","M","$","E","R","?","T","R","M","R","$","M","R","BOSS","M","?","$","?","?","R","?","E","T","R","M","?","M","?","R","BOSS"],"items_purchased_type":["Relic","Relic","Card","Card","Potion","Relic","Card","Card","Card","Relic","Potion","Card","Card","Relic","Relic","Card","Card","Card","Relic","Card"],"build_version":"2020-12-22","purchased_purges":3,"victory":true,"max_hp_per_floor":[80,80,80,80,80,80,80,80,80,80,80,80,80,80,80,84,84,88,88,88,88,88,88,88,61,61,61,61,61,61,61,61,61,61,61,61,61,61,61,61,61,61,61,61,61,61,61,61,61,61],"relic_stats":{"Sozu":6,"Lizard Tail":0,"counters":[38,144],"Golden Idol":155,"Pen Nib":[14],"Orichalcum":[18],"obtain_stats":[{"Divine Protection":9,"Replay:PocketPolymizer":8,"Singing Bowl":37,"Juzu Bracelet":6,"Whetstone":29,"Power_Wrist":12,"Burning Blood":0,"Replay:Rubber Ducky":37,"Sozu":17,"Centennial Puzzle":46,"Lizard Tail":38,"jedi:paperlyon":17,"DollysMirror":37,"MealTicket":8,"Chemical X":39,"Toxic Egg 2":3,"Red Skull":37,"Potion Belt":23,"energizedSpire:RedRose":34,"aspiration:StickyExplosives":24,"BargainBundle":3,"ReplayTheSpireMod:Ninjato":43,"ReplayTheSpireMod:CursedCoin":7,"Golden Idol":2,"Choco_Feather":7,"Dead Branch":47,"Replay:Grab Bag":17,"Pen Nib":19,"Omamori":40,"aspiration:SeaSaltIceCream":3,"aspiration:SecretTechniqueScroll":17,"Orichalcum":42,"Mercury Hourglass":26,"OrangePellets":37,"Anchor":21,"ReplayTheSpireMod:Spearhead":31,"Replay:Baseball":22,"Bird Faced Urn":48,"Molten Egg 2":3,"Simple Rune":10,"Bag of Marbles":9,"Durian":0,"ReplayTheSpireMod:TigerMarble":22,"Membership Card":0,"ReplayTheSpireMod:Onyx Gauntlets":17,"Grinning Jar":43,"Abe\u0027s Treasure":34,"FossilizedHelix":0},{"Divine Protection":20,"Replay:PocketPolymizer":20,"Singing Bowl":12,"Juzu Bracelet":3,"Whetstone":10,"Power_Wrist":22,"Burning Blood":0,"Replay:Rubber Ducky":31,"Sozu":24,"Centennial Puzzle":13,"Lizard Tail":31,"jedi:paperlyon":6,"DollysMirror":12,"MealTicket":4,"Chemical X":12,"Toxic Egg 2":16,"Red Skull":12,"Potion Belt":27,"energizedSpire:RedRose":30,"aspiration:StickyExplosives":9,"BargainBundle":16,"ReplayTheSpireMod:Ninjato":13,"ReplayTheSpireMod:CursedCoin":3,"Golden Idol":16,"Choco_Feather":3,"Dead Branch":13,"Replay:Grab Bag":24,"Pen Nib":25,"Omamori":13,"aspiration:SeaSaltIceCream":16,"aspiration:SecretTechniqueScroll":24,"Orichalcum":34,"Mercury Hourglass":27,"OrangePellets":12,"Anchor":8,"ReplayTheSpireMod:Spearhead":10,"Replay:Baseball":26,"Bird Faced Urn":14,"Molten Egg 2":2,"Simple Rune":21,"Bag of Marbles":4,"Durian":15,"ReplayTheSpireMod:TigerMarble":26,"Membership Card":15,"ReplayTheSpireMod:Onyx Gauntlets":24,"Grinning Jar":34,"Abe\u0027s Treasure":11,"FossilizedHelix":15},{"Divine Protection":70,"Replay:PocketPolymizer":70,"Singing Bowl":41,"Juzu Bracelet":8,"Whetstone":34,"Power_Wrist":79,"Burning Blood":0,"Replay:Rubber Ducky":112,"Sozu":90,"Centennial Puzzle":44,"Lizard Tail":112,"jedi:paperlyon":20,"DollysMirror":41,"MealTicket":12,"Chemical X":41,"Toxic Egg 2":54,"Red Skull":41,"Potion Belt":99,"energizedSpire:RedRose":109,"aspiration:StickyExplosives":31,"BargainBundle":54,"ReplayTheSpireMod:Ninjato":44,"ReplayTheSpireMod:CursedCoin":8,"Golden Idol":54,"Choco_Feather":8,"Dead Branch":44,"Replay:Grab Bag":90,"Pen Nib":92,"Omamori":44,"aspiration:SeaSaltIceCream":54,"aspiration:SecretTechniqueScroll":90,"Orichalcum":128,"Mercury Hourglass":99,"OrangePellets":41,"Anchor":28,"ReplayTheSpireMod:Spearhead":34,"Replay:Baseball":95,"Bird Faced Urn":48,"Molten Egg 2":4,"Simple Rune":73,"Bag of Marbles":12,"Durian":51,"ReplayTheSpireMod:TigerMarble":95,"Membership Card":51,"ReplayTheSpireMod:Onyx Gauntlets":90,"Grinning Jar":128,"Abe\u0027s Treasure":39,"FossilizedHelix":51}],"Burning Blood":176,"Mercury Hourglass":[154]},"card_choices":[{"not_picked":["Wild Strike","Warcry"],"picked":"Evolve","floor":1.0},{"not_picked":["True Grit+1","Replay:Undeath\u0027s Touch"],"picked":"Shrug It Off+1","floor":5.0},{"not_picked":["Wild Strike","ReplayTheSpireMod:Corrosion Curse+1"],"picked":"Headbutt","floor":6.0},{"not_picked":["jedi:fear+1","Flex+1"],"picked":"Cleave","floor":7},{"not_picked":["Sword Boomerang","Run Through"],"picked":"Feed","floor":8},{"not_picked":["Sever Soul","Ghostly Armor+1"],"picked":"Carnage","floor":10},{"not_picked":["Defy Death+1","ReplayReversal+1"],"picked":"Reaper","floor":12},{"not_picked":["Massacre","Pommel Strike"],"picked":"Twin Strike","floor":14},{"not_picked":["Bludgeon","Exhume+1"],"picked":"Corruption","floor":16},{"not_picked":["jedi:controlledanger+1","Sword Boomerang+1"],"picked":"Armaments+1","floor":18},{"not_picked":["Clash","ReplayTheSpireMod:Strike From Hell"],"picked":"Power Through+1","floor":21},{"not_picked":["Reckless Charge","Clothesline"],"picked":"ReplayTheSpireMod:LeadingStrike","floor":23},{"not_picked":["Pommel Strike","Cleave"],"picked":"True Grit+1","floor":28},{"not_picked":["Pommel Strike","Cleave"],"picked":"Life Link","floor":31},{"not_picked":["Fiend Fire","Feed"],"picked":"Offering+1","floor":33},{"not_picked":["Feel No Pain","Sword Boomerang+1"],"picked":"Combust","floor":35},{"not_picked":["Armaments+1","Wild Strike+1"],"picked":"Body Slam","floor":38},{"not_picked":["Defy Death+1","Shrug It Off+1"],"picked":"ReplayTheSpireMod:Muscle Training+1","floor":39},{"not_picked":["Run Through","jedi:fear+1"],"picked":"Thunderclap","floor":41},{"not_picked":["Warcry+1","Searing Blow+1"],"picked":"Shockwave+1","floor":42},{"not_picked":["Dark Embrace","Intimidate+1"],"picked":"Exhume+1","floor":45},{"not_picked":["Body Slam","Sever Soul"],"picked":"True Grit+1","floor":47},{"not_picked":["ReplayTheSpireMod:Strike From Hell+1","Replay:Undeath\u0027s Touch"],"picked":"Pommel Strike","floor":48}],"player_experience":1218662,"relics_obtained":[{"floor":8,"key":"Replay:PocketPolymizer"},{"floor":9,"key":"Divine Protection"},{"floor":10,"key":"Simple Rune"},{"floor":12,"key":"Power_Wrist"},{"floor":23,"key":"Potion Belt"},{"floor":26,"key":"Mercury Hourglass"},{"floor":38,"key":"Lizard Tail"},{"floor":42,"key":"Orichalcum"},{"floor":43,"key":"Grinning Jar"}],"event_choices":[{"damage_healed":0.0,"max_hp_gain":0.0,"max_hp_loss":0.0,"gold_gain":0.0,"event_name":"Golden Idol","player_choice":"Take Wound","floor":2.0,"gold_loss":0.0,"damage_taken":0.0,"relics_obtained":["Golden Idol"],"cards_obtained":["Injury"]},{"cards_removed":["Metamorphosis"],"damage_healed":0.0,"max_hp_gain":0.0,"max_hp_loss":0.0,"gold_gain":0.0,"event_name":"betterNote:BetterNote","player_choice":"Give","floor":4.0,"gold_loss":0.0,"damage_taken":0.0,"cards_obtained":["None"]},{"damage_healed":0,"gold_gain":0,"player_choice":"Obtained Relic","damage_taken":0,"relics_obtained":["Pen Nib"],"max_hp_gain":0,"max_hp_loss":0,"event_name":"Addict","floor":19,"gold_loss":85},{"damage_healed":0,"gold_gain":0,"player_choice":"Obtain J.A.X.","damage_taken":0,"max_hp_gain":0,"max_hp_loss":0,"event_name":"Drug Dealer","floor":20,"gold_loss":0,"cards_obtained":["J.A.X."]},{"damage_healed":0,"gold_gain":0,"player_choice":"Became a vampire","damage_taken":0,"max_hp_gain":0,"max_hp_loss":27,"event_name":"Vampires","floor":25,"gold_loss":0,"cards_obtained":["Bite","Bite","Bite","Bite","Bite"]},{"cards_removed":["Rupture"],"damage_healed":0,"gold_gain":0,"player_choice":"Removed Power","damage_taken":0,"max_hp_gain":0,"max_hp_loss":0,"event_name":"Falling","floor":36,"gold_loss":0},{"damage_healed":0,"gold_gain":0,"player_choice":"Embrace Madness","damage_taken":11,"max_hp_gain":0,"max_hp_loss":0,"event_name":"Winding Halls","floor":46,"gold_loss":0,"cards_obtained":["Madness","Madness"]}],"is_beta":false,"boss_relics":[{"not_picked":["Replay:Ancient Bell","Electric Blood"],"picked":"Replay:Grab Bag"},{"not_picked":["Painkiller Herb","energizedSpire:StickyHand"],"picked":"Sozu"},{"not_picked":["Busted Crown","jedi:hotpepper"],"picked":"ReplayTheSpireMod:Onyx Gauntlets"},{"not_picked":["SacredBark","Replay:Drink Me"],"picked":"aspiration:SecretTechniqueScroll"},{"not_picked":["Honey Jar","Runic Cube"],"picked":"energizedSpire:RedRose"}],"items_purged_floors":[3,22,30],"is_endless":false,"potions_floor_spawned":[6,8,12,16,18,31,33,35,39,48],"ascension_level":19}}