{"host":"1vy6j31128f61x2z","time":1613065253,"event":{"mods":["AchievementEnabler","BaseMod","Colored Powertips","Minty Spire (QoL Compilation)","Permanent Neow"],"gold_per_floor":[10,10,10,10,30,60,60,91,161,171,120,152,152,214,214,317,317,334,334,351,55,65,65,100,113,192,192,217,229,262,282,282,383,383,399,117,117,117,130,159,159,194,219,219,239,273,285,285,285,285],"floor_reached":51,"language":"ENG","playtime":3203,"items_purged":["Strike_B"],"score":1025,"play_id":"a8078599-54d4-4a32-a068-c46631e7ddd0","local_time":"20210211124053","is_ascension_mode":true,"campfire_choices":[{"data":"Dualcast","floor":7.0,"key":"SMITH"},{"data":"Scrape","floor":13.0,"key":"SMITH"},{"data":"Gash","floor":15.0,"key":"SMITH"},{"data":"Self Repair","floor":23.0,"key":"SMITH"},{"data":"Sunder","floor":27.0,"key":"SMITH"},{"data":"Gash","floor":32.0,"key":"SMITH"},{"data":"Scrape","floor":41,"key":"SMITH"},{"data":"FTL","floor":44,"key":"SMITH"},{"data":"Recycle","floor":49,"key":"SMITH"}],"circlet_count":0,"master_deck":["Strike_B","Strike_B+1","Defend_B+1","Defend_B","Defend_B+1","Zap+1","Dualcast+1","Hologram","Core Surge+1","Self Repair+1","Recycle+1","Sunder+1","Gash+1","Scrape+1","Coolheaded+1","Fission+1","Chill+1","Conserve Battery+1","Self Repair","Coolheaded+1","Chill+1","Recycle+1","Glacier+1","Self Repair","Gash+1","Multi-Cast+1","Fission+1","Scrape+1","FTL+1","Finesse+1","Gash+1","Steam Power+1","Skim+1","Go for the Eyes+1","Steam Power+1"],"relics":["Cracked Core","Dead Branch","Strawberry","Letter Opener","Toxic Egg 2","Shuriken","Toy Ornithopter","Nuclear Battery","Bronze Scales","Gremlin Horn","Ornamental Fan","Whetstone","SacredBark","Omamori","Molten Egg 2","War Paint","Pocketwatch"],"acts_visited":["Exordium","TheCity","TheBeyond"],"potions_floor_usage":[50,50,50,50,50],"damage_taken":[{"damage":1.0,"enemies":"Cultist","floor":1.0,"turns":3.0},{"damage":1.0,"enemies":"2 Louse","floor":5.0,"turns":2.0},{"damage":28.0,"enemies":"Lagavulin","floor":6.0,"turns":6.0},{"damage":17.0,"enemies":"Gremlin Nob","floor":8.0,"turns":4.0},{"damage":2.0,"enemies":"Jaw Worm","floor":10.0,"turns":2.0},{"damage":28.0,"enemies":"3 Sentries","floor":12.0,"turns":5.0},{"damage":6.0,"enemies":"Gremlin Nob","floor":14.0,"turns":3.0},{"damage":9.0,"enemies":"Hexaghost","floor":16.0,"turns":9.0},{"damage":12.0,"enemies":"Shell Parasite","floor":18.0,"turns":5.0},{"damage":0.0,"enemies":"Spheric Guardian","floor":20.0,"turns":2.0},{"damage":0.0,"enemies":"3 Cultists","floor":22.0,"turns":1.0},{"damage":12.0,"enemies":"Gremlin Leader","floor":24.0,"turns":4.0},{"damage":36.0,"enemies":"Snake Plant","floor":25.0,"turns":3.0},{"damage":0.0,"enemies":"Book of Stabbing","floor":28.0,"turns":3.0},{"damage":0.0,"enemies":"Shelled Parasite and Fungi","floor":29.0,"turns":3.0},{"damage":0.0,"enemies":"Gremlin Leader","floor":30.0,"turns":4.0},{"damage":0.0,"enemies":"Cultist and Chosen","floor":31.0,"turns":3.0},{"damage":32.0,"enemies":"Champ","floor":33.0,"turns":8.0},{"damage":0,"enemies":"3 Darklings","floor":35,"turns":4},{"damage":0,"enemies":"Orb Walker","floor":39,"turns":1},{"damage":0,"enemies":"Giant Head","floor":40,"turns":5},{"damage":0,"enemies":"Nemesis","floor":42,"turns":3},{"damage":15,"enemies":"Writhing Mass","floor":45,"turns":6},{"damage":0,"enemies":"Giant Head","floor":46,"turns":3},{"damage":0,"enemies":"4 Shapes","floor":47,"turns":2},{"damage":19,"enemies":"Donu and Deca","floor":50,"turns":6}],"seed_played":"-3412385482327770542","potions_obtained":[{"floor":12.0,"key":"Energy Potion"},{"floor":14.0,"key":"Dexterity Potion"},{"floor":18.0,"key":"Weak Potion"},{"floor":29.0,"key":"EntropicBrew"},{"floor":30.0,"key":"Strength Potion"},{"floor":33.0,"key":"DuplicationPotion"},{"floor":42,"key":"CultistPotion"}],"is_trial":false,"path_per_floor":["M","?","?","$","M","E","R","E","T","M","$","E","R","?","R","B",null,"M","?","M","$","M","R","E","M","T","R","E","M","E","M","R","B",null,"M","$","?","?","M","E","R","E","T","R","M","E","M","?","R","B",null],"character_chosen":"DEFECT","items_purchased":["Gash","Bronze Scales","Self Repair","Fission+1","Scrape","FTL"],"campfire_rested":0,"item_purchase_floors":[11,21,21,36,36,36],"current_hp_per_floor":[74,74,67,67,66,45,45,35,35,40,40,19,19,20,20,11,82,77,77,77,77,77,77,75,56,56,56,73,80,82,82,82,75,82,82,82,82,82,82,82,82,82,82,82,77,82,82,82,82,73],"gold":285,"neow_bonus":"ONE_RARE_RELIC","is_daily":false,"chose_seed":false,"campfire_upgraded":9,"win_rate":0.0,"timestamp":1613065253,"path_taken":["M","?","?","?","M","E","R","E","T","M","$","E","R","?","R","BOSS","M","?","M","?","M","R","E","?","T","R","E","M","E","M","R","BOSS","M","$","?","?","M","E","R","E","T","R","M","E","?","?","R","BOSS"],"items_purchased_type":["Card","Relic","Card","Card","Card","Card"],"build_version":"2020-12-22","purchased_purges":1,"victory":true,"max_hp_per_floor":[75,75,75,75,75,82,82,82,82,82,82,82,82,82,82,82,82,82,82,82,82,82,82,82,82,82,82,82,82,82,82,82,82,82,82,82,82,82,82,82,82,82,82,82,82,82,82,82,82,82],"card_choices":[{"not_picked":["Beam Cell","Streamline"],"picked":"Hologram","floor":1.0},{"not_picked":["Beam Cell","Loop"],"picked":"Core Surge","floor":5.0},{"not_picked":["Darkness","Auto Shields"],"picked":"Self Repair","floor":6.0},{"not_picked":["Streamline","Loop"],"picked":"Recycle","floor":8.0},{"not_picked":["Compile Driver","Cold Snap"],"picked":"Sunder","floor":10.0},{"not_picked":["Go for the Eyes","Genetic Algorithm+1"],"picked":"Scrape","floor":12.0},{"not_picked":["Compile Driver","Defragment"],"picked":"Coolheaded+1","floor":14.0},{"not_picked":["Amplify+1","Multi-Cast+1"],"picked":"Fission+1","floor":16.0},{"not_picked":["Hello World","Self Repair"],"picked":"Chill+1","floor":18.0},{"not_picked":["Sweeping Beam","Capacitor"],"picked":"Conserve Battery+1","floor":20.0},{"not_picked":["BootSequence+1","Beam Cell+1"],"picked":"Coolheaded+1","floor":22.0},{"not_picked":["Biased Cognition","Beam Cell"],"picked":"Chill+1","floor":24.0},{"not_picked":["Reinforced Body+1","Cold Snap"],"picked":"Recycle+1","floor":25.0},{"not_picked":["Sweeping Beam+1","Conserve Battery+1"],"picked":"Glacier+1","floor":28.0},{"not_picked":["Rebound+1","Sweeping Beam","Turbo+1"],"picked":"SKIP","floor":29.0},{"not_picked":["Barrage","Sweeping Beam"],"picked":"Self Repair","floor":30.0},{"not_picked":["Coolheaded+1","Rainbow+1"],"picked":"Gash","floor":31.0},{"not_picked":["Buffer","Amplify+1"],"picked":"Multi-Cast+1","floor":33.0},{"not_picked":["Conserve Battery+1","Rebound","Barrage+1"],"picked":"SKIP","floor":35},{"not_picked":["Sadistic Nature","Metamorphosis+1"],"picked":"Finesse+1","floor":37},{"not_picked":["Stack+1","Doom and Gloom"],"picked":"Steam Power+1","floor":39},{"not_picked":["Turbo+1","Sweeping Beam","Undo+1"],"picked":"SKIP","floor":40},{"not_picked":["Conserve Battery+1","Coolheaded+1"],"picked":"Defragment+1","floor":42},{"not_picked":["Hello World+1","Undo+1"],"picked":"Skim+1","floor":45},{"not_picked":["Doom and Gloom+1","Rebound+1"],"picked":"Go for the Eyes+1","floor":46},{"not_picked":["Rebound+1","Double Energy+1"],"picked":"Steam Power+1","floor":47}],"player_experience":52621,"relics_obtained":[{"floor":6.0,"key":"Strawberry"},{"floor":8.0,"key":"Letter Opener"},{"floor":9.0,"key":"Toxic Egg 2"},{"floor":12.0,"key":"Shuriken"},{"floor":14.0,"key":"Toy Ornithopter"},{"floor":24.0,"key":"Gremlin Horn"},{"floor":26.0,"key":"Ornamental Fan"},{"floor":28.0,"key":"Whetstone"},{"floor":40,"key":"Omamori"},{"floor":42,"key":"Molten Egg 2"},{"floor":43,"key":"War Paint"},{"floor":46,"key":"Pocketwatch"}],"event_choices":[{"damage_healed":0.0,"max_hp_gain":0.0,"max_hp_loss":0.0,"gold_gain":0.0,"event_name":"Living Wall","player_choice":"Grow","floor":2.0,"gold_loss":0.0,"damage_taken":0.0,"cards_upgraded":["Zap"]},{"cards_removed":["Defend_B"],"damage_healed":0.0,"max_hp_gain":0.0,"max_hp_loss":0.0,"gold_gain":0.0,"event_name":"Golden Wing","player_choice":"Card Removal","floor":3.0,"gold_loss":0.0,"damage_taken":7.0},{"damage_healed":0.0,"max_hp_gain":0.0,"max_hp_loss":0.0,"gold_gain":0.0,"event_name":"Dead Adventurer","player_choice":"Searched \u00271\u0027 times","floor":14.0,"gold_loss":0.0,"damage_taken":0.0},{"cards_removed":["Strike_B"],"damage_healed":0.0,"max_hp_gain":0.0,"max_hp_loss":0.0,"gold_gain":0.0,"event_name":"Wheel of Change","player_choice":"Card Removal","floor":19.0,"gold_loss":0.0,"damage_taken":0.0},{"damage_healed":0,"gold_gain":0,"player_choice":"Memory 1","damage_taken":0,"max_hp_gain":0,"max_hp_loss":0,"event_name":"SensoryStone","floor":37,"gold_loss":0},{"damage_healed":0,"gold_gain":0,"player_choice":"Copied","damage_taken":0,"max_hp_gain":0,"max_hp_loss":0,"event_name":"Duplicator","floor":38,"gold_loss":0,"cards_obtained":["Gash"]},{"cards_removed":["Defragment"],"damage_healed":0,"gold_gain":0,"player_choice":"Removed Power","damage_taken":0,"max_hp_gain":0,"max_hp_loss":0,"event_name":"Falling","floor":48,"gold_loss":0}],"is_beta":false,"boss_relics":[{"not_picked":["Sozu","Cursed Key"],"picked":"Nuclear Battery"},{"not_picked":["Calling Bell","Black Star"],"picked":"SacredBark"}],"items_purged_floors":[21],"is_endless":false,"potions_floor_spawned":[12,14,18,29,30,33,40,42,46],"ascension_level":2}}