{"host":"pgm1p3lvdjflie30","time":1613035904,"event":{"mods":["AchievementEnabler","Alarm Clock","Aspiration","BaseMod","Challenge The Spire","Colored Map","Colored Powertips","Conspire","Dark Map","Energized Spire","GungeonMod","Hermit","HornydragonMod","Minty Spire (QoL Compilation)","Quarter Circle Forward PUNCH!","Quick Restart","Reimu（博???）","Relic Stats","Reliquary","Replay The Spire","Robot Space Explorer","Spicy Shops","StSLib","The Blackbeard","The Bug Knight","The Cursed","The Hayseed","The IronCluck","The Runesmith","Waifu the Spire","Yakumo Yukari mod","【功能Mod】混沌之?修复?丁","篝火指南"],"gold_per_floor":[17,28,1,76,89,89,49,49,49,49,49,49,69,89,101,118,118,223,223,240,255,271,289,289,289,289,289],"floor_reached":26,"language":"ZHS","playtime":1481,"items_purged":[],"score":202,"play_id":"fbaf5c4d-e929-498f-afec-4c5a20f117c0","local_time":"20210211173144","is_ascension_mode":false,"campfire_choices":[{"data":"Poisoned Stab","floor":6.0,"key":"SMITH"},{"data":"Dagger Spray","floor":8.0,"key":"SMITH"},{"data":"Sucker Punch","floor":12.0,"key":"SMITH"},{"data":"Die Die Die","floor":17.0,"key":"SMITH"},{"data":"Venomology","floor":25,"key":"SMITH"}],"circlet_count":0,"master_deck":["Strike_G","Strike_G","Strike_G","Strike_G","Strike_G","Defend_G","Defend_G","Defend_G","Defend_G","Defend_G","Survivor","Neutralize","Dagger Spray+1","Poisoned Stab+1","Sucker Punch+1","Dagger Throw","Hidden Blade","Poisoned Stab","Quick Slash","Die Die Die+1","Venomology+1","Slice","Crippling Poison","Blade Dance","Deflect"],"relics":["Ring of the Snake"],"acts_visited":["Exordium","TheCity"],"potions_floor_usage":[22,22,23,23,23],"damage_taken":[{"damage":0.0,"enemies":"Small Slimes","floor":1.0,"turns":4.0},{"damage":0.0,"enemies":"2 Louse","floor":2.0,"turns":2.0},{"damage":0.0,"enemies":"Cultist","floor":5.0,"turns":3.0},{"damage":0.0,"enemies":"Exordium Thugs","floor":13.0,"turns":3.0},{"damage":10.0,"enemies":"Lots of Slimes","floor":14.0,"turns":2.0},{"damage":5.0,"enemies":"3 Louse","floor":15.0,"turns":3.0},{"damage":6.0,"enemies":"Exordium Thugs","floor":16.0,"turns":3.0},{"damage":46.0,"enemies":"Hexaghost","floor":18.0,"turns":8.0},{"damage":5.0,"enemies":"3 Byrds","floor":20.0,"turns":3.0},{"damage":29.0,"enemies":"Spheric Guardian","floor":21.0,"turns":4.0},{"damage":17,"enemies":"conspire:HollyBat","floor":22,"turns":7},{"damage":2,"enemies":"Cultist and Chosen","floor":23,"turns":3},{"damage":33,"enemies":"Snecko","floor":26,"turns":4}],"seed_played":"109498032327956061","potions_obtained":[{"floor":7.0,"key":"LiquidMemories"},{"floor":7.0,"key":"SmokeBomb"},{"floor":7.0,"key":"Fire Potion"},{"floor":13.0,"key":"DemoMod:LeadSkinPotion"},{"floor":21.0,"key":"Block Potion"},{"floor":22,"key":"SpeedPotion"}],"is_trial":false,"path_per_floor":["M","M","$","?","M","R","?","R","T","PTL","PTL","R","M","M","M","M","R","B",null,"M","M","M","M","?","R","M"],"character_chosen":"THE_SILENT","items_purchased":["Sucker Punch"],"campfire_rested":0,"item_purchase_floors":[3],"current_hp_per_floor":[84,84,84,73,73,73,73,73,73,73,73,73,73,63,58,52,52,6,84,79,50,33,31,31,31,0,0],"gold":289,"neow_bonus":"TWENTY_PERCENT_HP_BONUS","is_daily":false,"chose_seed":false,"campfire_upgraded":5,"win_rate":0.0,"timestamp":1613035904,"path_taken":["M","M","$","?","M","R","?","R","T","PTL","PTL","R","?","M","M","M","R","BOSS","M","M","M","M","?","R","M"],"items_purchased_type":["Card"],"build_version":"2020-12-22","purchased_purges":0,"victory":false,"max_hp_per_floor":[84,84,84,84,84,84,84,84,84,84,84,84,84,84,84,84,84,84,84,84,84,84,84,84,84,84,84],"relic_stats":{"counters":[13,49],"obtain_stats":[{"DemoMod:GlassGuonStoneRelic":5,"Ring of the Snake":0},{"DemoMod:GlassGuonStoneRelic":3,"Ring of the Snake":0},{"DemoMod:GlassGuonStoneRelic":9,"Ring of the Snake":0}],"Ring of the Snake":[26]},"card_choices":[{"not_picked":["Dagger Throw","Leg Sweep"],"picked":"Dagger Spray","floor":1.0},{"not_picked":["Underhanded Strike","Hidden Blade"],"picked":"Poisoned Stab","floor":2.0},{"not_picked":["Replay:Poison Smokescreen","Escape Plan"],"picked":"Dagger Throw","floor":5.0},{"not_picked":["Finisher","Footwork"],"picked":"Hidden Blade","floor":13.0},{"not_picked":["Hidden Blade","Flying Knee"],"picked":"Poisoned Stab","floor":14.0},{"not_picked":["Prepared","Choke"],"picked":"Quick Slash","floor":15.0},{"not_picked":["Dagger Spray","Quick Slash"],"picked":"Die Die Die","floor":16.0},{"not_picked":["Tools of the Trade","ReplayTheSpireMod:From All Sides"],"picked":"Venomology","floor":18.0},{"not_picked":["Deadly Poison","Cloak And Dagger"],"picked":"Slice","floor":20.0},{"not_picked":["Acrobatics","Fluid Movement"],"picked":"Crippling Poison","floor":21.0},{"not_picked":["Dagger Throw","Backflip"],"picked":"Blade Dance","floor":22},{"not_picked":["Finisher","conspire:DoublingDagger"],"picked":"Deflect","floor":23}],"player_experience":476949,"relics_obtained":[],"event_choices":[{"damage_healed":0.0,"max_hp_gain":0.0,"max_hp_loss":0.0,"gold_gain":75.0,"event_name":"World of Goop","player_choice":"Gather Gold","floor":4.0,"gold_loss":0.0,"damage_taken":11.0},{"damage_healed":0.0,"max_hp_gain":0.0,"max_hp_loss":0.0,"gold_gain":0.0,"event_name":"The Woman in Blue","player_choice":"Bought 3 Potions","floor":7.0,"gold_loss":0.0,"damage_taken":0.0},{"damage_healed":0,"gold_gain":0,"player_choice":"Ignored","damage_taken":0,"max_hp_gain":0,"max_hp_loss":0,"event_name":"WeMeetAgain","floor":24,"gold_loss":0}],"is_beta":false,"boss_relics":[{"not_picked":["conspire:SeveredTorchhead","Replay:Wanted Poster","Velvet Choker"]}],"items_purged_floors":[],"is_endless":false,"potions_floor_spawned":[13,14,15,21,22],"killed_by":"Snecko","ascension_level":0}}