{"host":"2lo6hma6kymb0g9i","time":1613029632,"event":{"mods":["BaseMod","Colored Map","DeckTracker","Minty Spire (QoL Compilation)"],"gold_per_floor":[112,37,37,37,88,128,128,161,212,137,156,180,180,216,216,311,311,336,359,409,409,446,491,503,179,204,580,599,599,617,325,325,419,419,437,437,455,224,224,268,268,268,268],"floor_reached":42,"language":"JPN","playtime":4635,"items_purged":["Strike_R","Defend_R","Defend_R"],"score":1135,"play_id":"3b2d5c31-a9a0-49c3-bf7a-c41e63dfbb0e","local_time":"20210211164712","is_ascension_mode":true,"campfire_choices":[{"data":"True Grit","floor":13.0,"key":"SMITH"},{"data":"Pommel Strike","floor":15.0,"key":"SMITH"},{"floor":29.0,"key":"REST"},{"data":"Armaments","floor":32.0,"key":"SMITH"},{"data":"Offering","floor":41.0,"key":"SMITH"}],"circlet_count":0,"master_deck":["AscendersBane","Strike_R+1","Defend_R","Defend_R","Bash","Dropkick+1","Pommel Strike+1","Shockwave","Sever Soul","True Grit+1","Offering+1","Offering","Disarm","Sentinel","Corruption","Disarm","Rage","Thunderclap","Armaments+1","Double Tap","Shrug It Off","Shrug It Off"],"relics":["Burning Blood","NeowsBlessing","Golden Idol","PreservedInsect","Happy Flower","Question Card","Potion Belt","Tiny Chest","Ice Cream","Black Star","MawBank","StrikeDummy","Blood Vial","Membership Card","CaptainsWheel","Old Coin","Singing Bowl","Thread and Needle","Cursed Key","Boot","Oddly Smooth Stone","Bronze Scales","Vajra"],"acts_visited":["Exordium","TheCity","TheBeyond"],"potions_floor_usage":[],"damage_taken":[{"damage":0.0,"enemies":"2 Louse","floor":1.0,"turns":1.0},{"damage":0.0,"enemies":"Gremlin Nob","floor":6.0,"turns":1.0},{"damage":0.0,"enemies":"3 Sentries","floor":8.0,"turns":2.0},{"damage":4.0,"enemies":"Small Slimes","floor":11.0,"turns":3.0},{"damage":5.0,"enemies":"Jaw Worm","floor":12.0,"turns":3.0},{"damage":17.0,"enemies":"Lagavulin","floor":14.0,"turns":4.0},{"damage":22.0,"enemies":"Hexaghost","floor":16.0,"turns":8.0},{"damage":21.0,"enemies":"3 Byrds","floor":18.0,"turns":5.0},{"damage":17.0,"enemies":"Shell Parasite","floor":19.0,"turns":2.0},{"damage":12.0,"enemies":"Centurion and Healer","floor":22.0,"turns":5.0},{"damage":12.0,"enemies":"Book of Stabbing","floor":23.0,"turns":4.0},{"damage":15.0,"enemies":"Slavers","floor":27.0,"turns":6.0},{"damage":13.0,"enemies":"3 Cultists","floor":28.0,"turns":5.0},{"damage":13.0,"enemies":"Chosen and Byrds","floor":30.0,"turns":6.0},{"damage":13.0,"enemies":"Champ","floor":33.0,"turns":13.0},{"damage":12.0,"enemies":"3 Darklings","floor":35.0,"turns":5.0},{"damage":12.0,"enemies":"Orb Walker","floor":37.0,"turns":2.0},{"damage":28.0,"enemies":"Nemesis","floor":40.0,"turns":6.0},{"damage":49,"enemies":"Reptomancer","floor":42,"turns":3}],"seed_played":"3651580138078067328","potions_obtained":[{"floor":1.0,"key":"Fire Potion"},{"floor":6.0,"key":"ColorlessPotion"},{"floor":12.0,"key":"CultistPotion"},{"floor":18.0,"key":"DuplicationPotion"},{"floor":27.0,"key":"Dexterity Potion"},{"floor":30.0,"key":"SkillPotion"},{"floor":35.0,"key":"BlessingOfTheForge"}],"is_trial":false,"path_per_floor":["M","?","?","?","T","E","?","E","T","$","M","M","R","E","R","B",null,"M","M","?","T","M","E","?","$","T","E","M","R","M","$","R","B",null,"M","?","M","$","?","E","R","E"],"character_chosen":"IRONCLAD","items_purchased":["Membership Card","CaptainsWheel","PowerPotion","Armaments","Thread and Needle","Weak Potion","Boot","Oddly Smooth Stone"],"campfire_rested":1,"item_purchase_floors":[25,25,31,31,31,31,38,38],"current_hp_per_floor":[74,74,51,25,25,31,26,32,32,32,34,35,35,24,24,8,58,43,32,32,32,26,20,20,20,20,13,10,33,30,30,30,25,66,64,64,60,60,60,40,40,0,0],"gold":268,"neow_bonus":"THREE_ENEMY_KILL","is_daily":false,"chose_seed":false,"campfire_upgraded":4,"win_rate":0.0,"timestamp":1613029632,"path_taken":["M","?","?","?","?","E","?","E","T","$","?","?","R","E","R","BOSS","M","M","?","?","M","E","?","$","T","E","M","R","M","$","R","BOSS","M","?","M","$","?","E","R","E"],"items_purchased_type":["Relic","Relic","Potion","Card","Relic","Potion","Relic","Relic"],"build_version":"2020-12-22","purchased_purges":3,"victory":false,"max_hp_per_floor":[75,75,75,75,75,75,75,75,75,75,75,75,75,75,75,75,75,75,75,75,75,75,75,75,75,75,75,77,77,79,79,79,79,79,81,81,81,81,77,77,77,77,77],"card_choices":[{"not_picked":["Ghostly Armor","Clash"],"picked":"Dropkick","floor":1.0},{"not_picked":["True Grit","Reckless Charge"],"picked":"Pommel Strike","floor":6.0},{"not_picked":["Bludgeon","Seeing Red","Wild Strike"],"picked":"Shockwave","floor":8.0},{"not_picked":["Cleave","Clothesline","Anger"],"picked":"Sever Soul","floor":11.0},{"not_picked":["Clothesline","Flame Barrier","Iron Wave"],"picked":"True Grit","floor":12.0},{"not_picked":["Thunderclap","Ghostly Armor","Clash"],"picked":"Offering","floor":14.0},{"not_picked":["Exhume","Berserk","Fiend Fire"],"picked":"Offering","floor":16.0},{"not_picked":["Armaments","Clothesline+1","Burning Pact"],"picked":"Disarm","floor":18.0},{"not_picked":["Clothesline","Havoc","Uppercut","Second Wind"],"picked":"SKIP","floor":19.0},{"not_picked":["Twin Strike","Second Wind","True Grit"],"picked":"Sentinel","floor":22.0},{"not_picked":["Immolate","Second Wind","Perfected Strike"],"picked":"Corruption","floor":23.0},{"not_picked":["Rampage","Searing Blow","Demon Form"],"picked":"Thunderclap","floor":27.0},{"not_picked":["Metallicize+1","Evolve","True Grit","Pommel Strike+1"],"picked":"Singing Bowl","floor":28.0},{"not_picked":["Clash","Perfected Strike","Headbutt","Warcry"],"picked":"Singing Bowl","floor":30.0},{"not_picked":["Barricade","Feed","Corruption"],"picked":"Double Tap","floor":33.0},{"not_picked":["Warcry","Wild Strike","Clothesline+1","Iron Wave"],"picked":"Singing Bowl","floor":35.0},{"not_picked":["Body Slam","Shockwave","Clash"],"picked":"Shrug It Off","floor":37.0},{"not_picked":["Hemokinesis","Cleave","Bludgeon"],"picked":"Shrug It Off","floor":40.0}],"player_experience":1168172,"relics_obtained":[{"floor":5.0,"key":"PreservedInsect"},{"floor":6.0,"key":"Happy Flower"},{"floor":8.0,"key":"Potion Belt"},{"floor":9.0,"key":"Tiny Chest"},{"floor":14.0,"key":"Ice Cream"},{"floor":21.0,"key":"MawBank"},{"floor":23.0,"key":"StrikeDummy"},{"floor":23.0,"key":"Blood Vial"},{"floor":27.0,"key":"Old Coin"},{"floor":27.0,"key":"Singing Bowl"},{"floor":40.0,"key":"Bronze Scales"},{"floor":40.0,"key":"Vajra"}],"event_choices":[{"cards_removed":["Strike_R"],"damage_healed":0.0,"max_hp_gain":0.0,"max_hp_loss":0.0,"gold_gain":0.0,"event_name":"The Cleric","player_choice":"Card Removal","floor":2.0,"gold_loss":75.0,"damage_taken":0.0},{"damage_healed":0.0,"max_hp_gain":0.0,"max_hp_loss":0.0,"gold_gain":0.0,"event_name":"Shining Light","player_choice":"Entered Light","floor":3.0,"gold_loss":0.0,"damage_taken":23.0,"cards_upgraded":["Strike_R","Dropkick"]},{"damage_healed":0.0,"max_hp_gain":0.0,"max_hp_loss":0.0,"gold_gain":0.0,"event_name":"Golden Idol","player_choice":"Take Damage","floor":4.0,"gold_loss":0.0,"damage_taken":26.0,"relics_obtained":["Golden Idol"]},{"damage_healed":0.0,"max_hp_gain":0.0,"max_hp_loss":0.0,"gold_gain":0.0,"event_name":"Scrap Ooze","player_choice":"Success","floor":7.0,"gold_loss":0.0,"damage_taken":5.0,"relics_obtained":["Question Card"]},{"damage_healed":0.0,"max_hp_gain":0.0,"max_hp_loss":0.0,"gold_gain":50.0,"event_name":"Nest","player_choice":"Stole From Cult","floor":20.0,"gold_loss":0.0,"damage_taken":0.0},{"damage_healed":0.0,"max_hp_gain":0.0,"max_hp_loss":0.0,"gold_gain":0.0,"cards_transformed":["Strike_R","Strike_R"],"event_name":"Drug Dealer","player_choice":"Became Test Subject","floor":24.0,"gold_loss":0.0,"damage_taken":0.0,"cards_obtained":["Disarm","Rage"]},{"damage_healed":0.0,"max_hp_gain":0.0,"max_hp_loss":0.0,"gold_gain":0.0,"event_name":"Tomb of Lord Red Mask","player_choice":"Ignored","floor":36.0,"gold_loss":0.0,"damage_taken":0.0},{"damage_healed":0.0,"max_hp_gain":0.0,"max_hp_loss":4.0,"gold_gain":0.0,"event_name":"Winding Halls","player_choice":"Max HP","floor":39.0,"gold_loss":0.0,"damage_taken":0.0}],"is_beta":false,"boss_relics":[{"not_picked":["Black Blood","Pandora\u0027s Box"],"picked":"Black Star"},{"not_picked":["Velvet Choker","Philosopher\u0027s Stone"],"picked":"Cursed Key"}],"items_purged_floors":[10,31,38],"is_endless":false,"potions_floor_spawned":[1,6,12,18,27,30,35],"killed_by":"Reptomancer","ascension_level":20}}