{"host":"w14xfy17z3c5mpoi","time":1613015911,"event":{"mods":["AchievementEnabler","BaseMod","Minty Spire (QoL Compilation)","Relic Stats"],"gold_per_floor":[116,130,146,157,157,170,170,205,205,205,223,223,223,248,248,367,367,383,402,317,46,70,70,70,70],"floor_reached":24,"language":"ENG","playtime":1295,"items_purged":["Strike_B"],"score":325,"play_id":"9e441e4e-afd1-4c6e-841e-fdfdde803f77","local_time":"20210210225831","is_ascension_mode":true,"campfire_choices":[{"floor":7,"key":"REST"},{"data":"Go for the Eyes","floor":10,"key":"SMITH"},{"data":"Beam Cell","floor":12,"key":"SMITH"},{"data":"Self Repair","floor":15,"key":"SMITH"},{"data":"Fission","floor":23,"key":"SMITH"}],"circlet_count":0,"master_deck":["Strike_B","Strike_B+1","Strike_B","Defend_B","Defend_B","Defend_B","Defend_B+1","Zap","Dualcast","Conserve Battery","Go for the Eyes+1","Beam Cell+1","Electrodynamics","Genetic Algorithm","Ball Lightning","Cold Snap","Self Repair+1","Fission+1","Cold Snap+1","Leap+1"],"relics":["Philosopher\u0027s Stone","Tiny Chest","Unceasing Top","Golden Idol","Calipers","Strange Spoon"],"acts_visited":["TheCity"],"potions_floor_usage":[8,11,16,16,22,22,24],"damage_taken":[{"damage":0,"enemies":"Cultist","floor":1,"turns":3},{"damage":1,"enemies":"Jaw Worm","floor":2,"turns":5},{"damage":0,"enemies":"Small Slimes","floor":3,"turns":3},{"damage":20,"enemies":"Exordium Thugs","floor":4,"turns":5},{"damage":10,"enemies":"Red Slaver","floor":6,"turns":3},{"damage":17,"enemies":"Lagavulin","floor":8,"turns":5},{"damage":0,"enemies":"Large Slime","floor":11,"turns":3},{"damage":0,"enemies":"2 Fungi Beasts","floor":14,"turns":3},{"damage":0,"enemies":"Hexaghost","floor":16,"turns":8},{"damage":10,"enemies":"Chosen","floor":18,"turns":5},{"damage":27,"enemies":"Shell Parasite","floor":19,"turns":6},{"damage":31,"enemies":"Snecko","floor":22,"turns":9},{"damage":40,"enemies":"Gremlin Leader","floor":24,"turns":5}],"seed_played":"-442132738716834912","potions_obtained":[{"floor":2,"key":"FocusPotion"},{"floor":4,"key":"Block Potion"},{"floor":6,"key":"AttackPotion"},{"floor":8,"key":"Swift Potion"},{"floor":16,"key":"GamblersBrew"},{"floor":19,"key":"Regen Potion"}],"is_trial":false,"path_per_floor":["M","M","M","M","?","M","R","E","T","R","M","R","?","M","R","B",null,"M","M","?","$","M","R","E"],"character_chosen":"DEFECT","items_purchased":["Strange Spoon","SkillPotion"],"campfire_rested":1,"item_purchase_floors":[21,21],"current_hp_per_floor":[68,67,67,47,32,22,44,27,27,27,27,27,9,9,9,19,61,61,44,44,44,38,38,0,0],"gold":70,"neow_bonus":"BOSS_RELIC","is_daily":false,"chose_seed":false,"campfire_upgraded":4,"win_rate":0.0,"timestamp":1613015911,"path_taken":["M","M","?","M","?","M","R","E","T","R","M","R","?","M","R","BOSS","M","M","?","$","M","R","E"],"items_purchased_type":["Relic","Potion"],"build_version":"2020-12-22","purchased_purges":1,"victory":false,"max_hp_per_floor":[75,75,75,75,75,75,75,75,75,75,75,75,75,75,75,75,75,75,75,75,75,75,75,75,75],"relic_stats":{"Strange Spoon":[7],"counters":[13,63],"Golden Idol":41,"Tiny Chest":0,"obtain_stats":[{"Strange Spoon":21,"Calipers":20,"Golden Idol":13,"Philosopher\u0027s Stone":0,"Tiny Chest":8,"Cracked Core":0,"Unceasing Top":9},{"Strange Spoon":11,"Calipers":11,"Golden Idol":7,"Philosopher\u0027s Stone":0,"Tiny Chest":6,"Cracked Core":0,"Unceasing Top":6},{"Strange Spoon":49,"Calipers":49,"Golden Idol":27,"Philosopher\u0027s Stone":0,"Tiny Chest":24,"Cracked Core":0,"Unceasing Top":24}],"Unceasing Top":[7]},"card_choices":[{"not_picked":["Rebound","Heatsinks"],"picked":"Conserve Battery","floor":1},{"not_picked":["Coolheaded","Force Field"],"picked":"Go for the Eyes","floor":2},{"not_picked":["Gash","Recycle"],"picked":"Beam Cell","floor":3},{"not_picked":["Cold Snap","Chill"],"picked":"Electrodynamics","floor":4},{"not_picked":["Sweeping Beam","Chill"],"picked":"Genetic Algorithm","floor":6},{"not_picked":["Tempest","Rebound"],"picked":"Ball Lightning","floor":8},{"not_picked":["Sweeping Beam","Compile Driver"],"picked":"Cold Snap","floor":11},{"not_picked":["Gash","Rebound"],"picked":"Self Repair","floor":14},{"not_picked":["Machine Learning","All For One"],"picked":"Fission","floor":16},{"not_picked":["Gash+1","Hologram","Skim"],"picked":"SKIP","floor":18},{"not_picked":["Gash+1","Streamline"],"picked":"Cold Snap+1","floor":19},{"not_picked":["Turbo","Rainbow"],"picked":"Leap+1","floor":22}],"player_experience":622034,"relics_obtained":[{"floor":8,"key":"Tiny Chest"},{"floor":9,"key":"Unceasing Top"}],"event_choices":[{"damage_healed":0,"gold_gain":0,"player_choice":"Entered Light","damage_taken":15,"max_hp_gain":0,"max_hp_loss":0,"event_name":"Shining Light","floor":5,"gold_loss":0,"cards_upgraded":["Defend_B","Strike_B"]},{"damage_healed":0,"gold_gain":0,"player_choice":"Take Damage","damage_taken":18,"relics_obtained":["Golden Idol"],"max_hp_gain":0,"max_hp_loss":0,"event_name":"Golden Idol","floor":13,"gold_loss":0},{"damage_healed":0,"gold_gain":0,"player_choice":"Obtained Relic","damage_taken":0,"relics_obtained":["Calipers"],"max_hp_gain":0,"max_hp_loss":0,"event_name":"Addict","floor":20,"gold_loss":85}],"is_beta":false,"boss_relics":[{"not_picked":["Velvet Choker","Busted Crown","Sozu"]}],"items_purged_floors":[21],"is_endless":false,"potions_floor_spawned":[2,4,6,8,16,19],"killed_by":"Gremlin Leader","ascension_level":6}}