{"host":"h4lp0eeso8a0ssq0","time":1613068801,"event":{"mods":["2.2 Compatiblity","AchievementEnabler","BaseMod","CapriCore","Colored Map","Minty Spire (QoL Compilation)","StSLib","SuperFastMode"],"gold_per_floor":[112,112,34,34,51,83,8,40,87,87,102,102,136,163,163,250,250,275,275,299,322,31,31,31,31],"floor_reached":24,"language":"KOR","playtime":613,"items_purged":["Strike_G"],"score":474,"play_id":"5012a178-8fc1-47fb-b329-99ed8ae51a9a","local_time":"20210212034001","is_ascension_mode":true,"campfire_choices":[{"data":"Venomology","floor":10.0,"key":"SMITH"},{"floor":12.0,"key":"REST"},{"data":"Bouncing Flask","floor":15.0,"key":"SMITH"},{"floor":23,"key":"REST"}],"circlet_count":0,"master_deck":["AscendersBane","Strike_G","Defend_G","Defend_G","Defend_G","Defend_G","Defend_G","Survivor","Neutralize","Deflect","Unload","Bouncing Flask+1","Venomology+1","Cloak And Dagger","Dash","Calculated Gamble","PiercingWail","Reflex","Grand Finale","Expertise","Quick Slash","Adrenaline","Well Laid Plans"],"relics":["Ring of the Snake","NeowsBlessing","Tiny Chest","Vajra","Dream Catcher","Bag of Preparation","CeramicFish","Empty Cage","Akabeko"],"acts_visited":["Exordium","TheCity"],"potions_floor_usage":[21,24,24],"damage_taken":[{"damage":0.0,"enemies":"2 Louse","floor":1.0,"turns":1.0},{"damage":0.0,"enemies":"Jaw Worm","floor":5.0,"turns":1.0},{"damage":0.0,"enemies":"Gremlin Nob","floor":6.0,"turns":1.0},{"damage":25.0,"enemies":"Lagavulin","floor":8.0,"turns":4.0},{"damage":0.0,"enemies":"Small Slimes","floor":11.0,"turns":3.0},{"damage":15.0,"enemies":"3 Sentries","floor":13.0,"turns":9.0},{"damage":3.0,"enemies":"Blue Slaver","floor":14.0,"turns":3.0},{"damage":11.0,"enemies":"Hexaghost","floor":16.0,"turns":8.0},{"damage":7.0,"enemies":"Shell Parasite","floor":18.0,"turns":7.0},{"damage":32,"enemies":"Chosen","floor":21,"turns":5},{"damage":22,"enemies":"Slavers","floor":24,"turns":5}],"seed_played":"7916406768681578524","potions_obtained":[{"floor":5.0,"key":"Swift Potion"},{"floor":6.0,"key":"ColorlessPotion"},{"floor":16.0,"key":"Ancient Potion"},{"floor":21,"key":"Poison Potion"}],"is_trial":false,"path_per_floor":["M","?","$","?","M","E","?","E","T","R","M","R","E","M","R","B",null,"M","?","T","M","$","R","E"],"character_chosen":"THE_SILENT","items_purchased":["Unload","Adrenaline","Well Laid Plans"],"campfire_rested":2,"item_purchase_floors":[3,22,22],"current_hp_per_floor":[59,48,48,53,53,53,53,28,28,28,28,49,34,31,31,20,58,51,51,51,19,19,40,18,18],"gold":31,"neow_bonus":"THREE_ENEMY_KILL","is_daily":false,"chose_seed":false,"campfire_upgraded":2,"win_rate":0.0,"timestamp":1613068801,"path_taken":["M","?","$","?","M","E","?","E","T","R","M","R","E","M","R","BOSS","M","?","?","M","$","R","E"],"items_purchased_type":["Card","Card","Card"],"build_version":"2020-12-22","purchased_purges":1,"victory":false,"max_hp_per_floor":[66,66,66,71,71,71,71,71,71,71,71,71,71,71,71,71,71,71,71,71,71,71,71,71,71],"card_choices":[{"not_picked":["Prepared","Underhanded Strike"],"picked":"Deflect","floor":1.0},{"not_picked":["Backflip","Eviscerate"],"picked":"Bouncing Flask","floor":5.0},{"not_picked":["Bane","Underhanded Strike"],"picked":"Venomology","floor":6.0},{"not_picked":["Prepared","Setup"],"picked":"Cloak And Dagger","floor":8.0},{"not_picked":["Flechettes","Outmaneuver"],"picked":"Dash","floor":11.0},{"not_picked":["Distraction","Sucker Punch"],"picked":"Calculated Gamble","floor":12.0},{"not_picked":["Heel Hook","Bane"],"picked":"PiercingWail","floor":13.0},{"not_picked":["Dagger Throw","Accuracy"],"picked":"Reflex","floor":14.0},{"not_picked":["Storm of Steel","Doppelganger"],"picked":"Grand Finale","floor":16.0},{"not_picked":["Deflect","Endless Agony"],"picked":"Expertise","floor":18.0},{"not_picked":["Flechettes","Flying Knee"],"picked":"Quick Slash","floor":21}],"player_experience":222996,"relics_obtained":[{"floor":6.0,"key":"Vajra"},{"floor":8.0,"key":"Dream Catcher"},{"floor":9.0,"key":"Bag of Preparation"},{"floor":13.0,"key":"CeramicFish"},{"floor":20.0,"key":"Akabeko"}],"event_choices":[{"damage_healed":0.0,"max_hp_gain":0.0,"max_hp_loss":0.0,"gold_gain":0.0,"event_name":"Scrap Ooze","player_choice":"Success","floor":2.0,"gold_loss":0.0,"damage_taken":11.0,"relics_obtained":["Tiny Chest"]},{"damage_healed":0.0,"max_hp_gain":5.0,"max_hp_loss":0.0,"gold_gain":0.0,"event_name":"Big Fish","player_choice":"Donut","floor":4.0,"gold_loss":0.0,"damage_taken":0.0},{"cards_removed":["Strike_G"],"damage_healed":0.0,"max_hp_gain":0.0,"max_hp_loss":0.0,"gold_gain":0.0,"event_name":"The Cleric","player_choice":"Card Removal","floor":7.0,"gold_loss":75.0,"damage_taken":0.0}],"is_beta":false,"boss_relics":[{"not_picked":["WristBlade","Sozu"],"picked":"Empty Cage"}],"items_purged_floors":[22],"is_endless":false,"potions_floor_spawned":[5,6,16,21],"killed_by":"Slavers","ascension_level":20}}