{"host":"29uuqgkzqd703i93","time":1613076832,"event":{"mods":["BaseMod","Minty Spire (QoL Compilation)"],"gold_per_floor":[110,110,35,56,56,92,112,77,103,103,122,142,142,167,167,298,298,313,328,5,23,23,23],"floor_reached":22,"language":"ENG","playtime":1089,"items_purged":["Injury"],"score":188,"play_id":"7675ad15-c1c4-4b34-9826-70c735f135af","local_time":"20210211215352","is_ascension_mode":false,"campfire_choices":[{"floor":13,"key":"REST"},{"floor":15,"key":"REST"}],"circlet_count":0,"master_deck":["Strike_G","Strike_G","Strike_G","Strike_G","Strike_G","Defend_G","Defend_G","Defend_G","Defend_G","Defend_G","Survivor","Neutralize","Caltrops","Dodge and Roll","Poisoned Stab","Deadly Poison","Crippling Poison","Backflip","Bouncing Flask","A Thousand Cuts+1","Predator","Poisoned Stab+1","Apotheosis","Blur","Dagger Spray","Well Laid Plans+1"],"relics":["Ring of the Snake","Golden Idol","Potion Belt","Pen Nib","Frozen Egg 2","Black Star"],"acts_visited":["Exordium","TheCity"],"potions_floor_usage":[12,16,21,21,22,22,22],"damage_taken":[{"damage":3,"enemies":"2 Louse","floor":1,"turns":2},{"damage":2,"enemies":"Small Slimes","floor":4,"turns":3},{"damage":41,"enemies":"3 Sentries","floor":6,"turns":12},{"damage":4,"enemies":"Jaw Worm","floor":7,"turns":4},{"damage":18,"enemies":"Gremlin Gang","floor":11,"turns":4},{"damage":0,"enemies":"Large Slime","floor":12,"turns":5},{"damage":13,"enemies":"3 Louse","floor":14,"turns":3},{"damage":9,"enemies":"Hexaghost","floor":16,"turns":8},{"damage":28,"enemies":"Spheric Guardian","floor":18,"turns":5},{"damage":30,"enemies":"3 Byrds","floor":19,"turns":5},{"damage":9,"enemies":"Snecko","floor":21,"turns":5},{"damage":20,"enemies":"Cultist and Chosen","floor":22,"turns":4}],"seed_played":"2533352629855928109","potions_obtained":[{"floor":0,"key":"EssenceOfSteel"},{"floor":0,"key":"Fire Potion"},{"floor":0,"key":"LiquidMemories"},{"floor":7,"key":"CultistPotion"},{"floor":11,"key":"FearPotion"},{"floor":12,"key":"GamblersBrew"},{"floor":16,"key":"Swift Potion"},{"floor":18,"key":"LiquidBronze"}],"is_trial":false,"path_per_floor":["M","?","$","M","?","E","M","?","T","T","M","M","R","M","R","B",null,"M","M","$","M","M"],"character_chosen":"THE_SILENT","items_purchased":["Apotheosis","Blur","Dagger Spray"],"campfire_rested":2,"item_purchase_floors":[20,20,20],"current_hp_per_floor":[67,67,67,65,65,24,20,37,37,37,19,19,40,27,48,39,70,42,12,12,3,0,0],"gold":23,"neow_bonus":"THREE_SMALL_POTIONS","is_daily":false,"chose_seed":false,"campfire_upgraded":0,"win_rate":0.0,"timestamp":1613076832,"path_taken":["M","?","$","M","?","E","M","?","T","?","M","?","R","M","R","BOSS","M","M","$","?","M"],"items_purchased_type":["Card","Card","Card"],"build_version":"2020-12-22","purchased_purges":1,"victory":false,"max_hp_per_floor":[70,70,70,70,70,70,70,70,70,70,70,70,70,70,70,70,70,70,70,70,70,70,70],"card_choices":[{"not_picked":["Acrobatics","PiercingWail"],"picked":"Caltrops","floor":1},{"not_picked":["Escape Plan","Dagger Throw"],"picked":"Dodge and Roll","floor":4},{"not_picked":["Burst","Footwork"],"picked":"Poisoned Stab","floor":6},{"not_picked":["All Out Attack","Blade Dance"],"picked":"Deadly Poison","floor":7},{"not_picked":["Dodge and Roll","Backstab"],"picked":"Crippling Poison","floor":11},{"not_picked":["Flying Knee","Venomology"],"picked":"Backflip","floor":12},{"not_picked":["Deadly Poison","Sucker Punch"],"picked":"Bouncing Flask","floor":14},{"not_picked":["Unload","Die Die Die"],"picked":"A Thousand Cuts+1","floor":16},{"not_picked":["Outmaneuver","Quick Slash"],"picked":"Predator","floor":18},{"not_picked":["Acrobatics","Bane"],"picked":"Poisoned Stab+1","floor":19},{"not_picked":["Glass Knife","Underhanded Strike"],"picked":"Well Laid Plans+1","floor":21}],"player_experience":85779,"relics_obtained":[{"floor":6,"key":"Potion Belt"},{"floor":9,"key":"Pen Nib"},{"floor":10,"key":"Frozen Egg 2"}],"event_choices":[{"damage_healed":0,"gold_gain":0,"player_choice":"Take Wound","damage_taken":0,"relics_obtained":["Golden Idol"],"max_hp_gain":0,"max_hp_loss":0,"event_name":"Golden Idol","floor":2,"gold_loss":0,"cards_obtained":["Injury"]},{"damage_healed":0,"gold_gain":0,"player_choice":"Ignored","damage_taken":0,"max_hp_gain":0,"max_hp_loss":0,"event_name":"Shining Light","floor":5,"gold_loss":0},{"damage_healed":17,"gold_gain":0,"player_choice":"Healed","damage_taken":0,"max_hp_gain":0,"max_hp_loss":0,"event_name":"The Cleric","floor":8,"gold_loss":35}],"is_beta":false,"boss_relics":[{"not_picked":["Astrolabe","Velvet Choker"],"picked":"Black Star"}],"items_purged_floors":[3],"is_endless":false,"potions_floor_spawned":[7,11,12,16,18],"killed_by":"Cultist and Chosen","ascension_level":0}}