{"host":"8d5lz1qub9wfpdii","time":1613015645,"event":{"mods":["2.2 Compatiblity","AchievementEnabler","Act Like it!","Arknights","Aspiration","BaseMod","Beaked The Cultist","Bestiary","Better Altar","Better Match","Better Note","Better Skull","Better Third Choice","BetterRewards","Bossed Relics","Colored Powertips","Conspire","Downfall","Friendly Minions","GifTheSpireLib","Hallownest","Hermit","Hubris","Infinite Spire","Jorbs\u0027s Wanderer Trilogy","Minty Spire (QoL Compilation)","RNG Fix","Relic Stats","Replay The Spire","Shade Mod","Shop Mod","Spicy Shops","Spire Arcade","StSLib","Stuff the Spire","The Animator","The Blackbeard","The Bug Knight","The Clintock","The Forsaken","The Hayseed","The Hierophant","The Necromancer","The Runesmith","The Servant 0.9.4","Uncapped","Wandering Minibosses"],"gold_per_floor":[110,110,125,125,125,155,155,169,193,193,225,225,225,238,238,238,238],"floor_reached":16,"language":"ENG","playtime":704,"items_purged":[],"score":140,"play_id":"2ea313d2-0ce0-45ca-b6ff-029f601e31c4","local_time":"20210211142405","is_ascension_mode":true,"campfire_choices":[{"data":"Life_Tap","floor":7,"key":"SMITH"},{"floor":12,"key":"REST"},{"data":"Death_March_Dance","floor":12,"key":"SMITH"}],"circlet_count":0,"master_deck":["Strike_W","Strike_W","Strike_W","Strike_W","Defend_W","Defend_W","Defend_W","Negative_Energy_Arrows","Summon_Undead_Army","Bone_Armory+1","Death_March_Dance+1","Requiem+1","StuffTheSpire:CuriosityCurse","hubris:DuctTapeCard"],"relics":["Vampire_Amulet","NeowsBlessing","hubris:Towel","infinitespire:Magic Flask","StuffTheSpire:Barrel","Bag of Marbles","hubris:DuctTape"],"acts_visited":["Exordium"],"potions_floor_usage":[11,11],"damage_taken":[{"damage":0,"enemies":"ats:Genji","floor":1,"turns":1},{"damage":0,"enemies":"infinitespire:Voidling","floor":3,"turns":1},{"damage":0,"enemies":"HollowMod:MossKnight","floor":6,"turns":1},{"damage":1,"enemies":"Cultist","floor":8,"turns":4},{"damage":22,"enemies":"3 Sentries","floor":11,"turns":5},{"damage":43,"enemies":"3 Louse","floor":14,"turns":6},{"damage":82,"enemies":"Fading Forest","floor":16,"turns":10}],"seed_played":"2336300172694397694","potions_obtained":[{"floor":3,"key":"EssenceOfSteel"},{"floor":6,"key":"LiquidBronze"},{"floor":8,"key":"Explosive Potion"}],"is_trial":false,"path_per_floor":["M","$","M","?","?","E","R","M","T","?","E","R","?","M","R","B"],"character_chosen":"NECROMANCER","items_purchased":[],"campfire_rested":1,"item_purchase_floors":[],"current_hp_per_floor":[75,75,75,75,75,75,75,75,75,75,59,75,75,44,66,0,0],"gold":238,"neow_bonus":"THREE_ENEMY_KILL","is_daily":false,"chose_seed":false,"campfire_upgraded":2,"win_rate":0.0,"timestamp":1613015645,"path_taken":["M","$","M","?","?","E","R","M","T","?","E","R","?","M","R","BOSS"],"items_purchased_type":[],"build_version":"2020-12-22","purchased_purges":0,"victory":false,"max_hp_per_floor":[75,75,75,75,75,75,75,75,75,75,75,75,75,75,75,75,75],"relic_stats":{"counters":[199,833],"obtain_stats":[{"StuffTheSpire:Barrel":6,"Hallownest:UnbreakableCardRelic":71,"StuffTheSpire:BottledEssence":56,"Whetstone":89,"Boot":40,"Replay:Wanted Poster":136,"conspire:GlowingRock":25,"infinitespire:ShieldingShard":9,"hubris:HerbalPaste":13,"aspiration:BabyByrd":13,"hubris:DeckOfHolding":105,"MealTicket":30,"HollowMod:PaleOreRelic":114,"Replay:Wax Seal":60,"m_SnakeCloak":47,"MerchantsRug":37,"hubris:MobiusCoin":6,"Blue Candle":40,"Eternal Feather":0,"infinitespire:Magic Flask":6,"aspiration:FrozenJewel":9,"Ooze Armor":51,"Unceasing Top":0,"hubris:Reverence":13,"Regal Pillow":56,"Blue Doll":149,"Painkiller Herb":34,"Bag of Preparation":113,"StuffTheSpire:GrapeVine":0,"Smiling Mask":108,"Ancient Tea Set":19,"Burning Blood":0,"Pet Ghost":29,"StuffTheSpire:OccultApparatus":30,"StuffTheSpire:Gunfinga":7,"Shovel":11,"Matryoshka":27,"infinitespire:Bottled Soul":111,"aspiration:AnachronicSnailShell":32,"hubris:CuriousFeather":44,"Chemical X":0,"hubris:ChampionShield":107,"infinitespire:Eraser":8,"Replay:Bottled Eggs":3,"wanderingMiniBosses:LockLocket":42,"hubris:GlazedTorus":0,"aspiration:ChemicalBlood":13,"StuffTheSpire:TintedRock":21,"Lee\u0027s Waffle":0,"Replay:M_StaffOfTheSnake":4,"NeowsBlessing":0,"Golden Idol":5,"Self Forming Clay":8,"blackbeard:LoadTheCannons":0,"Thread and Needle":148,"PreservedInsect":77,"infinitespire:Lucky Rock":87,"infinitespire:CheckeredPen":116,"Frozen Egg 2":128,"hubris:Towel":147,"MawBank":151,"Busted Crown":102,"StuffTheSpire:Mouthbags":39,"Durian":0,"Bottled Lightning":31,"Runesmith:AutoHammer":26,"hubris:CrackedHourglass":40,"conspire:DeflatedDodgeball":144,"ReplayTheSpireMod:Lightbulb":72,"infinitespire:Midas Blood":23,"Ice Cream":47,"Tiny House":17,"Calipers":24,"Gremlin Horn":9,"hubris:VirtuousBlindfold":34,"hubris:TerracottaHorce":91,"conspire:SeveredTorchhead":17,"Lizard Tail":143,"HornCleat":9,"aspiration:MobileForge":21,"conspire:DecoderRing":62,"Vampire_Amulet":27,"conspire:Dentures":99,"hubris:DuctTape":13,"aspiration:Nostalgia":4,"StuffTheSpire:ForceGauntlet":94,"Oddly Smooth Stone":4,"hubris:FruitBowl":5,"infinitespire:Beetle Shell":92,"Charon\u0027s Ashes":8,"aspiration:SeaSaltIceCream":47,"War Paint":26,"aspiration:HiddenCompartment":37,"hubris:Zylophone":0,"conspire:GiftBox":48,"Bottled Flame":11,"Bronze Scales":79,"StuffTheSpire:GreaterSneckoEye":39,"StuffTheSpire:DarkSteelAnvil":0,"StuffTheSpire:PointBlank":27,"Mirror":6,"StuffTheSpire:OldFever":43,"ReplayFunnel":0,"beaked:ShinyBauble":46,"Hallownest:StagBellRelic1":104,"theForsaken:ScaryMask":142,"Black Blood":34,"theForsaken:Lifeblossom":57,"aspiration:TomeofQuesting":6,"conspire:SpecialSausage":17,"hubris:SlimyHat":74,"Juzu Bracelet":130,"Incense Burner":14,"theForsaken:PlagueMask":22,"theForsaken:Gavel":10,"aspiration:StickyExplosives_weak":14,"Replay:Bandana":41,"Nunchaku":45,"hubris:Icosahedron":112,"hubris:Stopwatch":68,"StuffTheSpire:HeavyRock":82,"Pantograph":0,"Tiny Chest":11,"hubris:IronBody":5,"Red Mask":30,"Red Skull":6,"StuffTheSpire:Tea":9,"Gremlin Food":23,"hubris:KleinBottle":5,"ReplayTheSpireMod:Ninjato":91,"aspiration:FetidBarrel":6,"Replay:WaspNest":145,"White Beast Statue":31,"Mercury Hourglass":26,"Peace Pipe":133,"StuffTheSpire:HistoryBook":21,"infinitespire:Satchel":61,"Runesmith:UraniumAnvil":119,"aspiration:WatcherSkillbook":19,"StuffTheSpire:CocoNut":9,"Another Sword":25,"infinitespire:Burning Sword":85,"StuffTheSpire:Kangaroo":17,"Coffee Dripper":34,"Bag of Marbles":11,"hubris:Potato":125,"FossilizedHelix":0,"DeathKnight:SindragosasSkull":0},{"StuffTheSpire:Barrel":127,"Hallownest:UnbreakableCardRelic":32,"StuffTheSpire:BottledEssence":26,"Whetstone":39,"Boot":17,"Replay:Wanted Poster":59,"conspire:GlowingRock":12,"infinitespire:ShieldingShard":97,"hubris:HerbalPaste":169,"aspiration:BabyByrd":136,"hubris:DeckOfHolding":46,"MealTicket":176,"HollowMod:PaleOreRelic":49,"Replay:Wax Seal":27,"m_SnakeCloak":90,"MerchantsRug":16,"hubris:MobiusCoin":114,"Blue Candle":86,"Eternal Feather":65,"infinitespire:Magic Flask":195,"aspiration:FrozenJewel":115,"Ooze Armor":23,"Unceasing Top":161,"hubris:Reverence":70,"Regal Pillow":26,"Blue Doll":63,"Painkiller Herb":82,"Bag of Preparation":49,"StuffTheSpire:GrapeVine":189,"Smiling Mask":48,"Ancient Tea Set":120,"Burning Blood":0,"Pet Ghost":79,"StuffTheSpire:OccultApparatus":154,"StuffTheSpire:Gunfinga":133,"Shovel":135,"Matryoshka":173,"infinitespire:Bottled Soul":48,"aspiration:AnachronicSnailShell":154,"hubris:CuriousFeather":185,"Chemical X":65,"hubris:ChampionShield":47,"infinitespire:Eraser":69,"Replay:Bottled Eggs":190,"wanderingMiniBosses:LockLocket":87,"hubris:GlazedTorus":65,"aspiration:ChemicalBlood":146,"StuffTheSpire:TintedRock":74,"Lee\u0027s Waffle":92,"Replay:M_StaffOfTheSnake":67,"NeowsBlessing":111,"Golden Idol":132,"Self Forming Clay":143,"blackbeard:LoadTheCannons":138,"Thread and Needle":62,"PreservedInsect":35,"infinitespire:Lucky Rock":39,"infinitespire:CheckeredPen":51,"Frozen Egg 2":56,"hubris:Towel":62,"MawBank":64,"Busted Crown":45,"StuffTheSpire:Mouthbags":17,"Durian":105,"Bottled Lightning":81,"Runesmith:AutoHammer":152,"hubris:CrackedHourglass":17,"conspire:DeflatedDodgeball":62,"ReplayTheSpireMod:Lightbulb":32,"infinitespire:Midas Blood":75,"Ice Cream":187,"Tiny House":8,"Calipers":151,"Gremlin Horn":143,"hubris:VirtuousBlindfold":155,"hubris:TerracottaHorce":39,"conspire:SeveredTorchhead":72,"Lizard Tail":62,"HornCleat":69,"aspiration:MobileForge":74,"conspire:DecoderRing":27,"Vampire_Amulet":173,"conspire:Dentures":44,"hubris:DuctTape":197,"aspiration:Nostalgia":67,"StuffTheSpire:ForceGauntlet":40,"Oddly Smooth Stone":165,"hubris:FruitBowl":191,"infinitespire:Beetle Shell":40,"Charon\u0027s Ashes":115,"aspiration:SeaSaltIceCream":90,"War Paint":76,"aspiration:HiddenCompartment":84,"hubris:Zylophone":65,"conspire:GiftBox":91,"Bottled Flame":144,"Bronze Scales":35,"StuffTheSpire:GreaterSneckoEye":159,"StuffTheSpire:DarkSteelAnvil":65,"StuffTheSpire:PointBlank":77,"Mirror":142,"StuffTheSpire:OldFever":18,"ReplayFunnel":65,"beaked:ShinyBauble":20,"Hallownest:StagBellRelic1":46,"theForsaken:ScaryMask":62,"Black Blood":15,"theForsaken:Lifeblossom":27,"aspiration:TomeofQuesting":109,"conspire:SpecialSausage":147,"hubris:SlimyHat":34,"Juzu Bracelet":56,"Incense Burner":137,"theForsaken:PlagueMask":11,"theForsaken:Gavel":168,"aspiration:StickyExplosives_weak":71,"Replay:Bandana":18,"Nunchaku":185,"hubris:Icosahedron":48,"hubris:Stopwatch":31,"StuffTheSpire:HeavyRock":37,"Pantograph":65,"Tiny Chest":6,"hubris:IronBody":3,"Red Mask":80,"Red Skull":4,"StuffTheSpire:Tea":4,"Gremlin Food":151,"hubris:KleinBottle":191,"ReplayTheSpireMod:Ninjato":39,"aspiration:FetidBarrel":68,"Replay:WaspNest":62,"White Beast Statue":14,"Mercury Hourglass":12,"Peace Pipe":58,"StuffTheSpire:HistoryBook":103,"infinitespire:Satchel":27,"Runesmith:UraniumAnvil":52,"aspiration:WatcherSkillbook":102,"StuffTheSpire:CocoNut":128,"Another Sword":152,"infinitespire:Burning Sword":38,"StuffTheSpire:Kangaroo":170,"Coffee Dripper":178,"Bag of Marbles":197,"hubris:Potato":55,"FossilizedHelix":92,"DeathKnight:SindragosasSkull":65},{"StuffTheSpire:Barrel":476,"Hallownest:UnbreakableCardRelic":148,"StuffTheSpire:BottledEssence":131,"Whetstone":170,"Boot":94,"Replay:Wanted Poster":215,"conspire:GlowingRock":66,"infinitespire:ShieldingShard":335,"hubris:HerbalPaste":671,"aspiration:BabyByrd":504,"hubris:DeckOfHolding":186,"MealTicket":713,"HollowMod:PaleOreRelic":193,"Replay:Wax Seal":134,"m_SnakeCloak":312,"MerchantsRug":90,"hubris:MobiusCoin":413,"Blue Candle":300,"Eternal Feather":233,"infinitespire:Magic Flask":808,"aspiration:FrozenJewel":419,"Ooze Armor":126,"Unceasing Top":625,"hubris:Reverence":252,"Regal Pillow":131,"Blue Doll":224,"Painkiller Herb":292,"Bag of Preparation":193,"StuffTheSpire:GrapeVine":793,"Smiling Mask":191,"Ancient Tea Set":449,"Burning Blood":0,"Pet Ghost":283,"StuffTheSpire:OccultApparatus":589,"StuffTheSpire:Gunfinga":494,"Shovel":501,"Matryoshka":701,"infinitespire:Bottled Soul":191,"aspiration:AnachronicSnailShell":589,"hubris:CuriousFeather":770,"Chemical X":233,"hubris:ChampionShield":187,"infinitespire:Eraser":249,"Replay:Bottled Eggs":797,"wanderingMiniBosses:LockLocket":305,"hubris:GlazedTorus":233,"aspiration:ChemicalBlood":555,"StuffTheSpire:TintedRock":263,"Lee\u0027s Waffle":320,"Replay:M_StaffOfTheSnake":239,"NeowsBlessing":410,"Golden Idol":493,"Self Forming Clay":544,"blackbeard:LoadTheCannons":521,"Thread and Needle":223,"PreservedInsect":156,"infinitespire:Lucky Rock":170,"infinitespire:CheckeredPen":196,"Frozen Egg 2":208,"hubris:Towel":223,"MawBank":226,"Busted Crown":184,"StuffTheSpire:Mouthbags":94,"Durian":384,"Bottled Lightning":286,"Runesmith:AutoHammer":582,"hubris:CrackedHourglass":94,"conspire:DeflatedDodgeball":223,"ReplayTheSpireMod:Lightbulb":148,"infinitespire:Midas Blood":266,"Ice Cream":780,"Tiny House":44,"Calipers":579,"Gremlin Horn":544,"hubris:VirtuousBlindfold":597,"hubris:TerracottaHorce":170,"conspire:SeveredTorchhead":260,"Lizard Tail":223,"HornCleat":249,"aspiration:MobileForge":263,"conspire:DecoderRing":134,"Vampire_Amulet":701,"conspire:Dentures":180,"hubris:DuctTape":817,"aspiration:Nostalgia":239,"StuffTheSpire:ForceGauntlet":172,"Oddly Smooth Stone":644,"hubris:FruitBowl":801,"infinitespire:Beetle Shell":172,"Charon\u0027s Ashes":419,"aspiration:SeaSaltIceCream":312,"War Paint":271,"aspiration:HiddenCompartment":295,"hubris:Zylophone":233,"conspire:GiftBox":313,"Bottled Flame":550,"Bronze Scales":156,"StuffTheSpire:GreaterSneckoEye":614,"StuffTheSpire:DarkSteelAnvil":233,"StuffTheSpire:PointBlank":274,"Mirror":539,"StuffTheSpire:OldFever":101,"ReplayFunnel":233,"beaked:ShinyBauble":112,"Hallownest:StagBellRelic1":186,"theForsaken:ScaryMask":223,"Black Blood":84,"theForsaken:Lifeblossom":134,"aspiration:TomeofQuesting":403,"conspire:SpecialSausage":565,"hubris:SlimyHat":153,"Juzu Bracelet":208,"Incense Burner":514,"theForsaken:PlagueMask":60,"theForsaken:Gavel":663,"aspiration:StickyExplosives_weak":257,"Replay:Bandana":101,"Nunchaku":770,"hubris:Icosahedron":191,"hubris:Stopwatch":146,"StuffTheSpire:HeavyRock":164,"Pantograph":233,"Tiny Chest":33,"hubris:IronBody":14,"Red Mask":284,"Red Skull":23,"StuffTheSpire:Tea":23,"Gremlin Food":579,"hubris:KleinBottle":801,"ReplayTheSpireMod:Ninjato":170,"aspiration:FetidBarrel":244,"Replay:WaspNest":223,"White Beast Statue":76,"Mercury Hourglass":66,"Peace Pipe":212,"StuffTheSpire:HistoryBook":369,"infinitespire:Satchel":134,"Runesmith:UraniumAnvil":200,"aspiration:WatcherSkillbook":365,"StuffTheSpire:CocoNut":481,"Another Sword":582,"infinitespire:Burning Sword":167,"StuffTheSpire:Kangaroo":684,"Coffee Dripper":739,"Bag of Marbles":817,"hubris:Potato":206,"FossilizedHelix":320,"DeathKnight:SindragosasSkull":233}]},"card_choices":[{"not_picked":["Blood_Shield","Negative_Energy_Sphere"],"picked":"Summon_Undead_Army","floor":1},{"not_picked":["Bone_Bullets","Strike_from_Beyond"],"picked":"Life_Tap","floor":3},{"not_picked":["Pandemic","Negative_Energy_Shield"],"picked":"Bone_Armory","floor":6},{"not_picked":["Shackles_Of_Pain","Death_Knell"],"picked":"Death_March_Dance","floor":8},{"not_picked":["Life_Tap","Bone_Spikes","Necromantic_Selection"],"picked":"SKIP","floor":11},{"not_picked":["Consume_Illness","Death_March_Dance","Bone_Bullets"],"picked":"SKIP","floor":14}],"player_experience":106348,"relics_obtained":[{"floor":6,"key":"infinitespire:Magic Flask"},{"floor":9,"key":"StuffTheSpire:Barrel"},{"floor":11,"key":"Bag of Marbles"}],"event_choices":[],"is_beta":false,"boss_relics":[],"items_purged_floors":[],"is_endless":false,"potions_floor_spawned":[3,6,8],"killed_by":"Fading Forest","ascension_level":1}}