{"host":"6qo42zgaknezulyg","time":1613042085,"event":{"mods":["2.2 Compatiblity","BaseMod","Colored Map","Faster Ascension Climbing","Highlight Path","Keyboard Shortcuts","Minty Spire (QoL Compilation)","Permanent Neow","Quick Restart","StSLib","SuperFastMode","The Gatherer"],"gold_per_floor":[18,34,46,64,64,64,98,173,173,173,8,8,25,36,36,108,108,127,52,14,47,47,47,75,94,94,94,104,104,54,67,67,138,138,153,164,164,19,35,62,62,74,99,99,115,134,32,51,51,51,51],"floor_reached":52,"language":"ENG","playtime":4048,"items_purged":["Gatherer:Strike_Gatherer","Gatherer:FlowerWhip","Gatherer:RecipeChange","Gatherer:HeartToFruit"],"score":1733,"play_id":"5620b9c2-38f2-4dc6-98d8-57ccca7253e4","local_time":"20210211201445","is_ascension_mode":true,"metric_token":785,"campfire_choices":[{"data":"Gatherer:PotentialSlash","floor":6.0,"key":"SMITH"},{"floor":10.0,"key":"REST"},{"data":"Gatherer:FinishingStrike","floor":12.0,"key":"SMITH"},{"data":"Gatherer:AlchemyTrial","floor":15.0,"key":"SMITH"},{"data":"Gatherer:PoisonMastery","floor":23.0,"key":"SMITH"},{"data":"Gatherer:RottenStipe","floor":27.0,"key":"SMITH"},{"data":"Gatherer:BomberForm","floor":32.0,"key":"SMITH"},{"data":"Gatherer:Examine","floor":41.0,"key":"SMITH"},{"data":"Gatherer:Liquidism","floor":44.0,"key":"SMITH"},{"data":"Footwork","floor":49.0,"key":"SMITH"}],"circlet_count":0,"master_deck":["AscendersBane","Gatherer:Defend_Gatherer","Gatherer:Defend_Gatherer","Gatherer:Defend_Gatherer","Gatherer:Defend_Gatherer","Gatherer:Defend_Gatherer","Gatherer:Centralize","Gatherer:TacticalStrike","Gatherer:PotentialSlash+1","Gatherer:Duality","Gatherer:AlchemyTrial+1","Gatherer:Liquidism+1","Gatherer:FinishingStrike+1","Gatherer:WoolGloves","Gatherer:PoisonMastery+1","Gatherer:PotentialSlash+1","Gatherer:RottenStipe+1","Gatherer:Transmute+1","Gatherer:BomberForm+1","Gatherer:EnergyBasket+1","Gatherer:ScentOfRosmari+1","Gatherer:BomberForm+1","Gatherer:QuickSynthesis+1","Gatherer:Examine+1","Footwork+1","Gatherer:VenomBarrier","Gatherer:TacticalStrike+1"],"relics":["Gatherer:AlchemyBag","Strawberry","Ancient Tea Set","Membership Card","Velvet Choker","Red Mask","Meat on the Bone","Pantograph","Regal Pillow","Philosopher\u0027s Stone","Lee\u0027s Waffle","Pocketwatch","Orichalcum"],"acts_visited":["Exordium","TheCity","TheBeyond"],"potions_floor_usage":[51],"damage_taken":[{"damage":2.0,"enemies":"Small Slimes","floor":1.0,"turns":3.0},{"damage":2.0,"enemies":"Jaw Worm","floor":2.0,"turns":3.0},{"damage":6.0,"enemies":"2 Louse","floor":3.0,"turns":3.0},{"damage":8.0,"enemies":"Blue Slaver","floor":4.0,"turns":2.0},{"damage":12.0,"enemies":"3 Sentries","floor":7.0,"turns":7.0},{"damage":0.0,"enemies":"Large Slime","floor":13.0,"turns":3.0},{"damage":7.0,"enemies":"Exordium Thugs","floor":14.0,"turns":3.0},{"damage":24.0,"enemies":"Slime Boss","floor":16.0,"turns":10.0},{"damage":9.0,"enemies":"Chosen","floor":18.0,"turns":4.0},{"damage":4.0,"enemies":"Masked Bandits","floor":21.0,"turns":2.0},{"damage":14.0,"enemies":"Gremlin Leader","floor":24.0,"turns":2.0},{"damage":14.0,"enemies":"2 Thieves","floor":25.0,"turns":3.0},{"damage":0.0,"enemies":"Sentry and Sphere","floor":28.0,"turns":2.0},{"damage":6.0,"enemies":"Centurion and Healer","floor":31.0,"turns":6.0},{"damage":54.0,"enemies":"Collector","floor":33.0,"turns":8.0},{"damage":0.0,"enemies":"3 Shapes","floor":35.0,"turns":6.0},{"damage":53.0,"enemies":"3 Darklings","floor":36.0,"turns":4.0},{"damage":9.0,"enemies":"Transient","floor":39.0,"turns":6.0},{"damage":28.0,"enemies":"Nemesis","floor":40.0,"turns":5.0},{"damage":7.0,"enemies":"Sphere and 2 Shapes","floor":42.0,"turns":3.0},{"damage":38.0,"enemies":"Spire Growth","floor":45.0,"turns":5.0},{"damage":3.0,"enemies":"4 Shapes","floor":46.0,"turns":6.0},{"damage":1.0,"enemies":"Jaw Worm Horde","floor":48.0,"turns":2.0},{"damage":30.0,"enemies":"Donu and Deca","floor":50.0,"turns":10.0},{"damage":66,"enemies":"Time Eater","floor":51,"turns":10}],"seed_played":"7809017502194141366","potions_obtained":[{"floor":1.0,"key":"FearPotion"},{"floor":4.0,"key":"GamblersBrew"},{"floor":7.0,"key":"Energy Potion"},{"floor":24.0,"key":"Fire Potion"},{"floor":31.0,"key":"Energy Potion"},{"floor":33.0,"key":"Poison Potion"},{"floor":35.0,"key":"LiquidMemories"},{"floor":39.0,"key":"Regen Potion"}],"is_trial":false,"path_per_floor":["M","M","M","M","?","R","E","?","T","R","$","R","M","M","R","B",null,"M","?","$","?","$","R","E","M","T","R","M","?","$","M","R","B",null,"M","M","?","$","M","E","R","M","T","R","M","M","$","M","R","B","B",null],"character_chosen":"THE_GATHERER","items_purchased":["Membership Card","Lee\u0027s Waffle","Dexterity Potion"],"campfire_rested":1,"item_purchase_floors":[11,38,47],"current_hp_per_floor":[58,56,50,42,35,35,30,19,19,41,41,41,41,34,34,10,58,49,49,49,45,45,45,31,32,32,32,44,44,44,42,42,25,67,67,26,26,88,79,51,51,56,56,56,30,57,57,56,56,51,22],"gold":51,"neow_bonus":"TRANSFORM_TWO_CARDS","is_daily":false,"chose_seed":false,"campfire_upgraded":9,"win_rate":0.0,"timestamp":1613042085,"path_taken":["M","M","M","M","?","R","E","?","T","R","?","R","M","M","R","BOSS","M","?","$","?","?","R","E","M","T","R","?","?","?","M","R","BOSS","M","M","?","$","M","E","R","M","T","R","M","M","$","M","R","BOSS","BOSS"],"items_purchased_type":["Relic","Relic","Potion"],"build_version":"2020-12-22","purchased_purges":4,"victory":true,"max_hp_per_floor":[67,67,67,67,67,67,74,74,74,74,74,74,74,74,74,74,74,74,74,74,74,74,74,74,77,77,77,77,77,77,81,81,81,81,81,81,81,88,88,88,88,88,88,88,88,91,91,91,91,91,91],"card_choices":[{"not_picked":["Gatherer:SaveValuables","Gatherer:GatherMaterial"],"picked":"Gatherer:RecipeChange","floor":1.0},{"not_picked":["Gatherer:Convert","Gatherer:AcidicSpray"],"picked":"Gatherer:Duality","floor":2.0},{"not_picked":["Gatherer:BambuSword","Gatherer:Frenzy"],"picked":"Gatherer:AlchemyTrial","floor":3.0},{"not_picked":["Gatherer:WoolGloves","Gatherer:BigPouch"],"picked":"Gatherer:Liquidism","floor":4.0},{"not_picked":["Gatherer:FlowerPower","Gatherer:QuickSynthesis"],"picked":"Gatherer:FinishingStrike","floor":7.0},{"not_picked":["Gatherer:TreeGrowth","Gatherer:FlowerFalling"],"picked":"Gatherer:WoolGloves","floor":13.0},{"not_picked":["Gatherer:TreeGrowth","Gatherer:DrugPower","Gatherer:BalancedGrowth"],"picked":"SKIP","floor":14.0},{"not_picked":["Gatherer:Photoscythe","Gatherer:GrowBook"],"picked":"Gatherer:PoisonMastery","floor":16.0},{"not_picked":["Gatherer:Liquidism","Gatherer:WoolGloves+1"],"picked":"Gatherer:PotentialSlash+1","floor":18.0},{"not_picked":["Gatherer:WoolGloves","Gatherer:ScrollOfWall"],"picked":"Gatherer:RottenStipe","floor":21.0},{"not_picked":["Gatherer:AromaProtection","Gatherer:GlowingPlant"],"picked":"Gatherer:HeartToFruit","floor":24.0},{"not_picked":["Gatherer:DrugPower","Gatherer:QuickSynthesis"],"picked":"Gatherer:Transmute+1","floor":25.0},{"not_picked":["Gatherer:Frenzy","Gatherer:Pollute"],"picked":"Gatherer:BomberForm","floor":28.0},{"not_picked":["Gatherer:Herbalism","Gatherer:SaveValuables","Gatherer:BambuSword"],"picked":"SKIP","floor":31.0},{"not_picked":["Gatherer:CursedBlade","Gatherer:StoneFence"],"picked":"Gatherer:GrowBook","floor":33.0},{"not_picked":["Gatherer:FlowerFalling","Gatherer:MiningStrike"],"picked":"Gatherer:EnergyBasket+1","floor":35.0},{"not_picked":["Gatherer:FlowerPower","Gatherer:QuickSynthesis"],"picked":"Gatherer:ScentOfRosmari+1","floor":36.0},{"not_picked":["Gatherer:EnergyBasket","Gatherer:Frenzy"],"picked":"Gatherer:QuickSynthesis+1","floor":39.0},{"not_picked":["Gatherer:ScrollOfWall","Gatherer:AlchemyTrial"],"picked":"Gatherer:Examine","floor":40.0},{"not_picked":["Gatherer:Frenzy","Gatherer:CollectorsShot","Gatherer:GlowingPlant+1"],"picked":"SKIP","floor":42.0},{"not_picked":["Gatherer:GatherMaterial","Gatherer:AcidicSpray"],"picked":"Gatherer:VenomBarrier","floor":45.0},{"not_picked":["Gatherer:Pollute","Gatherer:CollectorsShot","Gatherer:GatherMaterial+1"],"picked":"SKIP","floor":46.0},{"not_picked":["Gatherer:AcidicSpray","Gatherer:RecoveryHerb"],"picked":"Gatherer:TacticalStrike+1","floor":48.0}],"player_experience":730064,"relics_obtained":[{"floor":7.0,"key":"Strawberry"},{"floor":9.0,"key":"Ancient Tea Set"},{"floor":21.0,"key":"Red Mask"},{"floor":24.0,"key":"Meat on the Bone"},{"floor":26.0,"key":"Pantograph"},{"floor":40.0,"key":"Pocketwatch"},{"floor":43.0,"key":"Orichalcum"}],"event_choices":[{"cards_removed":["Gatherer:Strike_Gatherer"],"damage_healed":0.0,"max_hp_gain":0.0,"max_hp_loss":0.0,"gold_gain":0.0,"event_name":"Golden Wing","player_choice":"Card Removal","floor":5.0,"gold_loss":0.0,"damage_taken":7.0},{"damage_healed":0.0,"max_hp_gain":0.0,"max_hp_loss":0.0,"gold_gain":75.0,"event_name":"World of Goop","player_choice":"Gather Gold","floor":8.0,"gold_loss":0.0,"damage_taken":11.0},{"cards_removed":["Gatherer:Strike_Gatherer"],"damage_healed":0.0,"max_hp_gain":0.0,"max_hp_loss":0.0,"gold_gain":0.0,"event_name":"Beggar","player_choice":"Gave Gold","floor":19.0,"gold_loss":75.0,"damage_taken":0.0},{"damage_healed":0.0,"max_hp_gain":0.0,"max_hp_loss":0.0,"gold_gain":0.0,"event_name":"Masked Bandits","player_choice":"Fought Bandits","floor":21.0,"gold_loss":0.0,"damage_taken":0.0},{"damage_healed":0.0,"max_hp_gain":0.0,"max_hp_loss":0.0,"gold_gain":0.0,"event_name":"WeMeetAgain","player_choice":"Gave Potion","floor":29.0,"gold_loss":0.0,"damage_taken":0.0,"relics_obtained":["Regal Pillow"]},{"damage_healed":0.0,"max_hp_gain":0.0,"max_hp_loss":0.0,"gold_gain":0.0,"event_name":"Duplicator","player_choice":"Copied","floor":37.0,"gold_loss":0.0,"damage_taken":0.0,"cards_obtained":["Gatherer:BomberForm"]}],"is_beta":false,"boss_relics":[{"not_picked":["SacredBark","Tiny House"],"picked":"Velvet Choker"},{"not_picked":["Pandora\u0027s Box","Black Star"],"picked":"Philosopher\u0027s Stone"}],"items_purged_floors":[20,30,38,47],"is_endless":false,"potions_floor_spawned":[1,4,7,18,24,31,33,35,39,45],"ascension_level":20}}