{"host":"pjgcdp3h1plnbocs","time":1613055586,"event":{"mods":["AchievementEnabler","BaseMod","Colored Map","Downfall","Highlight Path","Minty Spire (QoL Compilation)","StSLib"],"gold_per_floor":[119,119,131,151,101,130,130,156,180,200,102,131,131,166,166,267,267,278,126,41,59,59,92,103,134,134,154,189,32,48,48,48,146,146,164,164,176,0,0,31,50,63,89,101,132,132,7,36,36,36,36,36,36,62,62],"floor_reached":56,"language":"ENG","playtime":2590,"items_purged":["Strike_G","Neutralize","Blade Dance"],"score":2060,"play_id":"4c9f0b97-b296-4a45-8fe4-3dbc30ca019a","local_time":"20210211155946","is_ascension_mode":true,"campfire_choices":[{"data":"Neutralize","floor":7,"key":"SMITH"},{"floor":13,"key":"REST"},{"data":"Noxious Fumes","floor":15,"key":"SMITH"},{"data":"Footwork","floor":32,"key":"SMITH"},{"floor":49,"key":"RECALL"},{"data":"Caltrops","floor":52,"key":"SMITH"}],"circlet_count":0,"master_deck":["AscendersBane","Defend_G","Defend_G","Survivor","Neutralize+1","Blur","Noxious Fumes+1","Footwork+1","Venomology","Flash of Steel+1","Noxious Fumes","Caltrops+1","Acrobatics","Adrenaline","Footwork","Catalyst+1","Backflip+1","Blur+1","Deadly Poison+1"],"relics":["Ring of the Snake","Anchor","Orichalcum","Snake Skull","Matryoshka","Mercury Hourglass","Empty Cage","PreservedInsect","Blue Candle","Paper Crane","Omamori","Meat on the Bone","Prayer Wheel","Potion Belt","Cursed Key","Eternal Feather","Mummified Hand","Toxic Egg 2","Juzu Bracelet","Whetstone"],"acts_visited":["Exordium","TheCity","TheBeyond","TheEnding"],"potions_floor_usage":[12,14,16,16,21,23,24,25,25,27,28,33,37,40,41,42,44,45,50,54,55,55,55,55],"damage_taken":[{"damage":2,"enemies":"2 Louse","floor":1,"turns":3},{"damage":0,"enemies":"Cultist","floor":3,"turns":3},{"damage":0,"enemies":"Jaw Worm","floor":4,"turns":3},{"damage":28,"enemies":"Gremlin Nob","floor":6,"turns":5},{"damage":22,"enemies":"3 Sentries","floor":8,"turns":9},{"damage":2,"enemies":"Exordium Wildlife","floor":10,"turns":4},{"damage":11,"enemies":"Lagavulin","floor":12,"turns":9},{"damage":8,"enemies":"Gremlin Nob","floor":14,"turns":5},{"damage":16,"enemies":"Slime Boss","floor":16,"turns":10},{"damage":0,"enemies":"Chosen","floor":18,"turns":6},{"damage":5,"enemies":"2 Thieves","floor":21,"turns":4},{"damage":5,"enemies":"Slavers","floor":23,"turns":5},{"damage":0,"enemies":"Centurion and Healer","floor":24,"turns":6},{"damage":0,"enemies":"Gremlin Leader","floor":25,"turns":6},{"damage":8,"enemies":"Sentry and Sphere","floor":27,"turns":6},{"damage":7,"enemies":"Book of Stabbing","floor":28,"turns":5},{"damage":12,"enemies":"Snake Plant","floor":30,"turns":5},{"damage":19,"enemies":"Champ","floor":33,"turns":15},{"damage":0,"enemies":"3 Shapes","floor":35,"turns":6},{"damage":0,"enemies":"Orb Walker","floor":37,"turns":5},{"damage":0,"enemies":"Nemesis","floor":40,"turns":7},{"damage":5,"enemies":"Transient","floor":41,"turns":5},{"damage":1,"enemies":"Spire Growth","floor":42,"turns":6},{"damage":0,"enemies":"Jaw Worm Horde","floor":44,"turns":4},{"damage":0,"enemies":"Giant Head","floor":45,"turns":8},{"damage":0,"enemies":"Nemesis","floor":48,"turns":7},{"damage":0,"enemies":"Awakened One","floor":50,"turns":14},{"damage":4,"enemies":"Shield and Spear","floor":54,"turns":7},{"damage":53,"enemies":"The Heart","floor":55,"turns":9}],"seed_played":"3200381450333350039","potions_obtained":[{"floor":1,"key":"Regen Potion"},{"floor":8,"key":"FairyPotion"},{"floor":10,"key":"Block Potion"},{"floor":25,"key":"Dexterity Potion"},{"floor":37,"key":"PowerPotion"}],"is_trial":false,"path_per_floor":["M","?","M","M","?","E","R","E","T","M","$","E","R","E","R","B",null,"M","$","?","M","?","E","M","E","T","M","E","$","M","$","R","B",null,"M","?","M","$","?","E","M","M","T","M","E","?","$","E","R","B",null,"R","$","E","B",null],"character_chosen":"THE_SILENT","items_purchased":["Flash of Steel","Noxious Fumes","Potion Belt","Footwork"],"campfire_rested":1,"item_purchase_floors":[11,19,29,38],"current_hp_per_floor":[61,61,61,61,61,33,33,11,11,9,9,13,31,23,23,7,49,49,49,49,44,44,39,39,39,39,43,36,36,36,36,36,29,55,55,55,55,55,55,55,50,49,49,49,49,49,49,49,58,58,62,63,63,62,33],"gold":62,"neow_bonus":"REMOVE_TWO","is_daily":false,"chose_seed":false,"campfire_upgraded":4,"win_rate":0.0,"timestamp":1613055586,"path_taken":["M","?","M","?","?","E","R","E","T","M","?","E","R","E","R","BOSS","M","$","?","M","?","E","M","E","T","M","E","$","?","?","R","BOSS","M","?","M","$","?","E","?","M","T","M","E","?","?","E","R","BOSS","R","$","E","BOSS"],"items_purchased_type":["Card","Card","Relic","Card"],"build_version":"2020-12-22","purchased_purges":3,"victory":true,"max_hp_per_floor":[63,63,63,63,63,63,63,63,63,63,63,63,63,63,63,63,63,63,63,63,63,63,63,63,63,63,63,63,63,63,63,63,63,63,63,63,63,63,63,63,63,63,63,63,63,63,63,63,63,63,63,63,63,63,63],"card_choices":[{"not_picked":["Infinite Blades","Flying Knee"],"picked":"Blade Dance","floor":1},{"not_picked":["Sucker Punch","Poisoned Stab"],"picked":"Blur","floor":3},{"not_picked":["Flying Knee","Calculated Gamble"],"picked":"Noxious Fumes","floor":4},{"not_picked":["Crippling Poison","Bane","Sucker Punch"],"picked":"SKIP","floor":6},{"not_picked":["Blur","Underhanded Strike"],"picked":"Footwork","floor":8},{"not_picked":["Flying Knee","Accuracy"],"picked":"Venomology","floor":10},{"not_picked":["PiercingWail","Storm of Steel","Slice"],"picked":"SKIP","floor":12},{"not_picked":["All Out Attack","Prepared","Cloak And Dagger"],"picked":"SKIP","floor":14},{"not_picked":["Dagger Throw","Backstab","Reflex"],"picked":"SKIP","floor":18},{"not_picked":["Quick Slash","Outmaneuver","Finisher"],"picked":"SKIP","floor":21},{"not_picked":["Setup","Cloak And Dagger","Underhanded Strike"],"picked":"SKIP","floor":23},{"not_picked":["Endless Agony+1","Terror","Deflect"],"picked":"SKIP","floor":24},{"not_picked":["Outmaneuver","Calculated Gamble"],"picked":"Caltrops","floor":25},{"not_picked":["Prepared+1","Quick Slash+1"],"picked":"Acrobatics","floor":27},{"not_picked":["Sucker Punch","Deflect","Flying Knee+1"],"picked":"SKIP","floor":28},{"not_picked":["Tactician","PiercingWail+1","Dash"],"picked":"SKIP","floor":30},{"not_picked":["Eviscerate","Dagger Throw","Sucker Punch+1"],"picked":"SKIP","floor":30},{"not_picked":["Die Die Die","Bullet Time"],"picked":"Adrenaline","floor":33},{"not_picked":["Leg Sweep+1","Backstab+1","Calculated Gamble"],"picked":"SKIP","floor":35},{"not_picked":["Dodge and Roll+1","All Out Attack+1","Acrobatics"],"picked":"SKIP","floor":35},{"not_picked":["Acrobatics+1","Eviscerate","Dagger Spray+1"],"picked":"SKIP","floor":37},{"not_picked":["Prepared","Blade Dance","Dagger Throw"],"picked":"SKIP","floor":37},{"not_picked":["Slice","PiercingWail+1"],"picked":"Catalyst+1","floor":40},{"not_picked":["Cloak And Dagger","Dodge and Roll","Calculated Gamble+1"],"picked":"SKIP","floor":41},{"not_picked":["Backflip","Dash","Calculated Gamble+1"],"picked":"SKIP","floor":41},{"not_picked":["Dagger Throw","Poisoned Stab+1"],"picked":"Backflip+1","floor":42},{"not_picked":["Outmaneuver+1","Unload","Bane"],"picked":"SKIP","floor":42},{"not_picked":["Heel Hook","Corpse Explosion"],"picked":"Blur+1","floor":44},{"not_picked":["Sucker Punch+1","Heel Hook+1","Dagger Spray+1"],"picked":"SKIP","floor":44},{"not_picked":["Prepared+1","Setup+1","Masterful Stab+1"],"picked":"SKIP","floor":45},{"not_picked":["Infinite Blades+1","Poisoned Stab"],"picked":"Deadly Poison+1","floor":48},{"not_picked":["Prepared+1","All Out Attack","Expertise+1"],"picked":"SKIP","floor":54}],"player_experience":232674,"relics_obtained":[{"floor":6,"key":"Anchor"},{"floor":8,"key":"Orichalcum"},{"floor":9,"key":"Snake Skull"},{"floor":12,"key":"Matryoshka"},{"floor":14,"key":"Mercury Hourglass"},{"floor":23,"key":"Blue Candle"},{"floor":25,"key":"Paper Crane"},{"floor":26,"key":"Omamori"},{"floor":26,"key":"Meat on the Bone"},{"floor":28,"key":"Prayer Wheel"},{"floor":40,"key":"Eternal Feather"},{"floor":43,"key":"Mummified Hand"},{"floor":45,"key":"Toxic Egg 2"},{"floor":48,"key":"Juzu Bracelet"},{"floor":54,"key":"Whetstone"}],"event_choices":[{"damage_healed":0,"gold_gain":0,"player_choice":"1 cards matched","damage_taken":0,"max_hp_gain":0,"max_hp_loss":0,"event_name":"Match and Keep!","floor":2,"gold_loss":0,"cards_obtained":["Neutralize"]},{"cards_removed":["Defend_G"],"damage_healed":0,"gold_gain":0,"player_choice":"Card Removal","damage_taken":0,"max_hp_gain":0,"max_hp_loss":0,"event_name":"The Cleric","floor":5,"gold_loss":50},{"damage_healed":0,"gold_gain":0,"player_choice":"Obtained Relic","damage_taken":0,"relics_obtained":["PreservedInsect"],"max_hp_gain":0,"max_hp_loss":0,"event_name":"Addict","floor":20,"gold_loss":85},{"cards_removed":["Strike_G"],"damage_healed":0,"gold_gain":0,"player_choice":"Purged","damage_taken":0,"max_hp_gain":0,"max_hp_loss":0,"event_name":"Purifier","floor":22,"gold_loss":0},{"cards_removed":["Defend_G"],"damage_healed":0,"gold_gain":0,"player_choice":"Removed Skill","damage_taken":0,"max_hp_gain":0,"max_hp_loss":0,"event_name":"Falling","floor":36,"gold_loss":0},{"damage_healed":0,"gold_gain":0,"player_choice":"Ignored","damage_taken":0,"max_hp_gain":0,"max_hp_loss":0,"event_name":"SecretPortal","floor":39,"gold_loss":0},{"damage_healed":0,"gold_gain":0,"player_choice":"Memory 1","damage_taken":0,"max_hp_gain":0,"max_hp_loss":0,"event_name":"SensoryStone","floor":46,"gold_loss":0}],"is_beta":false,"boss_relics":[{"not_picked":["Fusion Hammer","Ring of the Serpent"],"picked":"Empty Cage"},{"not_picked":["Tiny House","Sozu"],"picked":"Cursed Key"}],"items_purged_floors":[19,38,47],"is_endless":false,"potions_floor_spawned":[1,8,10,12,24,25,27,37,41,44,48],"ascension_level":10}}