{"host":"a5lz0e76zb3fcwkm","time":1613013990,"event":{"mods":["AchievementEnabler","BaseMod","Colored Map","Colored Powertips","Minty Spire (QoL Compilation)","StSLib","SuperFastMode"],"gold_per_floor":[56,113,130,160,240,240,302,302,302,302,322,322,322,322],"floor_reached":13,"language":"KOR","playtime":283,"items_purged":[],"score":158,"play_id":"e8dd3819-b5bd-4474-81d4-7f478c9549d9","local_time":"20210211122630","is_ascension_mode":true,"campfire_choices":[{"data":"HandOfGreed","floor":6,"key":"SMITH"},{"data":"Deadly Poison","floor":8,"key":"SMITH"},{"data":"Deadly Poison","floor":10,"key":"SMITH"}],"circlet_count":0,"master_deck":["AscendersBane","Strike_G","Strike_G","Strike_G","Strike_G","Defend_G","Defend_G","Defend_G","Defend_G","Defend_G","Survivor","Neutralize","HandOfGreed+1","Deadly Poison+1","Deadly Poison+1","Acrobatics","Leg Sweep","Night Terror"],"relics":["Ring of the Snake"],"acts_visited":["Exordium"],"potions_floor_usage":[4,5],"damage_taken":[{"damage":0,"enemies":"Small Slimes","floor":1,"turns":7},{"damage":2,"enemies":"2 Louse","floor":2,"turns":5},{"damage":4,"enemies":"Cultist","floor":3,"turns":4},{"damage":5,"enemies":"Large Slime","floor":4,"turns":8},{"damage":19,"enemies":"Gremlin Gang","floor":5,"turns":6},{"damage":0,"enemies":"2 Fungi Beasts","floor":7,"turns":4},{"damage":5,"enemies":"Red Slaver","floor":11,"turns":3},{"damage":27,"enemies":"3 Sentries","floor":13,"turns":6}],"seed_played":"3313654518726923260","potions_obtained":[{"floor":1,"key":"Poison Potion"},{"floor":2,"key":"SneckoOil"}],"is_trial":false,"path_per_floor":["M","M","M","M","M","R","M","R","T","R","M","?","E"],"character_chosen":"THE_SILENT","items_purchased":[],"campfire_rested":0,"item_purchase_floors":[],"current_hp_per_floor":[59,57,53,48,29,29,29,29,29,29,24,24,0,0],"gold":322,"neow_bonus":"RANDOM_COLORLESS_2","is_daily":false,"chose_seed":false,"campfire_upgraded":3,"win_rate":0.0,"timestamp":1613013990,"path_taken":["M","M","M","M","M","R","M","R","T","R","M","?","E"],"items_purchased_type":[],"build_version":"2020-12-22","purchased_purges":0,"victory":false,"max_hp_per_floor":[66,66,66,66,66,66,66,66,66,66,66,66,66,66],"card_choices":[{"not_picked":["Violence","Secret Technique"],"picked":"HandOfGreed","floor":0},{"not_picked":["Underhanded Strike","Deflect"],"picked":"Deadly Poison","floor":1},{"not_picked":["Blade Dance","Bane","Outmaneuver"],"picked":"SKIP","floor":2},{"not_picked":["Riddle With Holes","Flying Knee","Slice"],"picked":"SKIP","floor":3},{"not_picked":["After Image","All Out Attack","Eviscerate"],"picked":"SKIP","floor":4},{"not_picked":["Backflip","Underhanded Strike"],"picked":"Deadly Poison","floor":5},{"not_picked":["Outmaneuver","Predator"],"picked":"Acrobatics","floor":7},{"not_picked":["Setup","A Thousand Cuts","Leg Sweep"],"picked":"SKIP","floor":11},{"not_picked":["Setup","A Thousand Cuts"],"picked":"Leg Sweep","floor":11}],"player_experience":1859705,"relics_obtained":[],"event_choices":[{"damage_healed":0,"gold_gain":0,"cards_transformed":["Strike_G"],"player_choice":"Change","damage_taken":0,"max_hp_gain":0,"max_hp_loss":0,"event_name":"Living Wall","floor":12,"gold_loss":0,"cards_obtained":["Night Terror"]}],"is_beta":false,"boss_relics":[],"items_purged_floors":[],"is_endless":false,"potions_floor_spawned":[1,2],"killed_by":"3 Sentries","ascension_level":20}}