{"host":"bplbr8uekuotory4","time":1613037305,"event":{"mods":["Act Like it!","BaseMod","GungeonMod","Hermit","KinomotoSakuraMod(木之本樱)","Marisa（F雨　魔理沙）","Minty Spire (QoL Compilation)","Prisma Mod","Quick Restart","Reimu（博丽灵梦）","SOS（斯巴达之子）","Spicy Shops","StSLib","TestMod","The Blackbeard","The Cursed","The Mystic","The Saiyan","The Senshi","The Servant 0.9.4","Yuri Mod","[IsaacMod]以撒尖塔"],"gold_per_floor":[110,184,184,70,70,103,502,531,555,588,609,609,609,131,131,216,216,241,102,102,102,129,232,287,332,332,332,332,369,394,394,394,497,497,512,202,227,29,29,29,59,59,59,59,115,133,199,75,75,111,111,111,38,84,132],"floor_reached":56,"language":"ZHS","playtime":1986,"items_purged":["yuri:yuriStrike","yuri:yuriDefend","yuri:yuriStrike","yuri:yuriDefend","yuri:yuriDefend","yuri:yuriStrike","yuri:yuriStrike"],"score":2546,"play_id":"7c5f00f2-ebd7-4457-8476-e7de2ab24f40","local_time":"20210211175505","is_ascension_mode":true,"campfire_choices":[{"data":"yuri:InduceGlitch","floor":13.0,"key":"SMITH"},{"data":"yuri:MPose","floor":15.0,"key":"SMITH"},{"data":"yuri:NerfBat","floor":27,"key":"SMITH"},{"data":"yuri:NoEscape","floor":32,"key":"SMITH"},{"floor":40,"key":"RECALL"},{"floor":42,"key":"REST"},{"floor":44,"key":"REST"},{"floor":49,"key":"REST"},{"floor":52,"key":"REST"}],"circlet_count":0,"master_deck":["AscendersBane","yuri:yuriStrike+1","yuri:yuriDefend","yuri:Oolong","yuri:yuriStab+1","yuri:MPose+1","yuri:InduceGlitch+1","yuri:BlackTea","yuri:NoEscape+1","yuri:DisableStrike","Writhe","yuri:NerfBat+1","yuri:DebugCard","J.A.X.","yuri:Virus"],"relics":["yuri:yuriKnife","HushsDoor","GuppysHead","testmod-Charity","NeowsBlessing","TheBean","Whetstone","SalivaCoin","DeathBook","SteamSale","PureWhite:ReiMu","Mummified Hand","Sozu","GuppysCollar","Juzu Bracelet","SatanicBible","Red Mask","theSenshi:FeatherClipsRelic","testmod-Déjàvu","DemoMod:GlassGuonStoneRelic","Sundial","Fusion Hammer","GuppysTail","BelialBook","Toolbox","DemoMod:SuperHotWatch","Kunai","Medical Kit","testmod-Maize","Tea:ReiMu","CatCart","Oddly Smooth Stone","DemoMod:Antibody","testmod-Antiphasic"],"acts_visited":["Exordium","TheCity","TheBeyond","TheEnding"],"potions_floor_usage":[16,33],"damage_taken":[{"damage":0.0,"enemies":"Cultist","floor":1.0,"turns":1.0},{"damage":1.0,"enemies":"3 Sentries","floor":6.0,"turns":2.0},{"damage":0.0,"enemies":"Gremlin Nob","floor":8.0,"turns":1.0},{"damage":10.0,"enemies":"3 Sentries","floor":10.0,"turns":3.0},{"damage":2.0,"enemies":"2 Louse","floor":11.0,"turns":1.0},{"damage":4,"enemies":"Slime Boss","floor":16,"turns":4},{"damage":2,"enemies":"Chosen","floor":18,"turns":3},{"damage":12,"enemies":"2 Thieves","floor":22,"turns":3},{"damage":57,"enemies":"Slavers","floor":23,"turns":7},{"damage":10,"enemies":"Masked Bandits","floor":24,"turns":3},{"damage":6,"enemies":"Gremlin Leader","floor":25,"turns":4},{"damage":10,"enemies":"Sentry and Sphere","floor":29,"turns":3},{"damage":5,"enemies":"Snecko","floor":30,"turns":3},{"damage":2,"enemies":"Automaton","floor":33,"turns":5},{"damage":3,"enemies":"3 Darklings","floor":35,"turns":2},{"damage":3,"enemies":"Orb Walker","floor":37,"turns":2},{"damage":3,"enemies":"Giant Head","floor":41,"turns":3},{"damage":21,"enemies":"Transient","floor":45,"turns":5},{"damage":3,"enemies":"3 Darklings","floor":46,"turns":2},{"damage":6,"enemies":"Orin","floor":47,"turns":3},{"damage":22,"enemies":"Awakened One","floor":50,"turns":5},{"damage":5,"enemies":"Shield and Spear","floor":54,"turns":2},{"damage":3,"enemies":"The Heart","floor":55,"turns":4}],"seed_played":"-5952141058531668286","potions_obtained":[{"floor":10.0,"key":"testmod-TestPotion"},{"floor":11.0,"key":"EssenceOfSteel"}],"is_trial":false,"path_per_floor":["M","?","?","$","?","E","?","E","T","E","M","T","R","$","R","B",null,"M","$","?","?","M","E","?","E","T","R","?","M","M","T","R","B",null,"M","$","M","$","?","R","E","R","T","R","M","M","?","$","R","B",null,"R","$","E","B",null],"character_chosen":"YURI","items_purchased":["yuri:InduceGlitch","SteamSale","PureWhite:ReiMu","Mummified Hand","GuppysCollar","yuri:NoEscape","yuri:DisableStrike","Juzu Bracelet","GuppysTail","BelialBook","Toolbox","DemoMod:SuperHotWatch","Kunai","Medical Kit","Oddly Smooth Stone","DemoMod:Antibody"],"campfire_rested":4,"item_purchase_floors":[4,14,14,14,17,17,17,19,34,34,36,36,38,38,48,53],"current_hp_per_floor":[73,63,56,56,138,142,143,144,145,136,136,136,136,136,136,139,146,148,148,148,148,143,104,103,104,104,104,104,109,117,117,117,131,156,165,165,168,168,168,168,170,170,170,170,166,171,178,178,183,176,186,189,189,192,200],"gold":132,"neow_bonus":"THREE_ENEMY_KILL","is_daily":false,"chose_seed":false,"campfire_upgraded":4,"win_rate":0.0,"timestamp":1613037305,"path_taken":["M","?","?","$","?","E","?","E","T","E","?","?","R","$","R","BOSS","M","$","?","?","M","E","?","E","T","R","?","M","M","?","R","BOSS","M","$","M","$","?","R","E","R","T","R","M","M","?","$","R","BOSS","R","$","E","BOSS"],"items_purchased_type":["Card","Relic","Relic","Relic","Relic","Card","Card","Relic","Relic","Relic","Relic","Relic","Relic","Relic","Relic","Relic"],"build_version":"2020-12-22","purchased_purges":7,"victory":true,"max_hp_per_floor":[81,82,82,82,164,165,166,167,168,169,171,171,171,171,171,174,148,150,150,150,150,155,169,174,177,177,177,177,182,185,185,185,191,164,166,166,168,168,168,168,170,170,170,170,178,180,183,183,183,189,189,189,189,192,200],"card_choices":[{"not_picked":["yuri:Stare","yuri:yuriHeavyStrike"],"picked":"yuri:MPose","floor":1.0},{"not_picked":["yuri:CalmingAura","yuri:Stare","yuri:Suicide"],"picked":"SKIP","floor":6.0},{"not_picked":["yuri:InsanityDefense","yuri:HeavierStrike"],"picked":"Bomb","floor":8.0},{"not_picked":["yuri:MirrorInsanity","yuri:WickedSlash","yuri:MPose"],"picked":"SKIP","floor":10.0},{"not_picked":["yuri:CorruptHitbox","yuri:yuriQuickStrike","yuri:yuriHeavyStrike"],"picked":"SKIP","floor":11.0},{"not_picked":["yuri:RemoveSafetyChecks","yuri:GlitchRemove"],"picked":"yuri:BlackTea","floor":16},{"not_picked":["yuri:CorruptHitbox","yuri:Stare","yuri:HoldBack"],"picked":"SKIP","floor":18},{"not_picked":["yuri:Stare","yuri:ThrowBook","yuri:UnstableStrike"],"picked":"SKIP","floor":22},{"not_picked":["yuri:CalmingAura","yuri:Stalk","yuri:Spin"],"picked":"SKIP","floor":23},{"not_picked":["yuri:MultiDip","yuri:ThrowingKnives"],"picked":"yuri:DebugCard","floor":24},{"not_picked":["yuri:CorruptHitbox","yuri:SturdyUniform","yuri:BookPurple+1"],"picked":"SKIP","floor":25},{"not_picked":["yuri:GreenTea","yuri:Stalk","yuri:yuriHeavyStrike"],"picked":"SKIP","floor":29},{"not_picked":["yuri:MPose","yuri:TPose","yuri:DistillInsanity"],"picked":"SKIP","floor":30},{"not_picked":["yuri:HoldBack+1","yuri:yuriHeavyStrike","yuri:WickedSlash+1"],"picked":"SKIP","floor":35},{"not_picked":["yuri:WickedSlash","yuri:InduceGlitch+1","yuri:Stare+1"],"picked":"SKIP","floor":37},{"not_picked":["yuri:yuriQuickStrike+1","yuri:DejaVu","yuri:ExploitStrike"],"picked":"SKIP","floor":41},{"not_picked":["yuri:ReloadGame","yuri:CalmingAura","yuri:TPose"],"picked":"SKIP","floor":45},{"not_picked":["yuri:StealPen","yuri:DejaVu","yuri:ThrowBook"],"picked":"SKIP","floor":46},{"not_picked":["yuri:ExploitStrike","yuri:RemoveSafetyChecks"],"picked":"yuri:Virus","floor":54}],"player_experience":1139886,"relics_obtained":[{"floor":6.0,"key":"TheBean"},{"floor":8.0,"key":"Whetstone"},{"floor":10.0,"key":"SalivaCoin"},{"floor":12.0,"key":"DeathBook"},{"floor":24,"key":"Red Mask"},{"floor":25,"key":"theSenshi:FeatherClipsRelic"},{"floor":26,"key":"testmod-Déjàvu"},{"floor":31,"key":"Sundial"},{"floor":41,"key":"testmod-Maize"},{"floor":43,"key":"Tea:ReiMu"},{"floor":47,"key":"CatCart"},{"floor":54,"key":"testmod-Antiphasic"}],"event_choices":[{"damage_healed":0.0,"max_hp_gain":0.0,"max_hp_loss":0.0,"gold_gain":75.0,"event_name":"World of Goop","player_choice":"Gather Gold","floor":2.0,"gold_loss":0.0,"damage_taken":11.0},{"cards_removed":["yuri:yuriDefend"],"damage_healed":0.0,"max_hp_gain":0.0,"max_hp_loss":0.0,"gold_gain":0.0,"event_name":"Golden Wing","player_choice":"Card Removal","floor":3.0,"gold_loss":0.0,"damage_taken":7.0},{"damage_healed":0.0,"max_hp_gain":0.0,"max_hp_loss":0.0,"gold_gain":0.0,"event_name":"给自己的盒子","player_choice":"Swap Relic","floor":5.0,"relics_lost":["testmod-HarvestTotem"],"gold_loss":0.0,"damage_taken":0.0,"relics_obtained":["testmod-HarvestTotem"]},{"damage_healed":0.0,"max_hp_gain":0.0,"max_hp_loss":0.0,"gold_gain":400.0,"event_name":"恩洛斯的盘子","player_choice":"Sell","floor":7.0,"relics_lost":["testmod-TestBox"],"gold_loss":0.0,"damage_taken":0.0},{"damage_healed":0,"gold_gain":0,"player_choice":"Opened","damage_taken":0,"relics_obtained":["SatanicBible"],"max_hp_gain":0,"max_hp_loss":0,"event_name":"The Mausoleum","floor":20,"gold_loss":0,"cards_obtained":["Writhe"]},{"damage_healed":0,"gold_gain":0,"player_choice":"Read","damage_taken":0,"max_hp_gain":0,"max_hp_loss":0,"event_name":"The Library","floor":21,"gold_loss":0,"cards_obtained":["yuri:NerfBat"]},{"damage_healed":0,"gold_gain":0,"player_choice":"Fought Bandits","damage_taken":0,"max_hp_gain":0,"max_hp_loss":0,"event_name":"Masked Bandits","floor":24,"gold_loss":0},{"damage_healed":0,"gold_gain":0,"player_choice":"Obtain J.A.X.","damage_taken":0,"max_hp_gain":0,"max_hp_loss":0,"event_name":"Drug Dealer","floor":28,"gold_loss":0,"cards_obtained":["J.A.X."]},{"damage_healed":0,"gold_gain":0,"player_choice":"0 cards matched","damage_taken":0,"max_hp_gain":0,"max_hp_loss":0,"event_name":"Match and Keep!","floor":39,"gold_loss":0,"cards_obtained":[]},{"damage_healed":0,"gold_gain":0,"player_choice":"Fight","damage_taken":0,"max_hp_gain":0,"max_hp_loss":0,"event_name":"OrinTheCat","floor":47,"gold_loss":0}],"is_beta":false,"boss_relics":[{"not_picked":["Velvet Choker","Snecko Eye"],"picked":"Sozu"},{"not_picked":[]},{"not_picked":["testmod-GoldenSoul","testmod-IncinerationGenerator"],"picked":"Fusion Hammer"},{"not_picked":[]}],"items_purged_floors":[4,14,17,19,34,36,48],"is_endless":false,"potions_floor_spawned":[10,11,18,25,30,37,46],"ascension_level":13}}