{"host":"1m3dfme8k5w8sg4k","time":1613070795,"event":{"mods":["AchievementEnabler","BaseMod","Colored Map","Colored Powertips","Minty Spire (QoL Compilation)","Random Character Button","Random Character Mod","Relic Stats","StSLib","everything is the same but u backflip on backflip"],"gold_per_floor":[112,112,129,149,164,196,196,208,208,236,236,236,236,270,270,270,270],"floor_reached":16,"language":"ENG","playtime":682,"items_purged":[],"score":120,"play_id":"22f57bad-dded-4bf9-8bdd-28c5f9333720","local_time":"20210211141315","is_ascension_mode":false,"campfire_choices":[{"data":"Uppercut","floor":7,"key":"SMITH"},{"floor":11,"key":"REST"},{"floor":15,"key":"REST"}],"circlet_count":0,"master_deck":["Strike_R","Strike_R","Strike_R","Defend_R","Defend_R","Defend_R","Defend_R","Bash","Hemokinesis","Combust","Uppercut+1","True Grit","Carnage","Dual Wield","Dropkick"],"relics":["Burning Blood","Eternal Feather","Frozen Egg 2","Dream Catcher","Golden Idol","Unceasing Top"],"acts_visited":["Exordium"],"potions_floor_usage":[6,8,10,14],"damage_taken":[{"damage":0,"enemies":"Small Slimes","floor":1,"turns":3},{"damage":5,"enemies":"Jaw Worm","floor":3,"turns":3},{"damage":5,"enemies":"2 Louse","floor":4,"turns":2},{"damage":21,"enemies":"Large Slime","floor":5,"turns":6},{"damage":24,"enemies":"Lagavulin","floor":6,"turns":5},{"damage":9,"enemies":"Lots of Slimes","floor":8,"turns":2},{"damage":31,"enemies":"3 Sentries","floor":10,"turns":7},{"damage":14,"enemies":"Gremlin Nob","floor":14,"turns":3},{"damage":55,"enemies":"The Guardian","floor":16,"turns":12}],"seed_played":"-6243489545550141241","potions_obtained":[{"floor":1,"key":"BlessingOfTheForge"},{"floor":4,"key":"HeartOfIron"},{"floor":6,"key":"Weak Potion"},{"floor":8,"key":"Block Potion"}],"is_trial":false,"path_per_floor":["M","?","M","M","M","E","R","M","T","E","R","?","?","E","R","B"],"character_chosen":"IRONCLAD","items_purchased":[],"campfire_rested":2,"item_purchase_floors":[],"current_hp_per_floor":[80,80,80,80,65,47,53,50,50,25,58,51,31,23,53,0,0],"gold":270,"neow_bonus":"REMOVE_CARD","is_daily":false,"chose_seed":false,"campfire_upgraded":1,"win_rate":0.0,"timestamp":1613070795,"path_taken":["M","?","M","M","M","E","R","M","T","E","R","?","?","E","R","BOSS"],"items_purchased_type":[],"build_version":"2020-12-22","purchased_purges":0,"victory":false,"max_hp_per_floor":[80,80,80,80,80,80,80,80,80,80,80,80,80,80,80,80,80],"relic_stats":{"Dream Catcher":2,"counters":[9,43],"Golden Idol":7,"Eternal Feather":21,"obtain_stats":[{"Dream Catcher":10,"Golden Idol":13,"Eternal Feather":6,"Frozen Egg 2":9,"Burning Blood":0,"Unceasing Top":14},{"Dream Catcher":7,"Golden Idol":7,"Eternal Feather":5,"Frozen Egg 2":6,"Burning Blood":0,"Unceasing Top":8},{"Dream Catcher":28,"Golden Idol":28,"Eternal Feather":19,"Frozen Egg 2":21,"Burning Blood":0,"Unceasing Top":31}],"Burning Blood":40,"Unceasing Top":[0]},"card_choices":[{"not_picked":["Bloodletting","Feel No Pain"],"picked":"Hemokinesis","floor":1},{"not_picked":["Clash","Iron Wave"],"picked":"Combust","floor":3},{"not_picked":["Clash","Cleave"],"picked":"Uppercut","floor":4},{"not_picked":["Clash","Iron Wave"],"picked":"True Grit","floor":5},{"not_picked":["Infernal Blade","Havoc"],"picked":"Carnage","floor":6},{"not_picked":["Thunderclap","Entrench","Iron Wave"],"picked":"SKIP","floor":8},{"not_picked":["Sword Boomerang","Clothesline"],"picked":"Dual Wield","floor":10},{"not_picked":["Uppercut","Hemokinesis","Bloodletting"],"picked":"SKIP","floor":14},{"not_picked":["Infernal Blade","Reckless Charge"],"picked":"Dropkick","floor":15}],"player_experience":1628805,"relics_obtained":[{"floor":6,"key":"Eternal Feather"},{"floor":9,"key":"Frozen Egg 2"},{"floor":10,"key":"Dream Catcher"},{"floor":14,"key":"Unceasing Top"}],"event_choices":[{"damage_healed":0,"gold_gain":0,"player_choice":"Ignored","damage_taken":0,"max_hp_gain":0,"max_hp_loss":0,"event_name":"Liars Game","floor":2,"gold_loss":0},{"cards_removed":["Strike_R"],"damage_healed":0,"gold_gain":0,"player_choice":"Card Removal","damage_taken":7,"max_hp_gain":0,"max_hp_loss":0,"event_name":"Golden Wing","floor":12,"gold_loss":0},{"damage_healed":0,"gold_gain":0,"player_choice":"Take Damage","damage_taken":20,"relics_obtained":["Golden Idol"],"max_hp_gain":0,"max_hp_loss":0,"event_name":"Golden Idol","floor":13,"gold_loss":0}],"is_beta":false,"boss_relics":[],"items_purged_floors":[],"is_endless":false,"potions_floor_spawned":[1,4,6,8],"killed_by":"The Guardian","ascension_level":0}}