{"host":"5y2vm16xfq9gfmb2","time":1613032598,"event":{"mods":["AchievementEnabler","BaseMod","Better Third Choice","Colored Map","Colored Powertips","DeckTracker","Marisa????????","Minty Spire (QoL Compilation)","Rare Cards Sparkle","Relic Stats","StSLib","The Alterego","The Servant 0.9.4"],"gold_per_floor":[110,110,110,0,19,19,47,47,47,47,58,58,58,58,58,154,154,173,173,184,284,298,298,298,298,323,105,116,116,132,132,132,230,230,244,294,294,314,314,314],"floor_reached":39,"language":"ENG","playtime":1439,"items_purged":[],"score":375,"play_id":"69c266bc-a07b-44e6-a301-7395398332fd","local_time":"20210211033638","is_ascension_mode":false,"campfire_choices":[{"data":"DevaForm","floor":6,"key":"SMITH"},{"data":"BattleHymn","floor":8,"key":"SMITH"},{"data":"SignatureMove","floor":10,"key":"SMITH"},{"data":"SandsOfTime","floor":12,"key":"SMITH"},{"data":"Prostrate","floor":15,"key":"SMITH"},{"floor":23,"key":"REST"},{"floor":25,"key":"REST"},{"floor":29,"key":"REST"},{"floor":32,"key":"REST"}],"circlet_count":0,"master_deck":["Strike_P","Strike_P","Strike_P","Strike_P","Defend_P","Defend_P","Defend_P","Defend_P","Eruption","Vigilance","DevaForm+1","BattleHymn+1","Apotheosis+1","SandsOfTime+1","SignatureMove+1","Prostrate+1","WheelKick","FlyingSleeves","Vault","Wallop","Crescendo","Tantrum+1","Swivel","WindmillStrike+1","Vengeance+1","Ragnarok","FlurryOfBlows+1","InnerPeace+1","Weave","Vault","Perseverance"],"relics":["PureWater","Vajra","Eternal Feather","PreservedInsect","Fusion Hammer","Strawberry","Strange Spoon","Ornamental Fan","Runic Pyramid","Ice Cream"],"acts_visited":["Exordium","TheCity","TheBeyond"],"potions_floor_usage":[22,33,33],"damage_taken":[{"damage":2,"enemies":"Jaw Worm","floor":1,"turns":6},{"damage":6,"enemies":"Small Slimes","floor":5,"turns":3},{"damage":10,"enemies":"Lagavulin","floor":7,"turns":5},{"damage":4,"enemies":"Cultist","floor":11,"turns":2},{"damage":30,"enemies":"The Guardian","floor":16,"turns":7},{"damage":6,"enemies":"3 Byrds","floor":18,"turns":4},{"damage":16,"enemies":"Shell Parasite","floor":20,"turns":4},{"damage":39,"enemies":"Snake Plant","floor":22,"turns":3},{"damage":19,"enemies":"Shelled Parasite and Fungi","floor":28,"turns":2},{"damage":5,"enemies":"Snecko","floor":30,"turns":3},{"damage":45,"enemies":"Automaton","floor":33,"turns":5},{"damage":12,"enemies":"3 Shapes","floor":35,"turns":3},{"damage":32,"enemies":"Mind Bloom Boss Battle","floor":36,"turns":4},{"damage":10,"enemies":"Orb Walker","floor":38,"turns":3},{"damage":27,"enemies":"Spire Growth","floor":39,"turns":4}],"seed_played":"-2639949615778305797","potions_obtained":[{"floor":5,"key":"Explosive Potion"},{"floor":7,"key":"LiquidMemories"},{"floor":22,"key":"Strength Potion"},{"floor":28,"key":"AttackPotion"},{"floor":38,"key":"SteroidPotion"}],"is_trial":false,"path_per_floor":["M","?","?","$","M","R","E","R","T","R","M","R","$","?","R","B",null,"M","?","M","?","M","R","?","R","T","$","M","R","M","T","R","B",null,"M","?","?","M","M"],"character_chosen":"WATCHER","items_purchased":["SandsOfTime","SignatureMove","Strange Spoon","Swivel"],"campfire_rested":4,"item_purchase_floors":[4,4,27,27],"current_hp_per_floor":[70,70,70,70,64,64,54,63,63,72,68,72,72,72,72,42,72,66,66,50,50,11,44,44,72,79,79,60,79,74,74,79,34,79,67,35,35,25,0,0],"gold":314,"neow_bonus":"ONE_RANDOM_RARE_CARD","is_daily":false,"chose_seed":false,"campfire_upgraded":5,"win_rate":0.0,"timestamp":1613032598,"path_taken":["M","?","?","?","M","R","E","R","T","R","M","R","?","?","R","BOSS","M","?","M","?","?","R","?","R","T","$","M","R","?","?","R","BOSS","M","?","?","M","?"],"items_purchased_type":["Card","Card","Relic","Card"],"build_version":"2020-12-22","purchased_purges":0,"victory":false,"max_hp_per_floor":[72,72,72,72,72,72,72,72,72,72,72,72,72,72,72,72,72,72,72,72,72,72,72,72,72,79,79,79,79,79,79,79,79,79,79,79,79,79,79,79],"relic_stats":{"Strange Spoon":[12],"counters":[15,58],"Ornamental Fan":[32],"Eternal Feather":63,"PreservedInsect":0,"obtain_stats":[{"Ice Cream":36,"Strange Spoon":27,"Ornamental Fan":31,"Strawberry":26,"Vajra":2,"Eternal Feather":7,"PreservedInsect":9,"Fusion Hammer":17,"PureWater":0,"Runic Pyramid":34},{"Ice Cream":13,"Strange Spoon":8,"Ornamental Fan":10,"Strawberry":8,"Vajra":1,"Eternal Feather":3,"PreservedInsect":3,"Fusion Hammer":5,"PureWater":0,"Runic Pyramid":11},{"Ice Cream":51,"Strange Spoon":34,"Ornamental Fan":39,"Strawberry":34,"Vajra":6,"Eternal Feather":14,"PreservedInsect":14,"Fusion Hammer":23,"PureWater":0,"Runic Pyramid":44}]},"card_choices":[{"not_picked":["SashWhip","FlyingSleeves"],"picked":"BattleHymn","floor":1},{"not_picked":["TalkToTheHand","Nirvana"],"picked":"Prostrate","floor":5},{"not_picked":["TalkToTheHand","Evaluate"],"picked":"WheelKick","floor":7},{"not_picked":["SashWhip","WaveOfTheHand"],"picked":"FlyingSleeves","floor":11},{"not_picked":["Ragnarok","ConjureBlade"],"picked":"Vault","floor":16},{"not_picked":["SashWhip","FlyingSleeves"],"picked":"Wallop","floor":18},{"not_picked":["BowlingBash","FlyingSleeves"],"picked":"Crescendo","floor":20},{"not_picked":["Protect","WheelKick"],"picked":"Tantrum+1","floor":22},{"not_picked":["SandsOfTime","EmptyMind"],"picked":"WindmillStrike+1","floor":28},{"not_picked":["Study","CrushJoints"],"picked":"Vengeance+1","floor":30},{"not_picked":["LessonLearned","Brilliance"],"picked":"Ragnarok","floor":33},{"not_picked":["Adaptation+1","Crescendo"],"picked":"FlurryOfBlows+1","floor":35},{"not_picked":["FlyingSleeves+1","FollowUp"],"picked":"InnerPeace+1","floor":36},{"not_picked":["ThirdEye+1","InnerPeace+1"],"picked":"Perseverance","floor":38}],"player_experience":31483,"relics_obtained":[{"floor":7,"key":"Eternal Feather"},{"floor":9,"key":"PreservedInsect"},{"floor":26,"key":"Strawberry"},{"floor":31,"key":"Ornamental Fan"},{"floor":36,"key":"Ice Cream"}],"event_choices":[{"damage_healed":0,"gold_gain":0,"player_choice":"Box","damage_taken":0,"relics_obtained":["Vajra"],"max_hp_gain":0,"max_hp_loss":0,"event_name":"Big Fish","floor":2,"gold_loss":0,"cards_obtained":["Regret"]},{"damage_healed":70,"gold_gain":0,"player_choice":"Embrace","damage_taken":0,"max_hp_gain":0,"max_hp_loss":72,"event_name":"betterThird:BetterShining","floor":3,"gold_loss":0},{"damage_healed":0,"gold_gain":0,"player_choice":"Leave","damage_taken":0,"max_hp_gain":0,"max_hp_loss":0,"event_name":"The Cleric","floor":14,"gold_loss":0},{"damage_healed":0,"gold_gain":0,"player_choice":"Ignored","damage_taken":0,"max_hp_gain":0,"max_hp_loss":0,"event_name":"Beggar","floor":19,"gold_loss":0},{"damage_healed":0,"gold_gain":100,"player_choice":"Pray","damage_taken":0,"max_hp_gain":0,"max_hp_loss":0,"event_name":"Golden Shrine","floor":21,"gold_loss":0},{"cards_removed":["Regret"],"damage_healed":0,"gold_gain":0,"player_choice":"Removed Curses","damage_taken":0,"max_hp_gain":0,"max_hp_loss":0,"event_name":"Fountain of Cleansing","floor":24,"gold_loss":0},{"damage_healed":0,"gold_gain":0,"player_choice":"Fight","damage_taken":0,"max_hp_gain":0,"max_hp_loss":0,"event_name":"MindBloom","floor":36,"gold_loss":0},{"damage_healed":0,"gold_gain":0,"player_choice":"Random: Orange","damage_taken":0,"max_hp_gain":0,"max_hp_loss":0,"event_name":"betterThird:BetterPortal","floor":37,"gold_loss":0},{"damage_healed":0,"gold_gain":0,"player_choice":"2 cards matched","damage_taken":0,"max_hp_gain":0,"max_hp_loss":0,"event_name":"Match and Keep!","floor":37,"gold_loss":0,"cards_obtained":["Weave","Vault"]}],"is_beta":false,"boss_relics":[{"not_picked":["Busted Crown","Philosopher\u0027s Stone"],"picked":"Fusion Hammer"},{"not_picked":["Astrolabe","Runic Dome"],"picked":"Runic Pyramid"}],"items_purged_floors":[],"is_endless":false,"potions_floor_spawned":[5,7,22,28,38],"killed_by":"Spire Growth","ascension_level":0}}