{"host":"m0bekkrd201b63ug","time":1613075974,"event":{"mods":["AchievementEnabler","BaseMod","Colored Powertips","Highlight Path","Minty Spire (QoL Compilation)","Rare Cards Sparkle","StSLib","SuperFastMode","everything is the same but u backflip on backflip","slay the spire mod where everything is the same but ironclad has a cowboy hat"],"gold_per_floor":[110,110,110,128,152,181,181,209,509,523,405,421,436,25,25,104,104,118,64,84,30,30,61,61,61,142,168,168,168,168,187,187,187,187],"floor_reached":33,"language":"ENG","playtime":1367,"items_purged":["Strike_G","Strike_G"],"score":600,"play_id":"bc61b3ad-edde-4843-8f3f-39c866ee5e82","local_time":"20210211183934","is_ascension_mode":true,"campfire_choices":[{"data":"Sucker Punch","floor":7,"key":"SMITH"},{"floor":15,"key":"REST"},{"floor":25,"key":"REST"},{"floor":29,"key":"REST"},{"floor":32,"key":"REST"}],"circlet_count":0,"master_deck":["AscendersBane","Survivor","Neutralize+1","Sucker Punch+1","Blade Dance+1","Dagger Spray","Heel Hook","Backflip+1","Footwork","Dodge and Roll+1","PiercingWail+1","Storm of Steel+1","Underhanded Strike","Skewer","Calculated Gamble+1","Underhanded Strike","Doppelganger+1","Tools of the Trade","PiercingWail+1","Heel Hook","Cloak And Dagger+1","Sucker Punch","Cloak And Dagger+1","PiercingWail+1","Dodge and Roll+1","A Thousand Cuts"],"relics":["Ring of the Snake","NeowsBlessing","Omamori","Toxic Egg 2","Dream Catcher","Old Coin","Oddly Smooth Stone","Pandora\u0027s Box","Tough Bandages","FossilizedHelix","Darkstone Periapt","Nunchaku","MutagenicStrength"],"acts_visited":["Exordium","TheCity"],"potions_floor_usage":[16,23,27,27],"damage_taken":[{"damage":0,"enemies":"2 Louse","floor":1,"turns":1},{"damage":0,"enemies":"Jaw Worm","floor":4,"turns":1},{"damage":0,"enemies":"Lagavulin","floor":6,"turns":1},{"damage":35,"enemies":"3 Sentries","floor":8,"turns":11},{"damage":0,"enemies":"Cultist","floor":10,"turns":3},{"damage":3,"enemies":"Exordium Thugs","floor":12,"turns":4},{"damage":7,"enemies":"Large Slime","floor":13,"turns":7},{"damage":17,"enemies":"Hexaghost","floor":16,"turns":12},{"damage":2,"enemies":"Chosen","floor":18,"turns":4},{"damage":0,"enemies":"3 Byrds","floor":20,"turns":5},{"damage":24,"enemies":"Slavers","floor":23,"turns":7},{"damage":23,"enemies":"Gremlin Leader","floor":27,"turns":9},{"damage":3,"enemies":"Snake Plant","floor":31,"turns":7},{"damage":53,"enemies":"Collector","floor":33,"turns":13}],"seed_played":"-4772783084307074560","potions_obtained":[{"floor":4,"key":"Dexterity Potion"},{"floor":6,"key":"CultistPotion"},{"floor":16,"key":"DistilledChaos"},{"floor":23,"key":"Poison Potion"}],"is_trial":false,"path_per_floor":["M","?","?","M","T","E","R","E","T","M","$","M","M","$","R","B",null,"M","$","M","$","?","E","?","R","T","E","?","R","?","M","R","B"],"character_chosen":"THE_SILENT","items_purchased":["Heel Hook","Oddly Smooth Stone","Footwork","Dodge and Roll+1","Cloak And Dagger+1","Sucker Punch"],"campfire_rested":4,"item_purchase_floors":[11,14,14,14,19,21],"current_hp_per_floor":[59,59,64,64,64,64,64,29,29,29,29,26,19,19,40,23,59,57,57,57,57,37,13,13,35,35,12,12,34,34,31,53,0,0],"gold":187,"neow_bonus":"THREE_ENEMY_KILL","is_daily":false,"chose_seed":false,"campfire_upgraded":1,"win_rate":0.0,"timestamp":1613075974,"path_taken":["M","?","?","?","?","E","R","E","T","M","?","M","M","$","R","BOSS","M","$","M","$","?","E","?","R","T","E","?","R","?","M","R","BOSS"],"items_purchased_type":["Card","Relic","Card","Card","Card","Card"],"build_version":"2020-12-22","purchased_purges":2,"victory":false,"max_hp_per_floor":[66,66,71,71,71,71,71,71,71,71,71,71,71,71,71,71,71,71,71,71,71,76,76,76,76,76,76,76,76,76,76,76,76,76],"card_choices":[{"not_picked":["Flying Knee","Masterful Stab","Expertise"],"picked":"SKIP","floor":1},{"not_picked":["Expertise","Deflect"],"picked":"Sucker Punch","floor":4},{"not_picked":["Tactician+1","Infinite Blades"],"picked":"Blade Dance+1","floor":6},{"not_picked":["Poisoned Stab","Flechettes"],"picked":"Dagger Spray","floor":8},{"not_picked":["Predator","Bane","Dagger Throw"],"picked":"SKIP","floor":10},{"not_picked":["Catalyst+1","Slice","All Out Attack"],"picked":"SKIP","floor":12},{"not_picked":["Caltrops","Night Terror+1"],"picked":"Backflip+1","floor":13},{"not_picked":["Deflect+1","Endless Agony"],"picked":"PiercingWail+1","floor":15},{"not_picked":["Corpse Explosion+1","Die Die Die"],"picked":"Storm of Steel+1","floor":16},{"not_picked":["Outmaneuver+1","Terror+1","Predator"],"picked":"SKIP","floor":18},{"not_picked":["Deadly Poison+1","PiercingWail+1","Quick Slash"],"picked":"SKIP","floor":20},{"not_picked":["Slice","Quick Slash","Backstab+1"],"picked":"SKIP","floor":23},{"not_picked":["Blade Dance+1","PiercingWail+1"],"picked":"Cloak And Dagger+1","floor":25},{"not_picked":["Flying Knee+1","Footwork"],"picked":"PiercingWail+1","floor":27},{"not_picked":["PiercingWail+1","Skewer"],"picked":"Dodge and Roll+1","floor":31},{"not_picked":["Outmaneuver+1","Flechettes"],"picked":"A Thousand Cuts","floor":32}],"player_experience":245154,"relics_obtained":[{"floor":5,"key":"Omamori"},{"floor":6,"key":"Toxic Egg 2"},{"floor":8,"key":"Dream Catcher"},{"floor":9,"key":"Old Coin"},{"floor":23,"key":"Tough Bandages"},{"floor":26,"key":"Darkstone Periapt"},{"floor":27,"key":"Nunchaku"}],"event_choices":[{"damage_healed":0,"gold_gain":0,"player_choice":"Grow","damage_taken":0,"max_hp_gain":0,"max_hp_loss":0,"event_name":"Living Wall","floor":2,"gold_loss":0,"cards_upgraded":["Neutralize"]},{"damage_healed":0,"gold_gain":0,"player_choice":"Donut","damage_taken":0,"max_hp_gain":5,"max_hp_loss":0,"event_name":"Big Fish","floor":3,"gold_loss":0},{"damage_healed":0,"gold_gain":0,"player_choice":"Shed Blood","damage_taken":25,"max_hp_gain":5,"max_hp_loss":0,"event_name":"Forgotten Altar","floor":22,"gold_loss":0},{"damage_healed":0,"gold_gain":0,"player_choice":"Opened","damage_taken":0,"relics_obtained":["FossilizedHelix"],"max_hp_gain":0,"max_hp_loss":0,"event_name":"The Mausoleum","floor":24,"gold_loss":0,"cards_obtained":["Writhe"]},{"damage_healed":0,"gold_gain":0,"player_choice":"Ignored","damage_taken":0,"max_hp_gain":0,"max_hp_loss":0,"event_name":"Cursed Tome","floor":28,"gold_loss":0},{"damage_healed":0,"gold_gain":0,"player_choice":"Inject Mutagens","damage_taken":0,"relics_obtained":["MutagenicStrength"],"max_hp_gain":0,"max_hp_loss":0,"event_name":"Drug Dealer","floor":30,"gold_loss":0}],"is_beta":false,"boss_relics":[{"not_picked":["HoveringKite","Ectoplasm"],"picked":"Pandora\u0027s Box"}],"items_purged_floors":[11,14],"is_endless":false,"potions_floor_spawned":[4,6,13,16,18,23],"killed_by":"Collector","ascension_level":18}}