{"host":"m0bekkrd201b63ug","time":1613044903,"event":{"mods":["AchievementEnabler","BaseMod","Colored Powertips","Minty Spire (QoL Compilation)","Rare Cards Sparkle","StSLib","SuperFastMode","everything is the same but u backflip on backflip","slay the spire mod where everything is the same but ironclad has a cowboy hat"],"gold_per_floor":[119,36,56,56,56,56,88,99,99,99,99,111,111,122,122,122,122],"floor_reached":16,"language":"ENG","playtime":430,"items_purged":[],"score":180,"play_id":"7904c58a-9149-4ad7-8698-c7d8e0da07b2","local_time":"20210211100143","is_ascension_mode":true,"campfire_choices":[{"data":"Backflip","floor":6,"key":"SMITH"},{"floor":15,"key":"REST"}],"circlet_count":0,"master_deck":["AscendersBane","Strike_G","Strike_G","Strike_G","Strike_G","Defend_G","Defend_G","Defend_G","Defend_G","Defend_G","Survivor","Neutralize","Acrobatics","Blade Dance","Backflip+1","Quick Slash+1","Dagger Spray+1"],"relics":["Busted Crown","Gambling Chip","Question Card","HornCleat"],"acts_visited":["Exordium"],"potions_floor_usage":[],"damage_taken":[{"damage":7,"enemies":"Cultist","floor":1,"turns":6},{"damage":0,"enemies":"2 Louse","floor":3,"turns":2},{"damage":21,"enemies":"Gremlin Nob","floor":7,"turns":5},{"damage":0,"enemies":"Small Slimes","floor":8,"turns":3},{"damage":0,"enemies":"Looter","floor":12,"turns":2},{"damage":0,"enemies":"3 Louse","floor":14,"turns":3},{"damage":27,"enemies":"The Guardian","floor":16,"turns":12}],"seed_played":"7607701044057704209","potions_obtained":[{"floor":8,"key":"SpeedPotion"},{"floor":14,"key":"SteroidPotion"}],"is_trial":false,"path_per_floor":["M","$","M","?","?","R","E","M","T","?","?","M","?","M","R","B"],"character_chosen":"THE_SILENT","items_purchased":["Blade Dance","Backflip"],"campfire_rested":1,"item_purchase_floors":[2,2],"current_hp_per_floor":[52,52,52,52,52,52,31,31,31,31,5,5,5,5,24,0,0],"gold":122,"neow_bonus":"BOSS_RELIC","is_daily":false,"chose_seed":false,"campfire_upgraded":1,"win_rate":0.0,"timestamp":1613044903,"path_taken":["M","$","?","?","?","R","E","?","T","?","?","M","?","M","R","BOSS"],"items_purchased_type":["Card","Card"],"build_version":"2020-12-22","purchased_purges":0,"victory":false,"max_hp_per_floor":[66,66,66,66,66,66,66,66,66,66,66,66,66,66,66,66,66],"card_choices":[{"not_picked":[],"picked":"Acrobatics","floor":1},{"not_picked":[],"picked":"Quick Slash","floor":3},{"not_picked":["Flechettes"],"picked":"SKIP","floor":7},{"not_picked":[],"picked":"Dagger Spray","floor":8},{"not_picked":["Bane","Flying Knee"],"picked":"SKIP","floor":12},{"not_picked":["Underhanded Strike","Flying Knee"],"picked":"SKIP","floor":14}],"player_experience":234252,"relics_obtained":[{"floor":7,"key":"Gambling Chip"},{"floor":9,"key":"Question Card"}],"event_choices":[{"damage_healed":0,"gold_gain":0,"player_choice":"Ignored","damage_taken":0,"max_hp_gain":0,"max_hp_loss":0,"event_name":"Liars Game","floor":4,"gold_loss":0},{"damage_healed":0,"gold_gain":0,"player_choice":"Upgraded","damage_taken":0,"max_hp_gain":0,"max_hp_loss":0,"event_name":"Upgrade Shrine","floor":5,"gold_loss":0,"cards_upgraded":["Quick Slash"]},{"cards_removed":["Strike_G"],"damage_healed":0,"gold_gain":0,"player_choice":"Forget","damage_taken":0,"max_hp_gain":0,"max_hp_loss":0,"event_name":"Living Wall","floor":10,"gold_loss":0},{"damage_healed":0,"gold_gain":0,"player_choice":"Success","damage_taken":26,"relics_obtained":["HornCleat"],"max_hp_gain":0,"max_hp_loss":0,"event_name":"Scrap Ooze","floor":11,"gold_loss":0},{"damage_healed":0,"gold_gain":0,"player_choice":"Forge","damage_taken":0,"max_hp_gain":0,"max_hp_loss":0,"event_name":"Accursed Blacksmith","floor":13,"gold_loss":0,"cards_upgraded":["Dagger Spray"]}],"is_beta":false,"boss_relics":[],"items_purged_floors":[],"is_endless":false,"potions_floor_spawned":[8,14],"killed_by":"The Guardian","ascension_level":16}}