{"host":"fiyb7gvx7tok3jeh","time":1613072696,"event":{"mods":["BaseMod","Colored Map","Colored Powertips","DeckTracker","Googly Eyes","Highlight Path","Minty Spire (QoL Compilation)"],"gold_per_floor":[111,111,61,61,85,85,10,53,77,77,77,97,97,122,122,122,122],"floor_reached":16,"language":"ENG","playtime":591,"items_purged":["Defend_P"],"score":123,"play_id":"0b82cfeb-c5af-4177-baa0-5fa24946e141","local_time":"20210211214456","is_ascension_mode":true,"campfire_choices":[{"data":"Forethought","floor":6,"key":"SMITH"},{"floor":10,"key":"REST"},{"data":"Eruption","floor":13,"key":"SMITH"},{"data":"Evaluate","floor":15,"key":"SMITH"}],"circlet_count":0,"master_deck":["Strike_P","Strike_P","Strike_P","Strike_P","Defend_P","Defend_P","Eruption+1","Vigilance","Forethought+1","Evaluate+1","BattleHymn"],"relics":["PureWater","Bronze Scales","Golden Idol","Lantern","Pen Nib"],"acts_visited":["Exordium"],"potions_floor_usage":[16],"damage_taken":[{"damage":0,"enemies":"Small Slimes","floor":1,"turns":2},{"damage":2,"enemies":"Jaw Worm","floor":5,"turns":3},{"damage":16,"enemies":"Gremlin Nob","floor":8,"turns":3},{"damage":0,"enemies":"2 Louse","floor":12,"turns":1},{"damage":7,"enemies":"2 Fungi Beasts","floor":14,"turns":4},{"damage":27,"enemies":"Hexaghost","floor":16,"turns":7}],"seed_played":"-7998466148109399129","potions_obtained":[{"floor":5,"key":"SpeedPotion"},{"floor":8,"key":"BlessingOfTheForge"},{"floor":14,"key":"Ambrosia"}],"is_trial":false,"path_per_floor":["M","?","?","?","M","R","$","E","T","R","?","M","R","M","R","B"],"character_chosen":"WATCHER","items_purchased":[],"campfire_rested":1,"item_purchase_floors":[],"current_hp_per_floor":[72,60,60,42,40,40,40,24,24,45,69,69,69,62,62,35,35],"gold":122,"neow_bonus":"RANDOM_COLORLESS","is_daily":false,"chose_seed":false,"campfire_upgraded":3,"win_rate":0.0,"timestamp":1613072696,"path_taken":["M","?","?","?","?","R","$","E","T","R","?","M","R","M","R","BOSS"],"items_purchased_type":[],"build_version":"2020-12-22","purchased_purges":1,"victory":false,"max_hp_per_floor":[72,72,72,72,72,72,72,72,72,72,72,72,72,72,72,72,72],"card_choices":[{"not_picked":["Bandage Up","Discovery"],"picked":"Forethought","floor":0},{"not_picked":["WaveOfTheHand","WheelKick","FollowUp"],"picked":"SKIP","floor":1},{"not_picked":["Worship","Study"],"picked":"Evaluate","floor":5},{"not_picked":["TalkToTheHand","Prostrate"],"picked":"BattleHymn","floor":8},{"not_picked":["Crescendo","Adaptation","CarveReality"],"picked":"SKIP","floor":12},{"not_picked":["EmptyBody","Halt","Swivel"],"picked":"SKIP","floor":14}],"player_experience":285863,"relics_obtained":[{"floor":8,"key":"Lantern"},{"floor":9,"key":"Pen Nib"}],"event_choices":[{"damage_healed":0,"gold_gain":0,"player_choice":"Success","damage_taken":12,"relics_obtained":["Bronze Scales"],"max_hp_gain":0,"max_hp_loss":0,"event_name":"Scrap Ooze","floor":2,"gold_loss":0},{"cards_removed":["Defend_P"],"damage_healed":0,"gold_gain":0,"player_choice":"Card Removal","damage_taken":0,"max_hp_gain":0,"max_hp_loss":0,"event_name":"The Cleric","floor":3,"gold_loss":50},{"damage_healed":0,"gold_gain":0,"player_choice":"Take Damage","damage_taken":18,"relics_obtained":["Golden Idol"],"max_hp_gain":0,"max_hp_loss":0,"event_name":"Golden Idol","floor":4,"gold_loss":0},{"damage_healed":24,"gold_gain":0,"player_choice":"Banana","damage_taken":0,"max_hp_gain":0,"max_hp_loss":0,"event_name":"Big Fish","floor":11,"gold_loss":0}],"is_beta":false,"boss_relics":[],"items_purged_floors":[7],"is_endless":false,"potions_floor_spawned":[5,8,14],"killed_by":"Hexaghost","ascension_level":5}}