{"host":"4gkev1dtxxhiue3x","time":1613063691,"event":{"mods":["AchievementEnabler","BaseMod","Colored Powertips","Minty Spire (QoL Compilation)","Relic Stats","StSLib"],"gold_per_floor":[109,109,120,45,45,77,90,90,90,90,124,138,138,138],"floor_reached":13,"language":"ENG","playtime":735,"items_purged":["Strike_G"],"score":130,"play_id":"1b8a19f4-b243-4aa4-afb8-873b37598271","local_time":"20210211181451","is_ascension_mode":true,"campfire_choices":[],"circlet_count":0,"master_deck":["Strike_G","Strike_G","Strike_G","Defend_G","Defend_G","Defend_G","Defend_G","Defend_G","Survivor+1","Neutralize","Backflip","Bane","PiercingWail+1","Noxious Fumes","Catalyst","Bullet Time","Blur"],"relics":["Ring of the Snake","NeowsBlessing","Snake Skull","Dream Catcher","Potion Belt","Golden Idol","War Paint"],"acts_visited":["Exordium"],"potions_floor_usage":[11,12,12,13],"damage_taken":[{"damage":0,"enemies":"Jaw Worm","floor":1,"turns":1},{"damage":0,"enemies":"Cultist","floor":3,"turns":1},{"damage":0,"enemies":"Gremlin Nob","floor":6,"turns":1},{"damage":6,"enemies":"Small Slimes","floor":7,"turns":3},{"damage":7,"enemies":"3 Sentries","floor":11,"turns":7},{"damage":2,"enemies":"Exordium Wildlife","floor":12,"turns":4},{"damage":47,"enemies":"Gremlin Nob","floor":13,"turns":5}],"seed_played":"8078818118240397301","potions_obtained":[{"floor":3,"key":"Fire Potion"},{"floor":7,"key":"Poison Potion"},{"floor":11,"key":"Fruit Juice"},{"floor":12,"key":"LiquidBronze"}],"is_trial":false,"path_per_floor":["M","?","M","$","T","E","M","$","T","?","E","M","E"],"character_chosen":"THE_SILENT","items_purchased":[],"campfire_rested":0,"item_purchase_floors":[],"current_hp_per_floor":[70,70,70,70,70,70,64,64,64,47,40,43,0,0],"gold":138,"neow_bonus":"THREE_ENEMY_KILL","is_daily":false,"chose_seed":false,"campfire_upgraded":0,"win_rate":0.0,"timestamp":1613063691,"path_taken":["M","?","M","?","?","E","M","$","T","?","E","M","E"],"items_purchased_type":[],"build_version":"2020-12-22","purchased_purges":1,"victory":false,"max_hp_per_floor":[70,70,70,70,70,70,70,70,70,70,70,75,75,75],"relic_stats":{"Dream Catcher":0,"counters":[7,22],"Golden Idol":10,"Snake Skull":[23],"War Paint":["PiercingWail","Survivor"],"obtain_stats":[{"Potion Belt":9,"Dream Catcher":6,"NeowsBlessing":0,"Golden Idol":10,"Snake Skull":5,"War Paint":11,"Ring of the Snake":0},{"Potion Belt":4,"Dream Catcher":3,"NeowsBlessing":0,"Golden Idol":4,"Snake Skull":2,"War Paint":5,"Ring of the Snake":0},{"Potion Belt":6,"Dream Catcher":3,"NeowsBlessing":0,"Golden Idol":6,"Snake Skull":2,"War Paint":13,"Ring of the Snake":0}],"Ring of the Snake":[14]},"card_choices":[{"not_picked":["Acrobatics","Escape Plan"],"picked":"Backflip","floor":1},{"not_picked":["Distraction","Dodge and Roll"],"picked":"PiercingWail","floor":3},{"not_picked":["Skewer","Deadly Poison"],"picked":"Noxious Fumes","floor":6},{"not_picked":["Quick Slash","Deadly Poison"],"picked":"Catalyst","floor":7},{"not_picked":["Tactician","Deflect"],"picked":"Bullet Time","floor":11},{"not_picked":["Dodge and Roll","Dagger Throw"],"picked":"Blur","floor":12}],"player_experience":125608,"relics_obtained":[{"floor":5,"key":"Snake Skull"},{"floor":6,"key":"Dream Catcher"},{"floor":9,"key":"Potion Belt"},{"floor":11,"key":"War Paint"}],"event_choices":[{"damage_healed":0,"gold_gain":0,"cards_transformed":["Strike_G"],"player_choice":"Transformed","damage_taken":0,"max_hp_gain":0,"max_hp_loss":0,"event_name":"Transmorgrifier","floor":2,"gold_loss":0,"cards_obtained":["Bane"]},{"damage_healed":0,"gold_gain":0,"player_choice":"Take Damage","damage_taken":17,"relics_obtained":["Golden Idol"],"max_hp_gain":0,"max_hp_loss":0,"event_name":"Golden Idol","floor":10,"gold_loss":0}],"is_beta":false,"boss_relics":[],"items_purged_floors":[4],"is_endless":false,"potions_floor_spawned":[3,7,11,12],"killed_by":"Gremlin Nob","ascension_level":2}}