{"host":"kh91mfnoze99ny0y","time":1613025391,"event":{"mods":["Act Like it!","BaseMod","Downfall","Gensokyo","KinomotoSakuraMod(Ä¾Ö®±¾Ó£)","Minty Spire (QoL Compilation)","StSLib","The Bug Knight","The Cursed"],"gold_per_floor":[99,117,134,150,160,179,247,281,301,335,335,352,65,65,75,172,172,172,192,210,225,236,252,320,320,320,320],"floor_reached":25,"language":"ZHS","playtime":2682,"items_purged":["Slimebound:Defend_Slimebound"],"score":221,"play_id":"b6805d36-6a61-4c97-a6ec-5b3d545a45b2","local_time":"20210211143631","is_ascension_mode":false,"campfire_choices":[{"floor":1,"key":"RECALL"},{"data":"Slimebound:DuplicatedForm","floor":18,"key":"SMITH"}],"circlet_count":0,"master_deck":["Slimebound:Strike_Slimebound","Slimebound:Strike_Slimebound","Slimebound:Strike_Slimebound","Slimebound:Tackle","Slimebound:Defend_Slimebound","Slimebound:Defend_Slimebound","Slimebound:Defend_Slimebound","Slimebound:Split","Slimebound:CorrosiveSpit","Slimebound:SpikyOuterGoop","Slimebound:SplitLeeching","Slimebound:Dissolve","Slimebound:GoopSpray","Slimebound:SplitMire","Slimebound:RallyTheTroops","Slimebound:SlimeTap","Slimebound:FirmFortitude","Slimebound:AcidTongue","expansioncontent:StudyTheSpire","Slimebound:Nibble","Slimebound:DuplicatedForm+1","Slimebound:Nibble","Slimebound:SlimeBarrage+1","Slimebound:Repurpose","Slimebound:LeadByExample+1","Slimebound:Schlurp+1","Decay"],"relics":["Slimebound:AbsorbEndCombat","Peace Pipe","Centennial Puzzle","Cursed Key","Toxic Egg 2"],"acts_visited":["Exordium","TheCity"],"potions_floor_usage":[8,8,10,13,16,16,22,25],"damage_taken":[{"damage":4,"enemies":"Jaw Worm","floor":2,"turns":4},{"damage":5,"enemies":"Small Slimes","floor":3,"turns":4},{"damage":3,"enemies":"2 Louse","floor":4,"turns":3},{"damage":12,"enemies":"2 Fungi Beasts","floor":5,"turns":3},{"damage":6,"enemies":"3 Louse","floor":6,"turns":3},{"damage":27,"enemies":"Gremlin Nob","floor":8,"turns":4},{"damage":14,"enemies":"Gremlin Gang","floor":9,"turns":4},{"damage":17,"enemies":"3 Sentries","floor":10,"turns":7},{"damage":11,"enemies":"Exordium Thugs","floor":12,"turns":4},{"damage":0,"enemies":"downfall:FleeingMerchant","floor":13,"turns":4},{"damage":1,"enemies":"3 Louse","floor":15,"turns":3},{"damage":32,"enemies":"DF_ARCHETYPE_STREAMLINE","floor":16,"turns":7},{"damage":32,"enemies":"Spheric Guardian","floor":19,"turns":4},{"damage":21,"enemies":"Chosen","floor":20,"turns":4},{"damage":36,"enemies":"Snake Plant","floor":21,"turns":3},{"damage":37,"enemies":"Snecko","floor":22,"turns":5},{"damage":39,"enemies":"Chosen and Byrds","floor":23,"turns":5},{"damage":23,"enemies":"IC_STATUS_ARCHETYPE","floor":25,"turns":2}],"seed_played":"-460043422935573402","potions_obtained":[{"floor":2,"key":"Slimebound:ThreeZeroPotion"},{"floor":5,"key":"LiquidMemories"},{"floor":6,"key":"bronze:BurnAndBuffPotion"},{"floor":8,"key":"LiquidMemories"},{"floor":10,"key":"champ:CounterPotion"},{"floor":15,"key":"Fire Potion"},{"floor":19,"key":"GamblersBrew"},{"floor":21,"key":"ColorlessPotion"}],"is_trial":false,"path_per_floor":["R","M","M","M","M","M","T","E","M","E","?","M","$","?","M","B",null,"R","M","M","M","M","M","T","?"],"character_chosen":"SLIMEBOUND","items_purchased":["expansioncontent:StudyTheSpire"],"campfire_rested":0,"item_purchase_floors":[13],"current_hp_per_floor":[71,70,71,70,62,62,62,41,35,26,26,23,29,52,53,29,71,71,58,60,47,33,17,17,0,0,0],"gold":320,"neow_bonus":"TEN_PERCENT_HP_BONUS","is_daily":false,"chose_seed":false,"campfire_upgraded":1,"win_rate":0.0,"timestamp":1613025391,"path_taken":["R","M","M","M","M","M","T","E","M","E","?","M","$","?","M","BOSS","R","M","M","M","M","M","T","?"],"items_purchased_type":["Card"],"build_version":"2020-12-22","purchased_purges":1,"victory":false,"max_hp_per_floor":[71,71,71,71,71,71,71,71,71,71,71,71,71,71,71,71,71,71,71,71,71,71,71,71,71,71,71],"card_choices":[{"not_picked":["Slimebound:Replication","Slimebound:SlimeBarrage"],"picked":"Slimebound:SpikyOuterGoop","floor":2},{"not_picked":["Slimebound:FlameTackle","Slimebound:LivingWall"],"picked":"Slimebound:SplitLeeching","floor":3},{"not_picked":["Slimebound:LivingWall","Slimebound:Equalize"],"picked":"Slimebound:Dissolve","floor":4},{"not_picked":["Slimebound:ComboTackle","Slimebound:SamplingLick"],"picked":"Slimebound:GoopSpray","floor":5},{"not_picked":["Slimebound:SplitBruiser","Slimebound:Dissolve"],"picked":"Slimebound:SplitMire","floor":6},{"not_picked":["Slimebound:GoopTackle","Slimebound:ItLooksTasty"],"picked":"Slimebound:RallyTheTroops","floor":8},{"not_picked":["Slimebound:SplitLeeching","Slimebound:RollThrough","Slimebound:GoopSpray"],"picked":"SKIP","floor":9},{"not_picked":["Slimebound:GoopSpray","Slimebound:RollThrough"],"picked":"Slimebound:SlimeTap","floor":10},{"not_picked":["Slimebound:SplitBruiser","Slimebound:SlimeSpikes"],"picked":"Slimebound:FirmFortitude","floor":12},{"not_picked":["Slimebound:HauntingLick","Slimebound:GoopSpray"],"picked":"Slimebound:AcidTongue","floor":13},{"not_picked":["Slimebound:SplitMire","Slimebound:Schlurp"],"picked":"Slimebound:Nibble","floor":15},{"not_picked":["Slimebound:Teamwork","Slimebound:MassFeed"],"picked":"Slimebound:DuplicatedForm","floor":16},{"not_picked":["Slimebound:Dissolve+1","Slimebound:ComboTackle"],"picked":"Slimebound:Nibble","floor":19},{"not_picked":["Slimebound:LeechingTouch","Slimebound:SplitBruiser"],"picked":"Slimebound:SlimeBarrage+1","floor":20},{"not_picked":["Slimebound:SplitMire","Slimebound:Chomp"],"picked":"Slimebound:Repurpose","floor":21},{"not_picked":["Slimebound:SplitLeeching","Slimebound:Equalize"],"picked":"Slimebound:LeadByExample+1","floor":22},{"not_picked":["Slimebound:GoopTackle","Slimebound:Chomp"],"picked":"Slimebound:Schlurp+1","floor":23}],"player_experience":185886,"relics_obtained":[{"floor":8,"key":"Peace Pipe"},{"floor":10,"key":"Centennial Puzzle"},{"floor":24,"key":"Toxic Egg 2"}],"event_choices":[{"damage_healed":23,"gold_gain":0,"player_choice":"Banana","damage_taken":0,"max_hp_gain":0,"max_hp_loss":0,"event_name":"Big Fish","floor":14,"gold_loss":0}],"is_beta":false,"boss_relics":[{"not_picked":["Astrolabe","Philosopher\u0027s Stone"],"picked":"Cursed Key"}],"items_purged_floors":[13],"is_endless":false,"potions_floor_spawned":[2,5,6,8,10,15,19,21],"killed_by":"IC_STATUS_ARCHETYPE","ascension_level":0}}