{"host":"piuz6nvfxy08hmbs","time":1613025208,"event":{"mods":["ATMod(°¢èªMod)","Ascension Reborn","Aspiration","BaseMod","Better Vampires","Better-Laid Plans","BetterRewards","Challenge The Spire","Colored Powertips","Curses Come First","Dark Map","Defuse TimeMaze Blight","Energized Spire","Grow up Mod","Minty Spire (QoL Compilation)","MostiFishMod","Quick Restart","Red Circlet Mod","Relic Filter Mod","Reliquary","Remove Card Discount Mod","Replay The Spire","Reworked Bosses","RyuuouÁúÍõ","Shop Mod","Spicy Shops","StSLib","TestMod","Transform Curses","Uncapped","UnlockEverythingMod","Wide Potions","¡¾¹¦ÄÜMod¡¿»ìãçÖ®»·ÐÞ¸´²¹¶¡","¡¾ÒÅÎï¿¨ÅÆ¡¿REMEMod","óô»ðÖ¸ÄÏ"],"gold_per_floor":[],"floor_reached":23,"language":"ZHS","playtime":3021,"items_purged":[],"score":718,"play_id":"961d0027-4208-4765-ab28-6c0380f5d3d7","local_time":"20210211143328","daily_mods":["Uncertain Future"],"is_ascension_mode":false,"campfire_choices":[],"circlet_count":189,"master_deck":["Madness+1","Madness+1","Storm+1","Loop+1","Static Discharge+1","Heatsinks+1","Capacitor+1","Madness+1","Heatsinks+1","Hello World+1","Hello World+1","Defragment+1","Madness+1","Skim+1","Madness+1","Madness+1","Madness+1","Madness+1","Melter+1","Storm+1","Madness+1","Madness+1","Madness+1","Static Discharge+1","Heatsinks+1","Madness+1","Static Discharge+1","Hello World+1","Madness+1","Storm+1","Madness+1","Madness+1","Sunder+1","Static Discharge+1","Heatsinks+1","Madness+1","Madness+1","Defragment+1","Madness+1","Hello World+1","Madness+1","Self Repair+1","Madness+1","Defragment+1","Storm+1","Madness+1","Defragment+1","Madness+1","Heatsinks+1","Storm+1","Madness+1","Madness+1","Biased Cognition+1","Hello World+1","Heatsinks+1","Hello World+1","Madness+1","Loop+1","Capacitor+1","Defragment+1","Madness+1","Madness+1","Capacitor+1","Madness+1","Self Repair+1","Defragment+1","Madness+1","Madness+1","Madness+1","Madness+1","Madness+1","Madness+1","Night Terror+1","Madness+1","Madness+1","Berserk+1","Madness+1","Madness+1","Madness+1","After Image+1","Fire Breathing+1","Tactician+1","Madness+1","Madness+1","Night Terror+1","Immolate+1","Madness+1","After Image+1","Madness+1","Madness+1","After Image+1","After Image+1","Madness+1","Madness+1","Madness+1","Madness+1","Madness+1","Madness+1","Static Discharge+1","Madness+1","Madness+1","Dramatic Entrance+1","Corpse Explosion+1","Madness+1","Madness+1","Madness+1","Madness+1","Madness+1","Madness+1","Madness+1","Madness+1","Madness+1","Static Discharge+1","Capacitor+1","Sadistic Nature+1","Madness+1","Madness+1","Madness+1","Madness+1","Madness+1","Madness+1","Defragment+1","Defragment+1","Capacitor+1","Madness+1","Madness+1","Madness+1","Heatsinks+1","Static Discharge+1","Storm+1","Madness+1","Madness+1","Defragment+1","Loop+1","Static Discharge+1","Madness+1","Capacitor+1","Madness+1","Madness+1","Madness+1","Madness+1","Biased Cognition+1","Madness+1","Madness+1","Capacitor+1","Loop+1","Madness+1","Madness+1","Madness+1","Loop+1","Madness+1","FTL+1","Madness+1","Storm+1","Self Repair+1","Storm+1","Loop+1","Madness+1","Madness+1","Defragment+1","Capacitor+1","Capacitor+1","Madness+1","Madness+1","Heatsinks+1","Loop+1","Madness+1","Madness+1","Madness+1","Madness+1","Self Repair+1","Madness+1","Defragment+1","Madness+1","Finesse+1","Defragment+1","Turbo+1","Turbo+1","Turbo+1","Creative AI+1","AT_ThunderBolt+1","Capacitor+1","Capacitor+1","Static Discharge+1","Crystallizer+1","Storm+1","Loop+1","AT_ThreeBodyProblem+1","Defragment+1","Loop+1","CutThroughFate+1"],"relics":["Cracked Core","The Courier","Molten Egg 2","Toxic Egg 2","Frozen Egg 2","Circlet","OrangePellets","Nunchaku","Sundial","Potion Belt","Letter Opener","InkBottle","CeramicFish","Peace Pipe","Bag of Marbles","Art of War","Ancient Tea Set","Lantern","Ornamental Fan","Anchor","Bag of Preparation","Bronze Scales","Strawberry","Regal Pillow","Mercury Hourglass","Shovel","Toy Ornithopter","DataDisk","Akabeko","CaptainsWheel","Oddly Smooth Stone","Turnip","Symbiotic Virus","Dead Branch","HornCleat","Lizard Tail","Blood Vial","Happy Flower","Bottled Tornado","Pocketwatch","Mango","Cables","Centennial Puzzle","Pen Nib","Omamori","Unceasing Top","Shuriken","War Paint","Orichalcum","White Beast Statue","Whetstone","Boot","Meat on the Bone","Pear","MealTicket","Mummified Hand","Vajra","StrikeDummy","Bottled Lightning","Snake Skull","Red Skull","Darkstone Periapt","Paper Frog","Self Forming Clay","Blue Candle","Tough Bandages","Burning Blood","Paper Crane","Eternal Feather","Gambling Chip","Gremlin Horn","Ring of the Snake","StoneCalendar","Ninja Scroll","Charon\u0027s Ashes","Calipers","Torii","Bird Faced Urn","Ginger","FossilizedHelix","Magic Flower","Champion Belt","Incense Burner","TungstenRod","Thread and Needle","Ice Cream","Tingsha","Kunai","Du-Vu Doll","Emotion Chip","The Specimen","TheAbacus","ChiXiaoBlade","aspiration:Nostalgia","Replay:M_StaffOfTheSnake","Civilization"],"acts_visited":["TheCity"],"potions_floor_usage":[],"damage_taken":[],"seed_played":"8520977242161912989","potions_obtained":[],"is_trial":true,"path_per_floor":[],"character_chosen":"DEFECT","items_purchased":[],"campfire_rested":1,"item_purchase_floors":[],"current_hp_per_floor":[],"gold":999939437,"neow_bonus":"","is_daily":false,"chose_seed":false,"campfire_upgraded":0,"win_rate":0.0,"timestamp":1613025208,"path_taken":[],"items_purchased_type":["Relic","Card","Card","Card","Card","Card","Card","Card","Card","Card","Card","Relic","Relic","Relic","Relic","Relic","Relic","Relic","Relic","Potion","Relic","Relic","Relic","Relic","Relic","Relic","Relic","Relic","Relic","Relic","Relic","Relic","Relic","Relic","Relic","Relic","Relic","Relic","Relic","Relic","Relic","Relic","Relic","Relic","Relic","Relic","Relic","Relic","Relic","Relic","Relic","Relic","Relic","Card","Card","Card","Card","Card","Card","Card","Card","Card","Card","Card","Card","Card","Card","Card","Card","Card","Card","Card","Card","Card","Card","Card","Card","Card","Card","Card","Card","Card","Card","Card","Relic","Card","Card","Card","Card","Card","Card","Card","Card","Card","Card","Card","Card","Card","Card","Card","Card","Card","Card","Card","Card","Card","Card","Card","Card","Card","Card","Card","Card","Card","Card","Card","Card","Card","Card","Card","Card","Card","Card","Card","Card","Relic","Relic","Relic","Relic","Relic","Relic","Relic","Relic","Relic","Relic","Relic","Relic","Relic","Relic","Relic","Relic","Relic","Relic","Relic","Relic","Relic","Relic","Relic","Relic","Relic","Relic","Relic","Relic","Relic","Relic","Relic","Relic","Relic","Relic","Relic","Relic","Relic","Relic","Relic","Relic","Relic","Relic","Relic","Relic","Relic","Relic","Relic","Relic","Relic","Relic","Relic","Relic","Relic","Relic","Relic","Relic","Relic","Relic","Relic","Relic","Relic","Relic","Relic","Relic","Relic","Relic","Relic","Relic","Relic","Relic","Relic","Relic","Card","Card","Card","Card","Card","Card","Card","Card","Card","Card","Card","Card","Card","Card","Card","Card","Card","Card","Card","Card","Card","Card","Card","Card","Card","Card","Card","Card","Card","Card","Card","Card","Card","Card","Card","Relic","Relic","Relic","Relic","Relic","Relic","Relic","Relic","Relic","Relic","Relic","Relic","Relic","Relic","Relic","Relic","Relic","Relic","Relic","Relic","Relic","Relic","Relic","Relic","Relic","Relic","Relic","Relic","Relic","Relic","Relic","Relic","Relic","Relic","Relic","Relic","Relic","Relic","Relic","Relic","Relic","Relic","Relic","Relic","Relic","Relic","Relic","Relic","Relic","Relic","Relic","Relic","Relic","Relic","Relic","Relic","Relic","Relic","Relic","Relic","Relic","Relic","Relic","Relic","Relic","Relic","Relic","Relic","Relic","Relic","Relic","Relic","Relic","Relic","Relic","Relic","Relic","Relic","Relic","Relic","Relic","Relic","Relic","Relic","Relic","Relic","Relic","Relic","Relic","Relic","Relic","Relic","Relic","Relic","Relic","Relic","Relic","Relic","Relic","Relic","Relic","Relic","Relic","Relic","Relic","Relic","Relic","Relic","Relic","Relic","Relic","Relic","Relic","Relic","Relic","Relic","Relic","Relic","Relic","Relic","Relic","Relic","Relic","Relic","Relic","Relic","Relic","Relic","Relic","Relic","Relic","Relic","Relic","Relic","Relic","Relic","Relic","Relic","Relic","Relic","Relic","Relic","Relic","Relic","Relic","Relic","Card","Card","Card","Card","Card","Card","Card","Card","Card","Card","Card","Card","Card","Card","Card","Card","Card","Relic","Relic","Relic","Relic","Card","Card","Card","Relic","Undefined","Relic","Card","Card","Card","Card","Card","Card","Card","Card","Card","Card","Card","Card","Card","Card","Card","Card","Card","Card","Card","Card","Card","Card","Card","Card","Card","Card","Card","Card","Card","Card","Card","Card","Card","Card","Card","Card","Card","Card","Card","Card","Card","Card","Card","Card","Card","Card","Card","Card","Card","Card","Card","Card","Card","Card","Card","Card","Card","Card","Card","Potion","Potion","Potion","Potion","Potion","Potion","Potion","Card","Card","Relic","Relic","Card","Card","Card","Card","Card","Card","Card","Card","Card","Potion","Potion"],"build_version":"2020-12-22","purchased_purges":73,"victory":false,"max_hp_per_floor":[],"card_choices":[],"player_experience":21144,"relics_obtained":[],"event_choices":[],"is_beta":false,"boss_relics":[],"items_purged_floors":[],"is_endless":false,"potions_floor_spawned":[],"killed_by":"Centurion and Healer","ascension_level":0}}