{"host":"fmb9x04chdot191d","time":1613002163,"event":{"mods":["2.2 Compatiblity","AchievementEnabler","BaseMod","BetterRewards","Colored Map","Downfall","Hermit","Highlight Path","Marisa（霧雨　魔理沙）","Minty Spire (QoL Compilation)","Permanent Neow","Quick Restart","Replay The Spire","StSLib","The Servant 0.9.4","[IsaacMod]以撒尖塔"],"gold_per_floor":[215,226,19,35,50,50,83,103,103,103,103],"floor_reached":10,"language":"ENG","playtime":809,"items_purged":[],"score":77,"play_id":"c36e3ea6-3ac3-4cdc-8520-3c989d028d94","local_time":"20210211130923","is_ascension_mode":true,"campfire_choices":[{"data":"Replay:Bag of Tricks","floor":6,"key":"SMITH"}],"circlet_count":0,"master_deck":["Strike_G","Strike_G","Strike_G","Strike_G","Strike_G","Defend_G","Defend_G","Defend_G","Defend_G","Defend_G","Survivor","Neutralize","Cloak And Dagger","ReplayTheSpireMod:Scrap Shanks","ReplayTheSpireMod:Scrap Shanks","Replay:Bag of Tricks+1","Finisher"],"relics":["Ring of the Snake","HushsDoor","YumHeart","Pet Ghost","HowToJump"],"acts_visited":["Exordium"],"potions_floor_usage":[],"damage_taken":[{"damage":0,"enemies":"Cultist","floor":1,"turns":5},{"damage":0,"enemies":"2 Louse","floor":2,"turns":4},{"damage":0,"enemies":"Jaw Worm","floor":4,"turns":4},{"damage":6,"enemies":"Gremlin Gang","floor":5,"turns":6},{"damage":9,"enemies":"Replay:BlueRogue","floor":7,"turns":8},{"damage":4,"enemies":"Lots of Slimes","floor":8,"turns":5},{"damage":0,"enemies":"3 Sentries","floor":10,"turns":1}],"seed_played":"-7199569557297488828","potions_obtained":[{"floor":2,"key":"Energy Potion"},{"floor":7,"key":"Explosive Potion"},{"floor":8,"key":"sneckomod:MuddlingPotion"}],"is_trial":false,"path_per_floor":["M","M","$","M","M","R","E","M","T","E"],"character_chosen":"THE_SILENT","items_purchased":["ReplayTheSpireMod:Scrap Shanks","Pet Ghost"],"campfire_rested":0,"item_purchase_floors":[3,3],"current_hp_per_floor":[70,70,70,70,64,64,55,51,70,70,70],"gold":103,"neow_bonus":"HUNDRED_GOLD","is_daily":false,"chose_seed":false,"campfire_upgraded":1,"win_rate":0.0,"timestamp":1613002163,"path_taken":["M","?","$","M","M","R","E","M","T","E"],"items_purchased_type":["Card","Relic"],"build_version":"2020-12-22","purchased_purges":0,"victory":false,"max_hp_per_floor":[70,70,70,70,70,70,70,70,70,70,70],"card_choices":[{"not_picked":["Dagger Spray","Predator"],"picked":"Cloak And Dagger","floor":1},{"not_picked":["Dagger Throw","Underhanded Strike","PiercingWail"],"picked":"SKIP","floor":2},{"not_picked":["Slice","PiercingWail"],"picked":"Replay:Bag of Tricks","floor":4},{"not_picked":["Blur","Deflect","Deadly Poison"],"picked":"SKIP","floor":5},{"not_picked":["Deflect","ReplayTheSpireMod:Speed Training"],"picked":"Finisher","floor":7},{"not_picked":["Reflex","Outmaneuver","Dagger Spray"],"picked":"SKIP","floor":8}],"player_experience":90477,"relics_obtained":[{"floor":7,"key":"HowToJump"}],"event_choices":[],"is_beta":false,"boss_relics":[],"items_purged_floors":[],"is_endless":false,"potions_floor_spawned":[2,7,8],"killed_by":"3 Sentries","ascension_level":2}}