{"host":"wrdw6zkxuilnr6rg","time":1612671005,"event":{"mods":["BaseMod","Bestiary","Colored Powertips","Hermit","Highlight Path","Minty Spire (QoL Compilation)","Quick Restart","Relic Stats","StSLib"],"gold_per_floor":[117,128,128,128,78,78,105,105,105,35,35,49,124,158,158,260,260,271,282,282,293,310,310,342,342,421,421,436,396,416,416,416,416,416],"floor_reached":33,"language":"ENG","playtime":1023,"items_purged":[],"score":365,"play_id":"96f15f68-61da-46ac-808c-faccbd03eb5e","local_time":"20210207071005","is_ascension_mode":true,"campfire_choices":[{"data":"Cloak And Dagger","floor":6,"key":"SMITH"},{"data":"Infinite Blades","floor":8,"key":"SMITH"},{"data":"A Thousand Cuts","floor":15,"key":"SMITH"},{"data":"Envenom","floor":23,"key":"SMITH"},{"data":"Footwork","floor":25,"key":"SMITH"},{"data":"Accuracy","floor":27,"key":"SMITH"},{"data":"Phantasmal Killer","floor":32,"key":"SMITH"}],"circlet_count":0,"master_deck":["Strike_G","Strike_G","Strike_G","Strike_G","Defend_G","Defend_G","Defend_G","Defend_G","Defend_G","Survivor","Neutralize+1","Finesse","PiercingWail","Cloak And Dagger+1","Infinite Blades+1","Accuracy+1","A Thousand Cuts+1","Blade Dance","Envenom+1","Blade Dance","Choke+1","Distraction+1","Phantasmal Killer+1","Footwork+1","Escape Plan+1","Blade Dance+1"],"relics":["Ring of the Snake","Smiling Mask","Letter Opener","Molten Egg 2","Orichalcum","Coffee Dripper","Nunchaku","Toxic Egg 2"],"acts_visited":["Exordium","TheCity"],"potions_floor_usage":[7,16,18,21,21,22,28,30,33,33,33],"damage_taken":[{"damage":0,"enemies":"2 Louse","floor":1,"turns":3},{"damage":5,"enemies":"Cultist","floor":2,"turns":5},{"damage":23,"enemies":"Gremlin Nob","floor":7,"turns":5},{"damage":0,"enemies":"Small Slimes","floor":12,"turns":3},{"damage":0,"enemies":"Lagavulin","floor":14,"turns":6},{"damage":0,"enemies":"Hexaghost","floor":16,"turns":8},{"damage":6,"enemies":"Shell Parasite","floor":18,"turns":3},{"damage":0,"enemies":"3 Byrds","floor":19,"turns":4},{"damage":7,"enemies":"Snake Plant","floor":21,"turns":5},{"damage":4,"enemies":"Chosen and Byrds","floor":22,"turns":2},{"damage":9,"enemies":"Book of Stabbing","floor":24,"turns":4},{"damage":18,"enemies":"3 Cultists","floor":28,"turns":4},{"damage":0,"enemies":"Shelled Parasite and Fungi","floor":30,"turns":2},{"damage":0,"enemies":"Colosseum Slavers","floor":31,"turns":3},{"damage":35,"enemies":"Automaton","floor":33,"turns":6}],"seed_played":"1131459241709741456","potions_obtained":[{"floor":1,"key":"SkillPotion"},{"floor":11,"key":"SpeedPotion"},{"floor":11,"key":"EssenceOfSteel"},{"floor":11,"key":"Energy Potion"},{"floor":12,"key":"Dexterity Potion"},{"floor":16,"key":"Explosive Potion"},{"floor":19,"key":"Weak Potion"},{"floor":21,"key":"Energy Potion"},{"floor":29,"key":"DuplicationPotion"},{"floor":29,"key":"CultistPotion"},{"floor":29,"key":"Poison Potion"},{"floor":30,"key":"PowerPotion"}],"is_trial":false,"path_per_floor":["M","M","?","?","?","R","E","R","T","$","?","M","?","E","R","B",null,"M","M","?","M","M","R","E","R","T","R","M","?","M","?","R","B"],"character_chosen":"THE_SILENT","items_purchased":["Accuracy"],"campfire_rested":0,"item_purchase_floors":[10],"current_hp_per_floor":[70,65,62,62,62,62,39,39,39,39,39,39,28,28,28,28,70,64,64,51,44,40,40,31,31,31,31,13,13,13,13,13,0,0],"gold":416,"neow_bonus":"RANDOM_COLORLESS","is_daily":false,"chose_seed":false,"campfire_upgraded":7,"win_rate":0.0,"timestamp":1612671005,"path_taken":["M","M","?","?","?","R","E","R","T","$","?","?","?","E","R","BOSS","M","M","?","M","M","R","E","R","T","R","M","?","?","?","R","BOSS"],"items_purchased_type":["Card"],"build_version":"2020-12-22","purchased_purges":0,"victory":false,"max_hp_per_floor":[70,70,70,70,70,70,70,70,70,70,70,70,70,70,70,70,70,70,70,75,75,75,75,75,75,75,75,75,75,75,75,75,75,75],"relic_stats":{"Nunchaku":[6],"counters":[15,63],"Letter Opener":[126],"Orichalcum":[60],"Smiling Mask":0,"obtain_stats":[{"Nunchaku":24,"Molten Egg 2":9,"Coffee Dripper":17,"Letter Opener":7,"Orichalcum":14,"Toxic Egg 2":26,"Smiling Mask":3,"Ring of the Snake":0},{"Nunchaku":11,"Molten Egg 2":3,"Coffee Dripper":6,"Letter Opener":3,"Orichalcum":5,"Toxic Egg 2":11,"Smiling Mask":2,"Ring of the Snake":0},{"Nunchaku":48,"Molten Egg 2":13,"Coffee Dripper":30,"Letter Opener":13,"Orichalcum":22,"Toxic Egg 2":48,"Smiling Mask":8,"Ring of the Snake":0}],"Ring of the Snake":[30]},"card_choices":[{"not_picked":["Impatience","Forethought"],"picked":"Finesse","floor":0},{"not_picked":["Dagger Throw","Acrobatics"],"picked":"PiercingWail","floor":1},{"not_picked":["Backflip","Prepared"],"picked":"Cloak And Dagger","floor":2},{"not_picked":["Concentrate","Quick Slash"],"picked":"Infinite Blades","floor":7},{"not_picked":["Cloak And Dagger","Footwork"],"picked":"A Thousand Cuts","floor":12},{"not_picked":["Infinite Blades","Eviscerate+1"],"picked":"Blade Dance","floor":14},{"not_picked":["Grand Finale+1","Corpse Explosion"],"picked":"Envenom","floor":16},{"not_picked":["Sucker Punch+1","Backstab+1"],"picked":"Blade Dance","floor":18},{"not_picked":["Blur","Prepared+1"],"picked":"Choke+1","floor":19},{"not_picked":["Poisoned Stab+1","Cloak And Dagger"],"picked":"Distraction+1","floor":21},{"not_picked":["Acrobatics","Endless Agony+1"],"picked":"Phantasmal Killer","floor":22},{"not_picked":["Acrobatics","Dodge and Roll"],"picked":"Footwork","floor":24},{"not_picked":["Flechettes+1","Eviscerate+1"],"picked":"Escape Plan+1","floor":28},{"not_picked":["Outmaneuver+1","Flying Knee+1"],"picked":"Blade Dance+1","floor":30}],"player_experience":1517091,"relics_obtained":[{"floor":7,"key":"Letter Opener"},{"floor":9,"key":"Molten Egg 2"},{"floor":14,"key":"Orichalcum"},{"floor":24,"key":"Nunchaku"},{"floor":26,"key":"Toxic Egg 2"}],"event_choices":[{"damage_healed":0,"gold_gain":0,"player_choice":"Success","damage_taken":3,"relics_obtained":["Smiling Mask"],"max_hp_gain":0,"max_hp_loss":0,"event_name":"Scrap Ooze","floor":3,"gold_loss":0},{"damage_healed":0,"gold_gain":0,"player_choice":"Grow","damage_taken":0,"max_hp_gain":0,"max_hp_loss":0,"event_name":"Living Wall","floor":4,"gold_loss":0,"cards_upgraded":["Neutralize"]},{"cards_removed":["Strike_G"],"damage_healed":0,"gold_gain":0,"player_choice":"Card Removal","damage_taken":0,"max_hp_gain":0,"max_hp_loss":0,"event_name":"The Cleric","floor":5,"gold_loss":50},{"damage_healed":0,"gold_gain":0,"player_choice":"Got Potions","damage_taken":0,"max_hp_gain":0,"max_hp_loss":0,"event_name":"Lab","floor":11,"gold_loss":0},{"damage_healed":0,"gold_gain":75,"player_choice":"Gather Gold","damage_taken":11,"max_hp_gain":0,"max_hp_loss":0,"event_name":"World of Goop","floor":13,"gold_loss":0},{"damage_healed":0,"gold_gain":0,"player_choice":"Shed Blood","damage_taken":18,"max_hp_gain":5,"max_hp_loss":0,"event_name":"Forgotten Altar","floor":20,"gold_loss":0},{"damage_healed":0,"gold_gain":0,"player_choice":"Bought 3 Potions","damage_taken":0,"max_hp_gain":0,"max_hp_loss":0,"event_name":"The Woman in Blue","floor":29,"gold_loss":0},{"damage_healed":0,"gold_gain":0,"player_choice":"Fight","damage_taken":0,"max_hp_gain":0,"max_hp_loss":0,"event_name":"Colosseum","floor":31,"gold_loss":0},{"damage_healed":0,"gold_gain":0,"player_choice":"Fled From Nobs","damage_taken":0,"max_hp_gain":0,"max_hp_loss":0,"event_name":"Colosseum","floor":31,"gold_loss":0}],"is_beta":false,"boss_relics":[{"not_picked":["Ectoplasm","Pandora\u0027s Box"],"picked":"Coffee Dripper"}],"items_purged_floors":[],"is_endless":false,"potions_floor_spawned":[1,12,16,19,21,30],"killed_by":"Automaton","ascension_level":1}}