{"host":"i1fqlpve17okw40o","time":1613061041,"event":{"mods":["A Magickal Journey","Act Like it!","Aspiration","BaseMod","BetterRewards","CapriCore","Colored Map","Colored Powertips","Downfall","Elementarium","Energized Spire","Glutton Mod","Halation","Hermit","Highlight Path","Hubris","Koishi","Marisa????????","Mimic Mod","Minty Spire (QoL Compilation)","Quick Restart","Random Character Button","Relic Sorter","Reliquary","Replay The Spire","Retaliation","Reworked Bosses","Shade Mod","StSLib","SuperFastMode","Td1madao Mod","The Construct","The Disciple","The Forsaken","The Immortal","The Runesmith","The Senshi","The Servant 0.9.4"],"gold_per_floor":[113,13,13,33,33,33,63,28,63,74,102,102,136,155,155,155,155],"floor_reached":16,"language":"ENG","playtime":613,"items_purged":[],"score":193,"play_id":"d36a164c-7750-49d6-b5df-665be3737b46","local_time":"20210211103041","is_ascension_mode":false,"campfire_choices":[{"data":"Ragnarok","floor":6,"key":"SMITH"},{"data":"Protect","floor":12,"key":"SMITH"},{"floor":15,"key":"REST"}],"circlet_count":0,"master_deck":["Strike_P","Strike_P","Strike_P","Strike_P+1","Defend_P","Defend_P+1","Defend_P","Defend_P","Eruption","Vigilance","MentalFortress","Consecrate","Consecrate","EmptyBody","Ragnarok+1","Protect+1","MentalFortress","WreathOfFlame"],"relics":["PureWater","Chameleon Ring","hubris:ToyBattleship","Blue Doll"],"acts_visited":["Exordium"],"potions_floor_usage":[7,9,11,16,16],"damage_taken":[{"damage":2,"enemies":"Small Slimes","floor":1,"turns":3},{"damage":0,"enemies":"2 Louse","floor":4,"turns":3},{"damage":6,"enemies":"Gremlin Nob","floor":7,"turns":4},{"damage":22,"enemies":"Jaw Worm","floor":9,"turns":13},{"damage":0,"enemies":"Jaw Worm","floor":10,"turns":3},{"damage":0,"enemies":"Lagavulin","floor":11,"turns":2},{"damage":15,"enemies":"3 Sentries","floor":13,"turns":5},{"damage":0,"enemies":"Large Slime","floor":14,"turns":4},{"damage":52,"enemies":"Hexaghost","floor":16,"turns":12}],"seed_played":"5184612133726007320","potions_obtained":[{"floor":4,"key":"LiquidBronze"},{"floor":10,"key":"SteroidPotion"},{"floor":13,"key":"Guardian:BlockOnCardUsePotion"},{"floor":14,"key":"GamblersBrew"}],"is_trial":false,"path_per_floor":["M","$","?","M","$","R","E","?","MIM","M","E","R","E","M","R","B"],"character_chosen":"WATCHER","items_purchased":["MentalFortress","Consecrate","Flashbang"],"campfire_rested":1,"item_purchase_floors":[0,0,2],"current_hp_per_floor":[70,70,56,56,56,56,50,68,46,46,46,46,31,31,52,0,0],"gold":155,"neow_bonus":"","is_daily":false,"chose_seed":false,"campfire_upgraded":2,"win_rate":0.0,"timestamp":1613061041,"path_taken":["M","$","?","M","$","R","E","?","MIM","M","E","R","E","M","R","BOSS"],"items_purchased_type":["Card","Card","Potion"],"build_version":"2020-12-22","purchased_purges":0,"victory":false,"max_hp_per_floor":[72,72,72,72,72,72,72,72,72,72,72,72,72,72,72,72,72],"card_choices":[{"not_picked":["Prostrate","EmptyFist"],"picked":"EmptyBody","floor":1},{"not_picked":["CarveReality","PathToVictory"],"picked":"Ragnarok","floor":4},{"not_picked":["Study","PathToVictory","JustLucky"],"picked":"SKIP","floor":7},{"not_picked":["FlyingSleeves","ThirdEye","CrushJoints"],"picked":"SKIP","floor":10},{"not_picked":["Replay:Vibes","BattleHymn"],"picked":"Protect","floor":11},{"not_picked":["Replay:AtTheReady","ClearTheMind"],"picked":"MentalFortress","floor":13},{"not_picked":["Adaptation","Replay:BluntJabs"],"picked":"WreathOfFlame","floor":14}],"player_experience":425761,"relics_obtained":[{"floor":9,"key":"Chameleon Ring"},{"floor":11,"key":"hubris:ToyBattleship"},{"floor":13,"key":"Blue Doll"}],"event_choices":[{"damage_healed":0,"gold_gain":0,"player_choice":"Entered Light","damage_taken":14,"max_hp_gain":0,"max_hp_loss":0,"event_name":"Shining Light","floor":3,"gold_loss":0,"cards_upgraded":["Strike_P","Defend_P"]},{"damage_healed":18,"gold_gain":0,"player_choice":"Healed","damage_taken":0,"max_hp_gain":0,"max_hp_loss":0,"event_name":"The Cleric","floor":8,"gold_loss":35}],"is_beta":false,"boss_relics":[],"items_purged_floors":[],"is_endless":false,"potions_floor_spawned":[4,10,13,14],"killed_by":"Hexaghost","ascension_level":0}}