{"host":"w4b7hmige5bnqipq","time":1613021674,"event":{"mods":["2.2 Compatiblity","BaseMod","Colored Map","DeckTracker","Keyboard Shortcuts","Minty Spire (QoL Compilation)","Permanent Neow","Rare Cards Sparkle","SuperFastMode","everything is the same but u backflip on backflip","slay the spire mod where everything is the same but ironclad has a cowboy hat"],"gold_per_floor":[113,126,14,14,30,30,62,77,77,77,87,117,137,287,287,366,366,377,327,327,247,247,247,247,247,247],"floor_reached":25,"language":"KOR","playtime":805,"items_purged":["Strike_G","Strike_G"],"score":398,"play_id":"ae0440de-7e8d-48c5-8f8f-c5c5effe8c5a","local_time":"20210211143434","is_ascension_mode":true,"campfire_choices":[{"data":"Sucker Punch","floor":6.0,"key":"SMITH"},{"floor":10.0,"key":"REST"},{"data":"Bouncing Flask","floor":15.0,"key":"SMITH"},{"data":"Tactician","floor":23,"key":"SMITH"}],"circlet_count":0,"master_deck":["AscendersBane","Strike_G","Strike_G","Defend_G+1","Defend_G","Defend_G","Defend_G+1","Defend_G","Survivor","Neutralize","Bouncing Flask+1","Tactician+1","Dash","Sucker Punch+1","PiercingWail","Backflip","Grand Finale","Catalyst","Acrobatics"],"relics":["Ring of the Snake","Incense Burner","Smiling Mask","Mummified Hand","Sundial","War Paint","Empty Cage"],"acts_visited":["Exordium","TheCity"],"potions_floor_usage":[],"damage_taken":[{"damage":9.0,"enemies":"Cultist","floor":1.0,"turns":5.0},{"damage":7.0,"enemies":"Jaw Worm","floor":2.0,"turns":3.0},{"damage":0.0,"enemies":"2 Louse","floor":5.0,"turns":3.0},{"damage":19.0,"enemies":"Gremlin Nob","floor":7.0,"turns":4.0},{"damage":3.0,"enemies":"Looter","floor":8.0,"turns":4.0},{"damage":0.0,"enemies":"Blue Slaver","floor":11.0,"turns":6.0},{"damage":17.0,"enemies":"3 Louse","floor":13.0,"turns":6.0},{"damage":12.0,"enemies":"The Guardian","floor":16.0,"turns":13.0},{"damage":4.0,"enemies":"Spheric Guardian","floor":18.0,"turns":5.0},{"damage":9.0,"enemies":"2 Thieves","floor":21.0,"turns":4.0},{"damage":12,"enemies":"Sentry and Sphere","floor":25,"turns":4}],"seed_played":"-2006522140671475871","potions_obtained":[{"floor":1.0,"key":"Weak Potion"},{"floor":5.0,"key":"Strength Potion"},{"floor":8.0,"key":"Regen Potion"}],"is_trial":false,"path_per_floor":["M","M","$","T","M","R","E","M","T","R","M","?","M","?","R","B",null,"M","$","?","M","?","R","?","M"],"character_chosen":"THE_SILENT","items_purchased":["Dash"],"campfire_rested":1,"item_purchase_floors":[3],"current_hp_per_floor":[35,28,28,28,28,28,9,6,6,25,40,40,23,23,23,11,52,48,48,48,39,21,21,21,9,9],"gold":247,"neow_bonus":"ONE_RARE_RELIC","is_daily":false,"chose_seed":false,"campfire_upgraded":3,"win_rate":0.0,"timestamp":1613021674,"path_taken":["M","M","$","?","M","R","E","M","T","R","M","?","M","?","R","BOSS","M","$","?","M","?","R","?","M"],"items_purchased_type":["Card"],"build_version":"2020-12-22","purchased_purges":2,"victory":false,"max_hp_per_floor":[66,66,66,66,66,66,66,66,66,66,66,66,66,66,66,66,66,66,66,66,66,71,71,71,71,71],"card_choices":[{"not_picked":["Finisher","Deflect"],"picked":"Bouncing Flask","floor":1.0},{"not_picked":["Outmaneuver","Dagger Spray"],"picked":"Tactician","floor":2.0},{"not_picked":["Poisoned Stab","Tactician"],"picked":"Sucker Punch","floor":5.0},{"not_picked":["Prepared","Dash"],"picked":"PiercingWail","floor":7.0},{"not_picked":["Deadly Poison","Bane"],"picked":"Backflip","floor":8.0},{"not_picked":["Choke","Poisoned Stab","PiercingWail"],"picked":"SKIP","floor":11.0},{"not_picked":["Prepared","Backflip","PiercingWail"],"picked":"SKIP","floor":13.0},{"not_picked":["Malaise","Wraith Form v2"],"picked":"Grand Finale","floor":16.0},{"not_picked":["Endless Agony","Outmaneuver"],"picked":"Catalyst","floor":18.0},{"not_picked":["Eviscerate+1","Dagger Throw","PiercingWail"],"picked":"SKIP","floor":21}],"player_experience":732271,"relics_obtained":[{"floor":4.0,"key":"Smiling Mask"},{"floor":7.0,"key":"Mummified Hand"},{"floor":9.0,"key":"Sundial"}],"event_choices":[{"damage_healed":0.0,"max_hp_gain":0.0,"max_hp_loss":0.0,"gold_gain":30.0,"event_name":"Dead Adventurer","player_choice":"Searched \u00273\u0027 times","floor":12.0,"gold_loss":0.0,"damage_taken":0.0,"relics_obtained":["War Paint"]},{"damage_healed":0.0,"max_hp_gain":0.0,"max_hp_loss":0.0,"gold_gain":150.0,"event_name":"Liars Game","player_choice":"AGREE","floor":14.0,"gold_loss":0.0,"damage_taken":0.0,"cards_obtained":["Doubt"]},{"damage_healed":0.0,"max_hp_gain":0.0,"max_hp_loss":0.0,"gold_gain":0.0,"event_name":"The Library","player_choice":"Read","floor":20.0,"gold_loss":0.0,"damage_taken":0.0,"cards_obtained":["Acrobatics"]},{"damage_healed":0,"gold_gain":0,"player_choice":"Shed Blood","damage_taken":23,"max_hp_gain":5,"max_hp_loss":0,"event_name":"Forgotten Altar","floor":22,"gold_loss":0},{"damage_healed":0,"gold_gain":0,"player_choice":"Ignored","damage_taken":0,"max_hp_gain":0,"max_hp_loss":0,"event_name":"Ghosts","floor":24,"gold_loss":0}],"is_beta":false,"boss_relics":[{"not_picked":["Cursed Key","SlaversCollar"],"picked":"Empty Cage"}],"items_purged_floors":[3,19],"is_endless":false,"potions_floor_spawned":[1,5,8],"killed_by":"Sentry and Sphere","ascension_level":20}}