{"host":"wz9xchfsxwfj1bs2","time":1613029849,"event":{"mods":["BaseMod","Minty Spire (QoL Compilation)","Quick Restart","StSLib"],"gold_per_floor":[112,37,37,37,37,66,78,123,160,202,214,401,432,457,469,585,597,628,640,669,694,706,718,745,768,780,808,820,846,858,870,882,996,1008,1032,1063,1125,1188,1200,1243,1269,1308,1320,1361,1373,1414,662,682,682,682,682,682,45,71,71],"floor_reached":56,"language":"ZHS","playtime":6266,"items_purged":["Strike_P","Doubt","Judgement+1"],"score":1409,"play_id":"3902a455-41d1-48ef-bbfc-356336e99385","local_time":"20210211155049","is_ascension_mode":true,"campfire_choices":[{"data":"ForeignInfluence","floor":7.0,"key":"SMITH"},{"data":"Blasphemy","floor":11.0,"key":"SMITH"},{"data":"Crescendo","floor":15.0,"key":"SMITH"},{"floor":23.0,"key":"RECALL"},{"floor":32.0,"key":"REST"},{"floor":45.0,"key":"REST"},{"floor":49.0,"key":"REST"},{"floor":52.0,"key":"REST"}],"circlet_count":0,"master_deck":["Eruption+1","Vigilance+1","ForeignInfluence+1","Blasphemy+1","Crescendo+1","DevaForm+1","SpiritShield+1","MasterReality+1","Conclude+1","ThirdEye+1","Pray+1","ClearTheMind+1","LessonLearned+1","Necronomicurse","Study+1","Madness+1","ConjureBlade+1","Study+1","DevaForm+1","Panache+1"],"relics":["PureWater","NeowsBlessing","Ornamental Fan","MawBank","CaptainsWheel","Oddly Smooth Stone","Pocketwatch","Pandora\u0027s Box","Necronomicon","Fusion Hammer","Mango","Lizard Tail","Lantern","Mummified Hand","War Paint","TungstenRod","Centennial Puzzle","HornCleat","Chemical X","Art of War","Frozen Egg 2","Bottled Tornado","Kunai"],"acts_visited":["Exordium","TheCity","TheBeyond","TheEnding"],"potions_floor_usage":[55,55],"damage_taken":[{"damage":0.0,"enemies":"Cultist","floor":1.0,"turns":1.0},{"damage":0.0,"enemies":"Lagavulin","floor":6.0,"turns":1.0},{"damage":0.0,"enemies":"Gremlin Nob","floor":8.0,"turns":1.0},{"damage":27.0,"enemies":"3 Sentries","floor":10.0,"turns":11.0},{"damage":0.0,"enemies":"2 Louse","floor":13.0,"turns":2.0},{"damage":6.0,"enemies":"Jaw Worm","floor":14.0,"turns":2.0},{"damage":25.0,"enemies":"The Guardian","floor":16.0,"turns":12.0},{"damage":0.0,"enemies":"Chosen","floor":18.0,"turns":6.0},{"damage":6.0,"enemies":"3 Byrds","floor":20.0,"turns":3.0},{"damage":0.0,"enemies":"Sentry and Sphere","floor":21.0,"turns":2.0},{"damage":4.0,"enemies":"Chosen and Byrds","floor":24.0,"turns":3.0},{"damage":9.0,"enemies":"Centurion and Healer","floor":25.0,"turns":4.0},{"damage":1.0,"enemies":"Shelled Parasite and Fungi","floor":27.0,"turns":3.0},{"damage":0.0,"enemies":"Chosen and Byrds","floor":29.0,"turns":4.0},{"damage":8.0,"enemies":"Champ","floor":33.0,"turns":8.0},{"damage":0.0,"enemies":"3 Shapes","floor":35.0,"turns":3.0},{"damage":0.0,"enemies":"3 Darklings","floor":36.0,"turns":5.0},{"damage":0.0,"enemies":"Mind Bloom Boss Battle","floor":37.0,"turns":3.0},{"damage":27.0,"enemies":"2 Orb Walkers","floor":38.0,"turns":5.0},{"damage":9.0,"enemies":"Reptomancer","floor":40.0,"turns":6.0},{"damage":16.0,"enemies":"Writhing Mass","floor":41.0,"turns":4.0},{"damage":7.0,"enemies":"Nemesis","floor":42.0,"turns":7.0},{"damage":12.0,"enemies":"Giant Head","floor":44.0,"turns":6.0},{"damage":23.0,"enemies":"Nemesis","floor":46.0,"turns":7.0},{"damage":15.0,"enemies":"Maw","floor":48.0,"turns":3.0},{"damage":35.0,"enemies":"Time Eater","floor":50.0,"turns":5.0},{"damage":15,"enemies":"Shield and Spear","floor":54,"turns":3},{"damage":45,"enemies":"The Heart","floor":55,"turns":6}],"seed_played":"-943894209776013374","potions_obtained":[{"floor":1.0,"key":"BottledMiracle"},{"floor":10.0,"key":"DistilledChaos"},{"floor":13.0,"key":"Explosive Potion"},{"floor":18.0,"key":"PowerPotion"},{"floor":21.0,"key":"GamblersBrew"},{"floor":27.0,"key":"SneckoOil"},{"floor":37.0,"key":"Fire Potion"},{"floor":40.0,"key":"BlessingOfTheForge"},{"floor":41.0,"key":"StancePotion"},{"floor":42.0,"key":"Strength Potion"},{"floor":48.0,"key":"Regen Potion"}],"is_trial":false,"path_per_floor":["M","$","$","?","?","E","R","E","T","E","R","?","M","M","R","B",null,"M","?","M","M","?","R","M","M","T","M","?","M","$","?","R","B",null,"M","M","?","?","T","E","M","E","T","E","R","E","$","M","R","B",null,"R","$","E","B",null],"character_chosen":"WATCHER","items_purchased":["Chemical X","DuplicationPotion","Art of War","Frozen Egg 2","SpeedPotion","Panache+1","Bottled Tornado","GamblersBrew"],"campfire_rested":4,"item_purchase_floors":[47,47,47,47,47,53,53,53],"current_hp_per_floor":[72,72,72,65,62,62,62,62,62,35,35,35,35,29,29,4,72,72,72,66,66,50,50,46,37,37,36,24,24,24,11,34,26,77,77,77,91,64,64,55,39,32,32,20,47,24,24,9,36,1,91,91,91,76,46],"gold":71,"neow_bonus":"THREE_ENEMY_KILL","is_daily":false,"chose_seed":false,"campfire_upgraded":3,"win_rate":0.0,"timestamp":1613029849,"path_taken":["M","?","$","?","?","E","R","E","T","E","R","?","?","M","R","BOSS","M","?","M","M","?","R","M","M","T","M","?","?","?","?","R","BOSS","M","M","?","?","?","E","M","E","T","E","R","E","$","M","R","BOSS","R","$","E","BOSS"],"items_purchased_type":["Relic","Potion","Relic","Relic","Potion","Card","Relic","Potion"],"build_version":"2020-12-22","purchased_purges":3,"victory":true,"max_hp_per_floor":[72,72,72,72,72,72,72,72,72,72,72,72,72,72,72,72,72,72,72,72,72,72,72,72,72,72,72,72,72,72,77,77,77,77,77,77,91,91,91,91,91,91,91,91,91,91,91,91,91,91,91,91,91,91,91],"card_choices":[{"not_picked":["EmptyBody","Protect"],"picked":"ForeignInfluence","floor":1.0},{"not_picked":["FlurryOfBlows","CrushJoints","BowlingBash"],"picked":"SKIP","floor":6.0},{"not_picked":["ThirdEye","CutThroughFate"],"picked":"Blasphemy","floor":8.0},{"not_picked":["SignatureMove","Collect"],"picked":"Crescendo","floor":10.0},{"not_picked":["FlurryOfBlows","Consecrate","BowlingBash"],"picked":"SKIP","floor":13.0},{"not_picked":["Halt","JustLucky","WaveOfTheHand"],"picked":"SKIP","floor":14.0},{"not_picked":["Scrawl","MasterReality"],"picked":"DevaForm","floor":16.0},{"not_picked":["Swivel","ThirdEye","Pray"],"picked":"SKIP","floor":18.0},{"not_picked":["CrushJoints+1","WheelKick"],"picked":"ClearTheMind","floor":20.0},{"not_picked":["Evaluate","ClearTheMind"],"picked":"LessonLearned","floor":21.0},{"not_picked":["FlurryOfBlows+1","FollowUp+1","CrushJoints"],"picked":"SKIP","floor":24.0},{"not_picked":["Crescendo+1","PathToVictory"],"picked":"Study","floor":25.0},{"not_picked":["CutThroughFate","Meditate+1","Prostrate"],"picked":"SKIP","floor":27.0},{"not_picked":["BattleHymn","EmptyMind","Swivel"],"picked":"SKIP","floor":29.0},{"not_picked":["Alpha","LessonLearned"],"picked":"ConjureBlade","floor":33.0},{"not_picked":["EmptyBody","Halt+1"],"picked":"Study+1","floor":35.0},{"not_picked":["Evaluate","Collect+1","FlurryOfBlows+1"],"picked":"SKIP","floor":36.0},{"not_picked":["Worship","Indignation"],"picked":"DevaForm","floor":40.0},{"not_picked":["FlyingSleeves+1","CrushJoints+1","Prostrate"],"picked":"SKIP","floor":41.0},{"not_picked":["Swivel","SandsOfTime+1","CrushJoints"],"picked":"SKIP","floor":42.0},{"not_picked":["CrushJoints","ConjureBlade","Conclude+1"],"picked":"SKIP","floor":44.0},{"not_picked":["EmptyFist","Perseverance+1","JustLucky"],"picked":"SKIP","floor":46.0},{"not_picked":["EmptyFist","CarveReality","PathToVictory+1"],"picked":"SKIP","floor":48.0},{"not_picked":["BattleHymn+1","FollowUp","Nirvana+1"],"picked":"SKIP","floor":54}],"player_experience":115568,"relics_obtained":[{"floor":6.0,"key":"MawBank"},{"floor":8.0,"key":"CaptainsWheel"},{"floor":9.0,"key":"Oddly Smooth Stone"},{"floor":10.0,"key":"Pocketwatch"},{"floor":22.0,"key":"Necronomicon"},{"floor":37.0,"key":"Mango"},{"floor":38.0,"key":"Lizard Tail"},{"floor":39.0,"key":"Lantern"},{"floor":40.0,"key":"Mummified Hand"},{"floor":42.0,"key":"War Paint"},{"floor":43.0,"key":"TungstenRod"},{"floor":44.0,"key":"Centennial Puzzle"},{"floor":46.0,"key":"HornCleat"},{"floor":54,"key":"Kunai"}],"event_choices":[{"cards_removed":["Defend_P"],"damage_healed":0.0,"max_hp_gain":0.0,"max_hp_loss":0.0,"gold_gain":0.0,"event_name":"Golden Wing","player_choice":"Card Removal","floor":4.0,"gold_loss":0.0,"damage_taken":7.0},{"damage_healed":0.0,"max_hp_gain":0.0,"max_hp_loss":0.0,"gold_gain":0.0,"event_name":"Scrap Ooze","player_choice":"Success","floor":5.0,"gold_loss":0.0,"damage_taken":3.0,"relics_obtained":["Ornamental Fan"]},{"damage_healed":0.0,"max_hp_gain":0.0,"max_hp_loss":0.0,"gold_gain":175.0,"event_name":"Liars Game","player_choice":"AGREE","floor":12.0,"gold_loss":0.0,"damage_taken":0.0,"cards_obtained":["Doubt"]},{"damage_healed":0.0,"max_hp_gain":0.0,"max_hp_loss":0.0,"gold_gain":0.0,"event_name":"Ghosts","player_choice":"Ignored","floor":19.0,"gold_loss":0.0,"damage_taken":0.0},{"damage_healed":0.0,"max_hp_gain":0.0,"max_hp_loss":0.0,"gold_gain":0.0,"event_name":"Cursed Tome","player_choice":"Obtained Book","floor":22.0,"gold_loss":0.0,"damage_taken":16.0},{"damage_healed":0.0,"max_hp_gain":0.0,"max_hp_loss":0.0,"gold_gain":0.0,"event_name":"Knowing Skull","player_choice":"CARD ","floor":28.0,"potions_obtained":[],"gold_loss":0.0,"damage_taken":12.0,"cards_obtained":["Madness"]},{"damage_healed":0.0,"max_hp_gain":5.0,"max_hp_loss":0.0,"gold_gain":0.0,"event_name":"Forgotten Altar","player_choice":"Shed Blood","floor":31.0,"gold_loss":0.0,"damage_taken":18.0},{"damage_healed":0.0,"max_hp_gain":0.0,"max_hp_loss":0.0,"gold_gain":0.0,"event_name":"MindBloom","player_choice":"Fight","floor":37.0,"gold_loss":0.0,"damage_taken":0.0},{"damage_healed":0.0,"max_hp_gain":0.0,"max_hp_loss":0.0,"gold_gain":0.0,"event_name":"Mysterious Sphere","player_choice":"Fight","floor":38.0,"gold_loss":0.0,"damage_taken":0.0}],"is_beta":false,"boss_relics":[{"not_picked":["Calling Bell","Runic Pyramid"],"picked":"Pandora\u0027s Box"},{"not_picked":["Astrolabe","Tiny House"],"picked":"Fusion Hammer"}],"items_purged_floors":[2,47,53],"is_endless":false,"potions_floor_spawned":[1,10,13,14,18,21,27,37,40,41,42,48],"ascension_level":2}}