{"host":"c44ey07ufggfw2m8","time":1613046813,"event":{"mods":["2.2 Compatiblity","BaseMod","Colored Map","DeckTracker","Highlight Path","Keyboard Shortcuts","Minty Spire (QoL Compilation)","Permanent Neow","Quick Restart","StSLib","SuperFastMode","UnlockEverythingMod"],"gold_per_floor":[114,189,14,29,44,44,59,74,74,89,89,119,134,164,164,264,264,279,94,94,109,136,178,190,217,279,306,318,360,472,409,421,533,545,572,599,626,638,650,692,527,542,542,542,557,391,406,421,421,421],"floor_reached":51,"language":"KOR","playtime":1330,"items_purged":["Strike_P","Strike_P","Strike_P+1"],"score":1008,"play_id":"01aa63f0-6be4-49a7-9b2c-a8153a5463e8","local_time":"20210211213333","daily_mods":["Allstar","Vintage","Binary"],"is_ascension_mode":false,"campfire_choices":[{"data":"Eruption","floor":6.0,"key":"SMITH"},{"data":"Tantrum","floor":15,"key":"SMITH"},{"data":"Master of Strategy","floor":24,"key":"SMITH"},{"data":"EmptyMind","floor":28,"key":"SMITH"},{"data":"Swift Strike","floor":32,"key":"SMITH"},{"data":"Panacea","floor":49,"key":"SMITH"}],"circlet_count":0,"master_deck":["Defend_P","Defend_P","Defend_P","Defend_P","Eruption+1","Vigilance","Swift Strike+1","Dark Shackles","Master of Strategy+1","Panacea+1","FearNoEvil+1","Halt+1","WheelKick+1","Tantrum+1","DevaForm+1","EmptyMind+1","Sanctity","EmptyMind","Fasting2+1","Finesse","Fasting2+1"],"relics":["PureWater","Frozen Egg 2","Anchor","Art of War","Toy Ornithopter","Boot","Matryoshka","Akabeko","Kunai","Oddly Smooth Stone","Prayer Wheel","SlaversCollar","Meat on the Bone","Bag of Preparation","MawBank","TeardropLocket","Question Card","PreservedInsect","InkBottle","Regal Pillow","Bronze Scales","Torii","CloakClasp","Ornamental Fan","Coffee Dripper","Pear","Yang","Happy Flower","Damaru","Nunchaku","Whetstone","Bottled Flame","Blood Vial","Girya","Dream Catcher"],"acts_visited":["Exordium","TheCity","TheBeyond"],"potions_floor_usage":[23,33,33,50,50],"damage_taken":[{"damage":1.0,"enemies":"2 Louse","floor":1.0,"turns":4.0},{"damage":0.0,"enemies":"Jaw Worm","floor":4.0,"turns":5.0},{"damage":0.0,"enemies":"Cultist","floor":5.0,"turns":3.0},{"damage":4,"enemies":"Exordium Wildlife","floor":7,"turns":3},{"damage":0,"enemies":"Looter","floor":8,"turns":4},{"damage":0,"enemies":"Large Slime","floor":10,"turns":3},{"damage":13,"enemies":"3 Sentries","floor":12,"turns":10},{"damage":0,"enemies":"Exordium Thugs","floor":13,"turns":3},{"damage":1,"enemies":"Lagavulin","floor":14,"turns":4},{"damage":0,"enemies":"Hexaghost","floor":16,"turns":7},{"damage":4,"enemies":"2 Thieves","floor":18,"turns":3},{"damage":0,"enemies":"Spheric Guardian","floor":21,"turns":2},{"damage":0,"enemies":"Centurion and Healer","floor":22,"turns":2},{"damage":0,"enemies":"Gremlin Leader","floor":23,"turns":2},{"damage":0,"enemies":"Cultist and Chosen","floor":25,"turns":3},{"damage":0,"enemies":"Shelled Parasite and Fungi","floor":27,"turns":1},{"damage":0,"enemies":"Book of Stabbing","floor":29,"turns":2},{"damage":0,"enemies":"Colosseum Slavers","floor":30,"turns":1},{"damage":0,"enemies":"Colosseum Nobs","floor":30,"turns":2},{"damage":13,"enemies":"Collector","floor":33,"turns":6},{"damage":0,"enemies":"3 Shapes","floor":35,"turns":2},{"damage":0,"enemies":"3 Darklings","floor":36,"turns":3},{"damage":0,"enemies":"Sphere and 2 Shapes","floor":37,"turns":2},{"damage":0,"enemies":"Reptomancer","floor":40,"turns":1},{"damage":0,"enemies":"Spire Growth","floor":42,"turns":2},{"damage":1,"enemies":"3 Darklings","floor":45,"turns":3},{"damage":0,"enemies":"Writhing Mass","floor":47,"turns":2},{"damage":0,"enemies":"Jaw Worm Horde","floor":48,"turns":1},{"damage":0,"enemies":"Awakened One","floor":50,"turns":6}],"seed_played":"-587577638262706789","potions_obtained":[{"floor":1.0,"key":"Fruit Juice"},{"floor":8,"key":"Weak Potion"},{"floor":13,"key":"Strength Potion"},{"floor":14,"key":"AttackPotion"},{"floor":18,"key":"Energy Potion"},{"floor":25,"key":"PowerPotion"},{"floor":35,"key":"ColorlessPotion"},{"floor":40,"key":"Explosive Potion"},{"floor":42,"key":"StancePotion"},{"floor":48,"key":"LiquidMemories"}],"is_trial":false,"path_per_floor":["M","?","$","M","M","R","M","M","T","M","?","E","M","E","R","B",null,"M","$","?","M","M","E","R","M","T","M","R","E","?","?","R","B",null,"M","M","M","?","?","E","$","M","T","?","M","$","M","M","R","B",null],"character_chosen":"WATCHER","items_purchased":["FearNoEvil","Halt","EmptyMind","Bag of Preparation","Fasting2+1","Fasting2+1"],"campfire_rested":0,"item_purchase_floors":[3,3,19,19,41,46],"current_hp_per_floor":[76,65,65,65,65,65,61,61,61,61,46,33,33,32,32,32,77,73,73,73,73,73,77,77,77,77,77,77,77,77,77,77,64,77,87,87,87,87,87,87,87,87,87,77,76,76,78,80,80,87],"gold":421,"neow_bonus":"","is_daily":true,"chose_seed":false,"campfire_upgraded":6,"win_rate":0.0,"timestamp":1613046813,"path_taken":["M","?","$","M","M","R","M","M","T","M","?","E","M","E","R","BOSS","M","$","?","M","M","E","R","?","T","M","R","E","?","?","R","BOSS","M","M","M","?","?","E","$","M","T","?","M","$","?","M","R","BOSS"],"items_purchased_type":["Card","Card","Card","Relic","Card","Card"],"build_version":"2020-12-22","purchased_purges":3,"victory":true,"max_hp_per_floor":[77,77,77,77,77,77,77,77,77,77,77,77,77,77,77,77,77,77,77,77,77,77,77,77,77,77,77,77,77,77,77,77,77,77,87,87,87,87,87,87,87,87,87,87,87,87,87,87,87,87],"card_choices":[{"not_picked":["ClearTheMind"],"picked":"WheelKick","floor":12},{"not_picked":["Worship"],"picked":"Tantrum","floor":14},{"not_picked":["Wish"],"picked":"DevaForm+1","floor":16},{"not_picked":["SashWhip","Protect"],"picked":"SKIP","floor":23},{"not_picked":["Consecrate","EmptyBody+1","CarveReality+1"],"picked":"SKIP","floor":29},{"not_picked":["ReachHeaven","Perseverance"],"picked":"EmptyMind","floor":40},{"not_picked":["Bandage Up","HandOfGreed"],"picked":"Finesse","floor":44}],"player_experience":133214,"relics_obtained":[{"floor":1.0,"key":"Frozen Egg 2"},{"floor":4.0,"key":"Anchor"},{"floor":5.0,"key":"Art of War"},{"floor":7,"key":"Toy Ornithopter"},{"floor":8,"key":"Boot"},{"floor":9,"key":"Matryoshka"},{"floor":10,"key":"Akabeko"},{"floor":12,"key":"Kunai"},{"floor":13,"key":"Oddly Smooth Stone"},{"floor":14,"key":"Prayer Wheel"},{"floor":18,"key":"Meat on the Bone"},{"floor":21,"key":"MawBank"},{"floor":22,"key":"TeardropLocket"},{"floor":23,"key":"Question Card"},{"floor":25,"key":"PreservedInsect"},{"floor":26,"key":"InkBottle"},{"floor":26,"key":"Regal Pillow"},{"floor":27,"key":"Bronze Scales"},{"floor":29,"key":"Torii"},{"floor":30,"key":"CloakClasp"},{"floor":30,"key":"Ornamental Fan"},{"floor":35,"key":"Pear"},{"floor":36,"key":"Yang"},{"floor":37,"key":"Happy Flower"},{"floor":40,"key":"Damaru"},{"floor":42,"key":"Nunchaku"},{"floor":43,"key":"Whetstone"},{"floor":43,"key":"Bottled Flame"},{"floor":45,"key":"Blood Vial"},{"floor":47,"key":"Girya"},{"floor":48,"key":"Dream Catcher"}],"event_choices":[{"damage_healed":0.0,"max_hp_gain":0.0,"max_hp_loss":0.0,"gold_gain":75.0,"event_name":"World of Goop","player_choice":"Gather Gold","floor":2.0,"gold_loss":0.0,"damage_taken":11.0},{"damage_healed":0,"gold_gain":0,"player_choice":"Entered Light","damage_taken":15,"max_hp_gain":0,"max_hp_loss":0,"event_name":"Shining Light","floor":11,"gold_loss":0,"cards_upgraded":["FearNoEvil","Halt"]},{"damage_healed":0,"gold_gain":0,"player_choice":"1 cards matched","damage_taken":0,"max_hp_gain":0,"max_hp_loss":0,"event_name":"Match and Keep!","floor":20,"gold_loss":0,"cards_obtained":["Sanctity"]},{"damage_healed":0,"gold_gain":0,"player_choice":"Fight","damage_taken":0,"max_hp_gain":0,"max_hp_loss":0,"event_name":"Colosseum","floor":30,"gold_loss":0},{"damage_healed":0,"gold_gain":0,"player_choice":"Fought Nobs","damage_taken":0,"max_hp_gain":0,"max_hp_loss":0,"event_name":"Colosseum","floor":30,"gold_loss":0},{"cards_removed":["Strike_P"],"damage_healed":0,"gold_gain":0,"player_choice":"Gave Gold","damage_taken":0,"max_hp_gain":0,"max_hp_loss":0,"event_name":"Beggar","floor":31,"gold_loss":75},{"cards_removed":["Sadistic Nature"],"damage_healed":0,"gold_gain":0,"player_choice":"Removed Power","damage_taken":0,"max_hp_gain":0,"max_hp_loss":0,"event_name":"Falling","floor":38,"gold_loss":0},{"damage_healed":0,"gold_gain":0,"player_choice":"Ignored","damage_taken":0,"max_hp_gain":0,"max_hp_loss":0,"event_name":"Tomb of Lord Red Mask","floor":39,"gold_loss":0},{"damage_healed":0,"gold_gain":0,"player_choice":"Memory 3","damage_taken":10,"max_hp_gain":0,"max_hp_loss":0,"event_name":"SensoryStone","floor":44,"gold_loss":0}],"is_beta":false,"boss_relics":[{"not_picked":["Cursed Key","SacredBark"],"picked":"SlaversCollar"},{"not_picked":["Busted Crown","Runic Dome"],"picked":"Coffee Dripper"}],"items_purged_floors":[3,41,46],"is_endless":false,"potions_floor_spawned":[1,8,13,14,18,21,25,27,30,35,40,42,48],"ascension_level":0}}