{"host":"lzgtipmdvfidlxwf","time":1613065435,"event":{"mods":["2.2 Compatiblity","AchievementEnabler","Act Like it!","Arknights","BaseMod","Bestiary","Better Altar","Better Match","Better Sensory Stone","Better Skull","Better Third Choice","Block Reminder","CapriCore","Colored Map","Colored Powertips","Dark Map","DeckTracker","Downfall","Friendly Minions","Hermit","Minty Spire (QoL Compilation)","Quick Restart","Rare Cards Sparkle","Relic Stats","Reliquary","Robot Space Explorer","Shade Mod","Somnambulant","Spicy Shops","StSLib","SuperFastMode","The Disciple","The Dragon Tamer","The Hayseed","The Marked","The Servant 0.9.4","The Showman","TheHero","TheVacant","Transform Curses","Unknown Chances","thorton","????"],"gold_per_floor":[116,116,116,126,126,126,140,154,200,214,252,272,293,293,293,418,418,432,78,98,98,121,46,46,46,46,46],"floor_reached":25,"language":"ENG","playtime":3449,"items_purged":[],"score":205,"play_id":"a2b4244b-19ef-417b-8b22-723bea14bf47","local_time":"20210211174355","is_ascension_mode":false,"metric_token":2771,"campfire_choices":[{"data":"DTMod:WarmUp","floor":6.0,"key":"SMITH"},{"data":"DTMod:ResonanceForm","floor":15.0,"key":"SMITH"}],"dtmod_dragon_data":[30,56,0,-1,4,0],"circlet_count":0,"master_deck":["DTMod:Strike+1","DTMod:Strike+1","DTMod:Strike+1","DTMod:Strike+1","DTMod:DoubleHit","DTMod:TargetDefense+1","DTMod:TargetDefense+1","DTMod:TargetDefense+1","DTMod:TargetDefense+1","DTMod:SwitchingTactic","DTMod:WarmUp+1","DTMod:Training+1","Injury","DTMod:ComboAttack","DTMod:CrossStep+1","DTMod:Threaten+1","DTMod:ResonanceForm+1","DTMod:Observe+1","DTMod:FierySynthesis","DTMod:LastStand+1","Pain","DTMod:Feint","DTMod:Safeguard","DTMod:InvisibleFlame","DTMod:Outburst+1"],"relics":["DTMod:MagicStone","Toxic Egg 2","Golden Idol","Orichalcum","PlaceholderMod:DaolothFragment","DTMod:BasicTextbook","Girya","Molten Egg 2"],"acts_visited":["Exordium","TheCity"],"potions_floor_usage":[],"damage_taken":[{"damage":0.0,"enemies":"2 Louse","floor":1.0,"turns":2.0},{"damage":5.0,"enemies":"Jaw Worm","floor":4.0,"turns":4.0},{"damage":0.0,"enemies":"ats:Genji","floor":7.0,"turns":3.0},{"damage":7.0,"enemies":"Red Slaver","floor":8.0,"turns":4.0},{"damage":0.0,"enemies":"Looter","floor":10.0,"turns":3.0},{"damage":2.0,"enemies":"3 Sentries","floor":11.0,"turns":10.0},{"damage":0.0,"enemies":"Gremlin Gang","floor":12.0,"turns":6.0},{"damage":0.0,"enemies":"Large Slime","floor":13.0,"turns":7.0},{"damage":14.0,"enemies":"Slime Boss","floor":16.0,"turns":13.0},{"damage":3.0,"enemies":"Spheric Guardian","floor":18.0,"turns":7.0},{"damage":7.0,"enemies":"3 Byrds","floor":20.0,"turns":7.0},{"damage":17.0,"enemies":"Snecko","floor":22.0,"turns":5.0},{"damage":39,"enemies":"Book of Stabbing","floor":25,"turns":9}],"seed_played":"4056429413884846580","potions_obtained":[{"floor":1.0,"key":"Weak Potion"},{"floor":10.0,"key":"SpeedPotion"},{"floor":11.0,"key":"BlessingOfTheForge"},{"floor":13.0,"key":"Strength Potion"},{"floor":20.0,"key":"Dexterity Potion"}],"is_trial":false,"path_per_floor":["M","?","T","M","?","R","M","M","T","M","E","M","M","?","R","B",null,"M","$","M","?","M","?","?","E"],"character_chosen":"THE_DT","items_purchased":["DTMod:BasicTextbook","Girya"],"campfire_rested":0,"item_purchase_floors":[19,19],"current_hp_per_floor":[49,49,49,44,44,44,44,37,37,37,35,35,35,35,35,21,49,46,46,42,42,32,32,32,0,0,0],"gold":46,"neow_bonus":"TEN_PERCENT_HP_BONUS","is_daily":false,"chose_seed":false,"campfire_upgraded":2,"win_rate":0.0,"timestamp":1613065435,"path_taken":["M","?","?","?","?","R","M","M","T","M","E","M","M","?","R","BOSS","M","?","M","?","M","?","?","E"],"items_purchased_type":["Relic","Relic"],"build_version":"2020-12-22","purchased_purges":0,"victory":false,"max_hp_per_floor":[49,49,49,49,49,49,49,49,49,49,49,49,49,49,49,49,49,49,49,49,49,49,49,49,49,49,49],"relic_stats":{"counters":[13,80],"Golden Idol":62,"Orichalcum":[198],"obtain_stats":[{"Girya":19,"DTMod:PactStone":0,"PlaceholderMod:DaolothFragment":11,"Golden Idol":5,"DTMod:BasicTextbook":19,"Molten Egg 2":21,"Toxic Egg 2":3,"Orichalcum":9,"DTMod:MagicStone":17},{"Girya":10,"DTMod:PactStone":0,"PlaceholderMod:DaolothFragment":6,"Golden Idol":2,"DTMod:BasicTextbook":10,"Molten Egg 2":11,"Toxic Egg 2":1,"Orichalcum":4,"DTMod:MagicStone":9},{"Girya":59,"DTMod:PactStone":0,"PlaceholderMod:DaolothFragment":26,"Golden Idol":6,"DTMod:BasicTextbook":59,"Molten Egg 2":66,"Toxic Egg 2":2,"Orichalcum":13,"DTMod:MagicStone":52}]},"card_choices":[{"not_picked":["DTMod:ComboAttack","DTMod:CleansingStrike"],"picked":"DTMod:WarmUp","floor":1.0},{"not_picked":["DTMod:Weaken+1","DTMod:CleansingStrike"],"picked":"DTMod:Training+1","floor":4.0},{"not_picked":["DTMod:ForkedFire","DTMod:BurningForce"],"picked":"DTMod:ComboAttack","floor":7.0},{"not_picked":["DTMod:TauntingStrike","DTMod:SneakAttack"],"picked":"DTMod:CrossStep","floor":8.0},{"not_picked":["DTMod:Weaken+1","DTMod:ComboAttack"],"picked":"DTMod:Threaten+1","floor":10.0},{"not_picked":["DTMod:TagTeam+1","DTMod:Punisher"],"picked":"DTMod:ResonanceForm","floor":11.0},{"not_picked":["DTMod:MagicField+1","DTMod:Weaken+1"],"picked":"DTMod:Observe+1","floor":12.0},{"not_picked":["DTMod:HeatWave","DTMod:BuildUp","DTMod:MagicField+1"],"picked":"SKIP","floor":13.0},{"not_picked":["DTMod:TriAttack","DTMod:Inferno"],"picked":"DTMod:FierySynthesis","floor":16.0},{"not_picked":["DTMod:BlueScale+1","DTMod:RunningTactic+1"],"picked":"DTMod:LastStand+1","floor":18.0},{"not_picked":["DTMod:HeatWave","DTMod:BuildUp+1"],"picked":"DTMod:Feint","floor":20.0},{"not_picked":["DTMod:BurningEnergy+1","DTMod:GhostSkin+1"],"picked":"DTMod:Safeguard","floor":22.0},{"not_picked":["DTMod:Astonish","DTMod:RecklessFlurry"],"picked":"DTMod:InvisibleFlame","floor":23.0},{"not_picked":["DTMod:GearUp","DTMod:ResonanceForm"],"picked":"DTMod:Outburst","floor":23.0}],"player_experience":124400,"relics_obtained":[{"floor":3.0,"key":"Toxic Egg 2"},{"floor":9.0,"key":"Orichalcum"},{"floor":11.0,"key":"PlaceholderMod:DaolothFragment"}],"event_choices":[{"damage_healed":0.0,"max_hp_gain":0.0,"max_hp_loss":0.0,"gold_gain":0.0,"event_name":"The Cleric","player_choice":"Leave","floor":2.0,"gold_loss":0.0,"damage_taken":0.0},{"damage_healed":0.0,"max_hp_gain":0.0,"max_hp_loss":0.0,"gold_gain":0.0,"event_name":"Golden Idol","player_choice":"Take Wound","floor":5.0,"gold_loss":0.0,"damage_taken":0.0,"relics_obtained":["Golden Idol"],"cards_obtained":["Injury"]},{"damage_healed":0.0,"max_hp_gain":0.0,"max_hp_loss":0.0,"gold_gain":0.0,"event_name":"Upgrade Shrine","player_choice":"Upgraded","floor":14.0,"gold_loss":0.0,"damage_taken":0.0,"cards_upgraded":["DTMod:CrossStep"]},{"damage_healed":0.0,"max_hp_gain":0.0,"max_hp_loss":0.0,"gold_gain":0.0,"event_name":"The Mausoleum","player_choice":"Opened","floor":21.0,"gold_loss":0.0,"damage_taken":0.0,"relics_obtained":["Molten Egg 2"]},{"damage_healed":0.0,"max_hp_gain":0.0,"max_hp_loss":0.0,"gold_gain":0.0,"event_name":"betterMatch:BetterMatch","player_choice":"1","floor":23.0,"gold_loss":0.0,"damage_taken":0.0,"cards_obtained":["betterMatch:UncommonCard","betterMatch:CommonCard","betterMatch:RareCard"]},{"damage_healed":0.0,"max_hp_gain":0.0,"max_hp_loss":8.0,"gold_gain":0.0,"event_name":"betterThird:BetterWriting","player_choice":"Simplicity","floor":24.0,"gold_loss":0.0,"damage_taken":0.0}],"is_beta":false,"boss_relics":[{"not_picked":["thethorton:CrushedCigarette","SlaversCollar"],"picked":"DTMod:MagicStone"}],"items_purged_floors":[],"is_endless":false,"potions_floor_spawned":[1,10,11,12,13,20],"killed_by":"Book of Stabbing","ascension_level":0}}