{"host":"ex9ev9v5sog028vn","time":1613034683,"event":{"mods":["Act Like it!","BaseMod","Block Reminder","Hallownest","Minty Spire (QoL Compilation)","Quick Restart","Relic Stats","StSLib","The Bug Knight"],"gold_per_floor":[116,127,127,127,147,147,180,198,198,214,214,247,247,261,261,358,358,372,78,78,97,114,114,127,127,127,27,39,39,39,58,58,155,155,166,81,94,94,107,107,119,59,83,83,83,83,83,95,95,95,95],"floor_reached":50,"language":"ENG","playtime":2939,"items_purged":["HollowMod:NailStrikeStart","HollowMod:NailStrikeStart"],"score":529,"play_id":"71e60f91-0c03-4af9-916f-ba86ef1c130e","local_time":"20210211061123","is_ascension_mode":false,"campfire_choices":[{"data":"HollowMod:HeavyBlow","floor":6.0,"key":"SMITH"},{"data":"HollowMod:HowlingWraiths","floor":11.0,"key":"SMITH"},{"data":"HollowMod:SoulStrike","floor":13.0,"key":"SMITH"},{"data":"HollowMod:Weaversong","floor":15.0,"key":"SMITH"},{"data":"HollowMod:NewGlowingWomb","floor":23.0,"key":"SMITH"},{"data":"HollowMod:VengefulSpirit","floor":29.0,"key":"SMITH"},{"data":"HollowMod:ChannelNail","floor":32.0,"key":"SMITH"},{"floor":40.0,"key":"REST"},{"floor":45,"key":"RECALL"},{"floor":49,"key":"REST"}],"circlet_count":0,"master_deck":["HollowMod:NailStrikeStart","HollowMod:NailStrikeStart","HollowMod:FocusHealStart","HollowMod:PogoStrike+1","HollowMod:HowlingWraiths+1","HollowMod:HeavyBlow+1","Hallownest:skillLeafShield","Hallownest:skillLeafShield","Hallownest:skillLeafShield","Hallownest:skillLeafShield","Hallownest:skillLeafShield","HollowMod:ChannelNail+1","HollowMod:Weaversong+1","HollowMod:SoulStrike+1","HollowMod:VengefulSpirit+1","HollowMod:ZotesMagnificence","HollowMod:InfectedAttack+1","HollowMod:NewGlowingWomb+1","HollowMod:GreatSlash+1","HollowMod:BaldurShell+1","HollowMod:MawleksShell+1","HollowMod:SiblingsSouls+1","HollowMod:AwokenDreamNail","Hallownest:skillKingdomsEdgeMap+1","HollowMod:CloakDash+1","HollowMod:BaldurShell"],"relics":["HollowMod:VesselMask","Hallownest:DreamNailRelic","HollowMod:StagPassRelic","Pantograph","Shuriken","Velvet Choker","ClockworkSouvenir","Hallownest:WatcherSealRelic","Toxic Egg 2","Bag of Preparation","Fusion Hammer","Molten Egg 2"],"acts_visited":["Exordium","Hallownest:Greenpath","Hallownest:CityofTears"],"potions_floor_usage":[50],"damage_taken":[{"damage":0.0,"enemies":"Hallownest:monsterHuskGuard","floor":1.0,"turns":4.0},{"damage":3.0,"enemies":"2_ Uuma","floor":2.0,"turns":4.0},{"damage":0.0,"enemies":"Hallownest:2_Baldur","floor":5.0,"turns":3.0},{"damage":0.0,"enemies":"Hallownest:eliteCrystalGuardian","floor":7.0,"turns":5.0},{"damage":0.0,"enemies":"Hallownest:monsterAspidMother","floor":8.0,"turns":3.0},{"damage":17.0,"enemies":"Hallownest:1_Ooma_and_2_Uuma","floor":10.0,"turns":5.0},{"damage":3.0,"enemies":"Hallownest:eliteVengeflyKing","floor":12.0,"turns":5.0},{"damage":11.0,"enemies":"Hallownest:Guard_and_Warrior","floor":14.0,"turns":5.0},{"damage":33.0,"enemies":"Hallownest:BossBrokenVessel","floor":16.0,"turns":8.0},{"damage":5.0,"enemies":"Hallownest:3_Youths","floor":18.0,"turns":4.0},{"damage":0.0,"enemies":"Hallownest:Flukemon_and_Top","floor":21.0,"turns":4.0},{"damage":8.0,"enemies":"Hallownest:Warrior_and_Youth","floor":22.0,"turns":3.0},{"damage":0.0,"enemies":"Hallownest:Master_and_Novice","floor":24.0,"turns":3.0},{"damage":4.0,"enemies":"Hallownest:2_Husk_Sentries","floor":28.0,"turns":4.0},{"damage":5.0,"enemies":"Hallownest:3_Mistakes","floor":31.0,"turns":6.0},{"damage":43.0,"enemies":"Hallownest:BossMantisLord","floor":33.0,"turns":7.0},{"damage":19.0,"enemies":"Hallownest:Shield_Heavy","floor":35.0,"turns":3.0},{"damage":4.0,"enemies":"Hallownest:3_Siblings","floor":37.0,"turns":5.0},{"damage":25.0,"enemies":"Hallownest:2_Wing_and_1_Kings","floor":39.0,"turns":6.0},{"damage":14.0,"enemies":"Hallownest:Slobbering_and_Violent","floor":41.0,"turns":5.0},{"damage":3,"enemies":"Hallownest:2_Great","floor":48,"turns":4},{"damage":82,"enemies":"Hallownest:BossHollowKnight","floor":50,"turns":7}],"seed_played":"2183244631883651199","potions_obtained":[{"floor":2.0,"key":"ColorlessPotion"},{"floor":5.0,"key":"EssenceOfSteel"},{"floor":7.0,"key":"Strength Potion"},{"floor":21.0,"key":"CultistPotion"},{"floor":31.0,"key":"SkillPotion"},{"floor":33.0,"key":"ColorlessPotion"},{"floor":37.0,"key":"LiquidBronze"}],"is_trial":false,"path_per_floor":["M","M","?","?","M","R","E","M","T","M","R","E","R","M","R","B",null,"M","$","?","M","M","R","M","?","T","$","M","R","?","M","R","B",null,"M","?","M","?","M","R","M","?","T","?","R","$","T","M","R","B"],"character_chosen":"THE_BUGKNIGHT","items_purchased":["ClockworkSouvenir","HollowMod:NewGlowingWomb"],"campfire_rested":2,"item_purchase_floors":[19,19],"current_hp_per_floor":[75,75,75,75,75,75,75,75,75,58,58,55,55,50,50,42,75,70,70,70,70,62,62,62,62,62,62,58,58,58,53,53,32,75,56,56,58,73,54,75,61,68,68,82,82,82,82,79,82,0,0],"gold":95,"neow_bonus":"UPGRADE_CARD","is_daily":false,"chose_seed":false,"campfire_upgraded":7,"win_rate":0.0,"timestamp":1613034683,"path_taken":["M","M","?","?","M","R","E","M","T","M","R","E","R","M","R","BOSS","M","?","?","M","?","R","?","?","T","?","M","R","?","M","R","BOSS","M","?","M","?","M","R","?","?","T","?","R","$","?","?","R","BOSS"],"items_purchased_type":["Relic","Card"],"build_version":"2020-12-22","purchased_purges":2,"victory":false,"max_hp_per_floor":[75,75,75,75,75,75,75,75,75,75,75,75,75,75,75,75,75,75,75,75,75,75,75,75,75,75,75,75,75,75,75,75,75,75,75,75,75,75,75,75,75,82,82,82,82,82,82,82,82,82,82],"relic_stats":{"counters":[22,103],"Shuriken":[20],"Pantograph":47,"Bag of Preparation":[16],"obtain_stats":[{"Hallownest:WatcherSealRelic":20,"Shuriken":12,"Pantograph":9,"Velvet Choker":17,"HollowMod:VesselMask":0,"Molten Egg 2":47,"Fusion Hammer":34,"Hallownest:DreamNailRelic":4,"Bag of Preparation":30,"Toxic Egg 2":26,"HollowMod:StagPassRelic":7,"ClockworkSouvenir":19},{"Hallownest:WatcherSealRelic":10,"Shuriken":7,"Pantograph":5,"Velvet Choker":9,"HollowMod:VesselMask":0,"Molten Egg 2":20,"Fusion Hammer":16,"Hallownest:DreamNailRelic":2,"Bag of Preparation":14,"Toxic Egg 2":13,"HollowMod:StagPassRelic":4,"ClockworkSouvenir":10},{"Hallownest:WatcherSealRelic":46,"Shuriken":29,"Pantograph":19,"Velvet Choker":42,"HollowMod:VesselMask":0,"Molten Egg 2":92,"Fusion Hammer":73,"Hallownest:DreamNailRelic":8,"Bag of Preparation":60,"Toxic Egg 2":56,"HollowMod:StagPassRelic":16,"ClockworkSouvenir":46}]},"card_choices":[{"not_picked":["HollowMod:ChannelNail","HollowMod:BrokenVessel"],"picked":"HollowMod:HowlingWraiths","floor":1.0},{"not_picked":["HollowMod:MantisMark","HollowMod:DashSlash"],"picked":"HollowMod:HeavyBlow","floor":2.0},{"not_picked":["HollowMod:InfectedAttack","HollowMod:SoulEater"],"picked":"HollowMod:ChannelNail","floor":5.0},{"not_picked":["HollowMod:NewJinnsSoul","HollowMod:LifebloodCocoon"],"picked":"HollowMod:Weaversong","floor":7.0},{"not_picked":["HollowMod:ShadowDash","HollowMod:SoulShaman","HollowMod:SharpenedShadows"],"picked":"SKIP","floor":8.0},{"not_picked":["HollowMod:SoulSplash","HollowMod:PerfectDash","HollowMod:GrimmsGift"],"picked":"SKIP","floor":10.0},{"not_picked":["HollowMod:ChannelNail","HollowMod:VengefulVoid"],"picked":"HollowMod:SoulStrike","floor":12.0},{"not_picked":["HollowMod:CornifersMapStart","HollowMod:ShapeofUnn"],"picked":"HollowMod:VengefulSpirit","floor":14.0},{"not_picked":["HollowMod:LifebloodCore","HollowMod:theNailsmith"],"picked":"HollowMod:ZotesMagnificence","floor":16.0},{"not_picked":["HollowMod:ShapeofUnn+1","HollowMod:DescendingDark"],"picked":"HollowMod:InfectedAttack+1","floor":18.0},{"not_picked":["HollowMod:SoulSplash","HollowMod:GrimmsGift"],"picked":"HollowMod:GreatSlash+1","floor":21.0},{"not_picked":["HollowMod:DreamGate","HollowMod:MonarchWings","HollowMod:HowlingWraiths"],"picked":"SKIP","floor":22.0},{"not_picked":["HollowMod:SoulSplash","HollowMod:WraithStrike"],"picked":"HollowMod:BaldurShell+1","floor":24.0},{"not_picked":["HollowMod:MonarchWings+1","HollowMod:Hiveblood+1"],"picked":"HollowMod:MawleksShell+1","floor":28.0},{"not_picked":["HollowMod:Grubsong","HollowMod:ShadowDash+1"],"picked":"HollowMod:SiblingsSouls+1","floor":31.0},{"not_picked":["HollowMod:SlysStrikes","HollowMod:theNailsmith+1"],"picked":"HollowMod:AwokenDreamNail","floor":33.0},{"not_picked":["HollowMod:AbyssShriek+1","HollowMod:SharpenedNail","HollowMod:QuirrelsAssistance"],"picked":"SKIP","floor":35.0},{"not_picked":["HollowMod:MawleksShell+1","HollowMod:SiblingsSouls+1"],"picked":"HollowMod:CloakDash+1","floor":37.0},{"not_picked":["HollowMod:NewJinnsSoul+1","HollowMod:NewGlowingWomb","HollowMod:SoulSplash+1"],"picked":"SKIP","floor":39.0},{"not_picked":["HollowMod:ShadowDash+1","HollowMod:PureVessel","HollowMod:GrimmsGift+1"],"picked":"SKIP","floor":41.0},{"not_picked":["HollowMod:DescendingDark+1","HollowMod:VengefulVoid+1"],"picked":"HollowMod:BaldurShell","floor":48}],"player_experience":712505,"relics_obtained":[{"floor":7.0,"key":"HollowMod:StagPassRelic"},{"floor":9.0,"key":"Pantograph"},{"floor":12.0,"key":"Shuriken"},{"floor":26.0,"key":"Toxic Egg 2"},{"floor":47,"key":"Molten Egg 2"}],"event_choices":[],"is_beta":false,"boss_relics":[{"not_picked":["SacredBark","Philosopher\u0027s Stone"],"picked":"Velvet Choker"},{"not_picked":["Empty Cage","Tiny House"],"picked":"Fusion Hammer"}],"items_purged_floors":[19,27],"is_endless":false,"potions_floor_spawned":[2,5,7,21,31,33,37,41],"killed_by":"Hallownest:BossHollowKnight","ascension_level":0}}