{"host":"f7mgfv1rcbv6ir5v","time":1613046980,"event":{"mods":["BaseMod","Bestiary","Colored Map","Colored Powertips","Highlight Path","Minty Spire (QoL Compilation)","Relic Stats","StSLib"],"gold_per_floor":[115,131,7,17,42,42,69,69,69,69,69,101,123,158,158,256,256,266,266,2,2,27,27,61,61,61,93,104,104,204,104,104,207,207,223,12,24,24,77,110,35,47,47,47,58,93,93,121,121,121,121],"floor_reached":50,"language":"ENG","playtime":5149,"items_purged":["Defend_G","Defend_G","Shame","Well Laid Plans+1"],"score":964,"play_id":"0f4ba3af-70a2-413d-adc0-3deadc7af8b8","local_time":"20210211043620","is_ascension_mode":true,"campfire_choices":[{"data":"Blade Dance","floor":6,"key":"SMITH"},{"data":"Footwork","floor":8,"key":"SMITH"},{"floor":10,"key":"REST"},{"data":"Blade Dance","floor":15,"key":"SMITH"},{"data":"Wraith Form v2","floor":23,"key":"SMITH"},{"data":"Acrobatics","floor":29,"key":"SMITH"},{"data":"Acrobatics","floor":32,"key":"SMITH"},{"data":"All Out Attack","floor":44,"key":"SMITH"},{"floor":49,"key":"RECALL"}],"circlet_count":0,"master_deck":["Strike_G+1","Strike_G+1","Strike_G+1","Strike_G+1","Strike_G+1","Defend_G+1","Defend_G+1","Defend_G+1","Survivor+1","Neutralize+1","Escape Plan+1","Blade Dance+1","Footwork+1","Blade Dance+1","Deflect+1","Prepared+1","Acrobatics+1","Die Die Die+1","Terror+1","J.A.X.+1","Deflect+1","Master of Strategy+1","Ghostly+1","Ghostly+1","Ghostly+1","Ghostly+1","Ghostly+1","Wraith Form v2+1","Cloak And Dagger+1","Acrobatics+1","Phantasmal Killer+1","All Out Attack+1","Footwork+1","Dagger Throw+1","Slice+1","Blind"],"relics":["HoveringKite","Oddly Smooth Stone","Juzu Bracelet","Vajra","Bottled Tornado","Odd Mushroom","Bag of Preparation","Cursed Key","Red Mask","StrikeDummy","Lantern","Runic Pyramid","Membership Card","Mark of the Bloom","WingedGreaves","Happy Flower","Omamori","StoneCalendar"],"acts_visited":["Exordium","TheCity","TheBeyond"],"potions_floor_usage":[7,12,24,50],"damage_taken":[{"damage":5,"enemies":"Cultist","floor":1,"turns":6},{"damage":4,"enemies":"2 Louse","floor":2,"turns":5},{"damage":1,"enemies":"Small Slimes","floor":4,"turns":5},{"damage":24,"enemies":"3 Sentries","floor":7,"turns":8},{"damage":3,"enemies":"Gremlin Nob","floor":12,"turns":4},{"damage":6,"enemies":"The Mushroom Lair","floor":13,"turns":5},{"damage":10,"enemies":"Lagavulin","floor":14,"turns":7},{"damage":6,"enemies":"The Guardian","floor":16,"turns":12},{"damage":5,"enemies":"Shell Parasite","floor":18,"turns":4},{"damage":4,"enemies":"Masked Bandits","floor":22,"turns":3},{"damage":3,"enemies":"Book of Stabbing","floor":24,"turns":4},{"damage":4,"enemies":"Slavers","floor":27,"turns":8},{"damage":0,"enemies":"Chosen","floor":28,"turns":3},{"damage":7,"enemies":"Champ","floor":33,"turns":9},{"damage":3,"enemies":"3 Darklings","floor":35,"turns":4},{"damage":1,"enemies":"Orb Walker","floor":37,"turns":4},{"damage":3,"enemies":"2 Orb Walkers","floor":39,"turns":5},{"damage":3,"enemies":"Nemesis","floor":40,"turns":7},{"damage":0,"enemies":"Spire Growth","floor":42,"turns":4},{"damage":2,"enemies":"Sphere and 2 Shapes","floor":45,"turns":5},{"damage":0,"enemies":"Reptomancer","floor":46,"turns":5},{"damage":1,"enemies":"Nemesis","floor":48,"turns":7},{"damage":21,"enemies":"Awakened One","floor":50,"turns":13}],"seed_played":"-2655059453839184509","potions_obtained":[{"floor":2,"key":"Explosive Potion"},{"floor":4,"key":"SmokeBomb"},{"floor":14,"key":"EssenceOfSteel"},{"floor":18,"key":"SneckoOil"},{"floor":27,"key":"GamblersBrew"},{"floor":39,"key":"Block Potion"},{"floor":42,"key":"LiquidBronze"}],"is_trial":false,"path_per_floor":["M","M","$","M","T","R","E","R","T","R","?","E","?","E","R","B",null,"M","?","$","?","?","R","E","?","T","E","M","R","?","$","R","B",null,"M","$","M","?","?","E","$","M","T","R","M","E","?","E","R","B"],"character_chosen":"THE_SILENT","items_purchased":["Footwork","Weak Potion","Deflect","Master of Strategy","Membership Card"],"campfire_rested":1,"item_purchase_floors":[3,3,20,20,36],"current_hp_per_floor":[58,54,54,53,53,53,29,29,29,50,50,47,41,31,31,25,59,54,54,54,35,31,31,28,28,28,24,24,24,24,24,24,17,31,28,28,27,27,24,21,21,21,21,21,19,19,19,18,18,0,0],"gold":121,"neow_bonus":"BOSS_RELIC","is_daily":false,"chose_seed":false,"campfire_upgraded":7,"win_rate":0.0,"timestamp":1613046980,"path_taken":["M","M","$","M","?","R","E","R","T","R","?","E","?","E","R","BOSS","M","?","$","?","?","R","E","?","T","E","M","R","?","?","R","BOSS","M","$","M","?","?","E","?","M","T","R","M","E","?","E","R","BOSS"],"items_purchased_type":["Card","Potion","Card","Card","Relic"],"build_version":"2020-12-22","purchased_purges":4,"victory":false,"max_hp_per_floor":[70,70,70,70,70,70,70,70,70,70,70,70,70,70,70,70,70,70,70,70,35,35,35,35,35,35,35,35,35,35,35,35,35,35,35,35,35,35,35,35,35,35,35,35,35,35,35,35,35,35,35],"relic_stats":{"Mark of the Bloom":0,"Happy Flower":[11],"counters":[23,137],"HoveringKite":[64],"StoneCalendar":[0],"Juzu Bracelet":2,"Bag of Preparation":[32],"Cursed Key":1,"obtain_stats":[{"Lantern":27,"Mark of the Bloom":38,"Happy Flower":40,"HoveringKite":0,"Oddly Smooth Stone":5,"Vajra":9,"StoneCalendar":48,"Juzu Bracelet":7,"Bag of Preparation":14,"Omamori":46,"Bottled Tornado":12,"Odd Mushroom":13,"Cursed Key":17,"WingedGreaves":39,"Red Mask":22,"Membership Card":36,"StrikeDummy":24,"Ring of the Snake":0,"Runic Pyramid":34},{"Lantern":12,"Mark of the Bloom":16,"Happy Flower":18,"HoveringKite":0,"Oddly Smooth Stone":3,"Vajra":4,"StoneCalendar":22,"Juzu Bracelet":4,"Bag of Preparation":7,"Omamori":21,"Bottled Tornado":5,"Odd Mushroom":6,"Cursed Key":8,"WingedGreaves":17,"Red Mask":10,"Membership Card":15,"StrikeDummy":11,"Ring of the Snake":0,"Runic Pyramid":14},{"Lantern":71,"Mark of the Bloom":91,"Happy Flower":103,"HoveringKite":0,"Oddly Smooth Stone":16,"Vajra":24,"StoneCalendar":124,"Juzu Bracelet":24,"Bag of Preparation":40,"Omamori":117,"Bottled Tornado":28,"Odd Mushroom":33,"Cursed Key":52,"WingedGreaves":96,"Red Mask":59,"Membership Card":87,"StrikeDummy":63,"Ring of the Snake":0,"Runic Pyramid":83}]},"card_choices":[{"not_picked":["Quick Slash","Accuracy"],"picked":"Escape Plan","floor":1},{"not_picked":["Dash","Slice"],"picked":"Blade Dance","floor":2},{"not_picked":["Deadly Poison","Endless Agony"],"picked":"Blade Dance","floor":4},{"not_picked":["Quick Slash","Choke"],"picked":"Deflect","floor":7},{"not_picked":["Concentrate","Eviscerate"],"picked":"Prepared","floor":12},{"not_picked":["Night Terror","Outmaneuver"],"picked":"Acrobatics","floor":13},{"not_picked":["Acrobatics","Bane"],"picked":"Well Laid Plans","floor":14},{"not_picked":["Bullet Time","Venomology"],"picked":"Die Die Die","floor":16},{"not_picked":["Tactician","Outmaneuver"],"picked":"Terror","floor":18},{"not_picked":["Prepared","Flying Knee"],"picked":"Wraith Form v2","floor":22},{"not_picked":["Bane","Backflip"],"picked":"Cloak And Dagger+1","floor":24},{"not_picked":["Dodge and Roll","Infinite Blades"],"picked":"Acrobatics","floor":27},{"not_picked":["Quick Slash+1","Bane","Tactician"],"picked":"SKIP","floor":28},{"not_picked":["Die Die Die","Storm of Steel"],"picked":"Phantasmal Killer","floor":33},{"not_picked":["Setup+1","Terror","Blade Dance+1"],"picked":"SKIP","floor":35},{"not_picked":["Poisoned Stab+1","Flying Knee","Cloak And Dagger"],"picked":"SKIP","floor":37},{"not_picked":["Deflect+1","Reflex+1"],"picked":"All Out Attack","floor":40},{"not_picked":["Underhanded Strike+1","Distraction"],"picked":"Footwork+1","floor":42},{"not_picked":["Corpse Explosion","Deadly Poison+1"],"picked":"Dagger Throw+1","floor":45},{"not_picked":["Quick Slash","Storm of Steel"],"picked":"Slice+1","floor":46},{"not_picked":["Magnetism","Mayhem"],"picked":"Blind","floor":47},{"not_picked":["Dagger Throw","All Out Attack","Underhanded Strike"],"picked":"SKIP","floor":48}],"player_experience":394172,"relics_obtained":[{"floor":5,"key":"Oddly Smooth Stone"},{"floor":7,"key":"Juzu Bracelet"},{"floor":9,"key":"Vajra"},{"floor":12,"key":"Bottled Tornado"},{"floor":13,"key":"Odd Mushroom"},{"floor":14,"key":"Bag of Preparation"},{"floor":22,"key":"Red Mask"},{"floor":24,"key":"StrikeDummy"},{"floor":27,"key":"Lantern"},{"floor":39,"key":"WingedGreaves"},{"floor":40,"key":"Happy Flower"},{"floor":46,"key":"Omamori"},{"floor":48,"key":"StoneCalendar"}],"event_choices":[{"damage_healed":0,"gold_gain":0,"player_choice":"Ignored","damage_taken":0,"max_hp_gain":0,"max_hp_loss":0,"event_name":"Liars Game","floor":11,"gold_loss":0},{"damage_healed":0,"gold_gain":0,"player_choice":"Fought Mushrooms","damage_taken":0,"max_hp_gain":0,"max_hp_loss":0,"event_name":"Mushrooms","floor":13,"gold_loss":0},{"damage_healed":0,"gold_gain":0,"player_choice":"Obtain J.A.X.","damage_taken":0,"max_hp_gain":0,"max_hp_loss":0,"event_name":"Drug Dealer","floor":19,"gold_loss":0,"cards_obtained":["J.A.X."]},{"damage_healed":0,"gold_gain":0,"player_choice":"Became a Ghost","damage_taken":0,"max_hp_gain":0,"max_hp_loss":35,"event_name":"Ghosts","floor":21,"gold_loss":0,"cards_obtained":["Ghostly","Ghostly","Ghostly","Ghostly","Ghostly"]},{"damage_healed":0,"gold_gain":0,"player_choice":"Fought Bandits","damage_taken":0,"max_hp_gain":0,"max_hp_loss":0,"event_name":"Masked Bandits","floor":22,"gold_loss":0},{"damage_healed":0,"gold_gain":0,"player_choice":"Ignored","damage_taken":0,"max_hp_gain":0,"max_hp_loss":0,"event_name":"Cursed Tome","floor":25,"gold_loss":0},{"damage_healed":0,"gold_gain":100,"player_choice":"Pray","damage_taken":0,"max_hp_gain":0,"max_hp_loss":0,"event_name":"Golden Shrine","floor":30,"gold_loss":0},{"damage_healed":0,"gold_gain":0,"player_choice":"Upgrade","damage_taken":0,"relics_obtained":["Mark of the Bloom"],"max_hp_gain":0,"max_hp_loss":0,"event_name":"MindBloom","floor":38,"gold_loss":0,"cards_upgraded":["Strike_G","Strike_G","Strike_G","Strike_G","Strike_G","Defend_G","Defend_G","Defend_G","Survivor","Neutralize","Escape Plan","Deflect","Prepared","Well Laid Plans","Die Die Die","Terror","J.A.X.","Deflect","Master of Strategy","Ghostly","Ghostly","Ghostly","Ghostly","Ghostly","Phantasmal Killer"]},{"damage_healed":0,"gold_gain":0,"player_choice":"Fight","damage_taken":0,"max_hp_gain":0,"max_hp_loss":0,"event_name":"Mysterious Sphere","floor":39,"gold_loss":0},{"damage_healed":0,"gold_gain":0,"player_choice":"Memory 1","damage_taken":0,"max_hp_gain":0,"max_hp_loss":0,"event_name":"SensoryStone","floor":47,"gold_loss":0}],"is_beta":false,"boss_relics":[{"not_picked":["Velvet Choker","Tiny House"],"picked":"Cursed Key"},{"not_picked":["Pandora\u0027s Box","Empty Cage"],"picked":"Runic Pyramid"}],"items_purged_floors":[20,31,36,41],"is_endless":false,"potions_floor_spawned":[2,4,14,18,27,39,40,42,45,48],"killed_by":"Awakened One","ascension_level":8}}