{"host":"sm2onubqfc4ytyf3","time":1613017390,"event":{"mods":["BaseMod","Minty Spire (QoL Compilation)","SuperFastMode"],"gold_per_floor":[113,130,230,246,257,257,288,305,305,305,330,345,362,377,377,478,478,495,495,495,230,248,248,260,272,296,312,239,12,12,31,31,130,130,150,161,171,188,188,188,38,38,38,38,58,89,106,122,122,122],"floor_reached":51,"language":"ZHS","playtime":3564,"items_purged":["Defend_P"],"score":865,"play_id":"3213498b-8b80-48df-817d-415d624b2ceb","local_time":"20210211122310","is_ascension_mode":true,"campfire_choices":[{"data":"Eruption","floor":6.0,"key":"SMITH"},{"data":"Defend_P","floor":10.0,"key":"PURGE"},{"data":"Conclude","floor":15.0,"key":"SMITH"},{"data":"Wallop","floor":23.0,"key":"SMITH"},{"data":"Crescendo","floor":30.0,"key":"PURGE"},{"data":"Meditate","floor":32.0,"key":"SMITH"},{"data":"Tantrum","floor":40.0,"key":"SMITH"},{"data":"Defend_P","floor":42.0,"key":"PURGE"},{"data":"Strike_P","floor":49.0,"key":"PURGE"}],"circlet_count":0,"master_deck":["Strike_P","Strike_P","Strike_P","Defend_P","Eruption+1","Vigilance","Conclude+1","Perseverance","SpiritShield","Wallop+1","Adaptation","Omniscience","InnerPeace","Tantrum+1","FollowUp","Adaptation","Meditate+1","Wireheading","Prostrate+1","Wallop+1","Ragnarok"],"relics":["Runic Pyramid","Peace Pipe","Ornamental Fan","Meat on the Bone","SlaversCollar","MealTicket","Oddly Smooth Stone","Yang","Lantern","Coffee Dripper","Damaru","Frozen Egg 2","Happy Flower"],"acts_visited":["Exordium","TheCity","TheBeyond"],"potions_floor_usage":[50,50],"damage_taken":[{"damage":1.0,"enemies":"2 Louse","floor":1.0,"turns":2.0},{"damage":0.0,"enemies":"Cultist","floor":2.0,"turns":2.0},{"damage":4.0,"enemies":"Jaw Worm","floor":4.0,"turns":2.0},{"damage":1.0,"enemies":"Red Slaver","floor":5.0,"turns":2.0},{"damage":0.0,"enemies":"3 Sentries","floor":7.0,"turns":3.0},{"damage":3.0,"enemies":"Looter","floor":8.0,"turns":3.0},{"damage":7.0,"enemies":"Gremlin Nob","floor":11.0,"turns":5.0},{"damage":5.0,"enemies":"Lots of Slimes","floor":12.0,"turns":2.0},{"damage":0.0,"enemies":"Exordium Wildlife","floor":13.0,"turns":2.0},{"damage":1.0,"enemies":"Red Slaver","floor":14.0,"turns":3.0},{"damage":20.0,"enemies":"Slime Boss","floor":16.0,"turns":9.0},{"damage":27.0,"enemies":"3 Byrds","floor":18.0,"turns":4.0},{"damage":14.0,"enemies":"2 Thieves","floor":22.0,"turns":3.0},{"damage":21.0,"enemies":"Shelled Parasite and Fungi","floor":24.0,"turns":5.0},{"damage":1.0,"enemies":"Chosen and Byrds","floor":25.0,"turns":3.0},{"damage":6.0,"enemies":"Snake Plant","floor":27.0,"turns":4.0},{"damage":3.0,"enemies":"Snecko","floor":31.0,"turns":4.0},{"damage":22.0,"enemies":"Champ","floor":33.0,"turns":11.0},{"damage":0.0,"enemies":"3 Darklings","floor":35.0,"turns":3.0},{"damage":0.0,"enemies":"Orb Walker","floor":36.0,"turns":4.0},{"damage":36.0,"enemies":"Transient","floor":37.0,"turns":5.0},{"damage":14.0,"enemies":"Maw","floor":38.0,"turns":8.0},{"damage":22.0,"enemies":"Writhing Mass","floor":45.0,"turns":6.0},{"damage":61.0,"enemies":"Nemesis","floor":46.0,"turns":5.0},{"damage":20.0,"enemies":"4 Shapes","floor":47.0,"turns":6.0},{"damage":1.0,"enemies":"Maw","floor":48.0,"turns":6.0},{"damage":24,"enemies":"Time Eater","floor":50,"turns":8}],"seed_played":"-656715838371988123","potions_obtained":[{"floor":1.0,"key":"Explosive Potion"},{"floor":7.0,"key":"BlessingOfTheForge"},{"floor":8.0,"key":"Fruit Juice"},{"floor":11.0,"key":"LiquidBronze"},{"floor":14.0,"key":"FairyPotion"},{"floor":25.0,"key":"DistilledChaos"},{"floor":35.0,"key":"Ambrosia"},{"floor":47.0,"key":"DuplicationPotion"}],"is_trial":false,"path_per_floor":["M","M","?","M","M","R","E","M","T","R","E","M","M","M","R","B",null,"M","?","?","$","M","R","M","M","T","M","?","$","R","M","R","B",null,"M","M","M","M","?","R","$","R","T","$","M","E","M","M","R","B",null],"character_chosen":"WATCHER","items_purchased":["MealTicket","FollowUp","Meditate","Lantern","Damaru"],"campfire_rested":0,"item_purchase_floors":[21,21,29,29,41],"current_hp_per_floor":[71,71,71,67,66,66,66,63,63,63,56,51,51,55,55,47,70,43,43,43,43,41,41,32,43,43,49,49,64,64,61,61,39,68,68,68,44,42,42,42,57,57,57,72,50,35,27,38,38,26],"gold":122,"neow_bonus":"BOSS_RELIC","is_daily":false,"chose_seed":false,"campfire_upgraded":5,"win_rate":0.0,"timestamp":1613017390,"path_taken":["M","M","?","M","M","R","E","?","T","R","E","M","M","M","R","BOSS","M","?","?","$","M","R","?","M","T","M","?","$","R","M","R","BOSS","M","?","M","?","?","R","$","R","T","$","M","E","M","M","R","BOSS"],"items_purchased_type":["Relic","Card","Card","Relic","Relic"],"build_version":"2020-12-22","purchased_purges":1,"victory":true,"max_hp_per_floor":[72,72,72,72,72,72,72,72,72,72,72,72,72,77,77,77,77,77,77,77,77,77,77,77,77,77,77,77,77,77,77,77,77,77,77,77,77,77,77,77,77,77,77,77,77,77,77,77,77,77],"card_choices":[{"not_picked":["Consecrate","PathToVictory","SashWhip"],"picked":"SKIP","floor":1.0},{"not_picked":["EmptyMind","CarveReality","Protect"],"picked":"SKIP","floor":2.0},{"not_picked":["FollowUp","Swivel"],"picked":"Conclude","floor":4.0},{"not_picked":["ForeignInfluence","PathToVictory"],"picked":"Perseverance","floor":5.0},{"not_picked":["EmptyFist","Weave"],"picked":"SpiritShield","floor":7.0},{"not_picked":["FlyingSleeves","ForeignInfluence"],"picked":"Wallop","floor":8.0},{"not_picked":["Protect","PathToVictory"],"picked":"Adaptation","floor":11.0},{"not_picked":["FlurryOfBlows","JustLucky"],"picked":"Crescendo","floor":12.0},{"not_picked":["ClearTheMind","PathToVictory","EmptyBody"],"picked":"SKIP","floor":13.0},{"not_picked":["WreathOfFlame","SashWhip","EmptyBody"],"picked":"SKIP","floor":14.0},{"not_picked":["Blasphemy","Judgement"],"picked":"Omniscience","floor":16.0},{"not_picked":["ThirdEye","LikeWater+1"],"picked":"InnerPeace","floor":18.0},{"not_picked":["FlurryOfBlows","ThirdEye","LikeWater"],"picked":"SKIP","floor":22.0},{"not_picked":["Evaluate","Worship","InnerPeace"],"picked":"SKIP","floor":24.0},{"not_picked":["CrushJoints","JustLucky"],"picked":"Adaptation","floor":25.0},{"not_picked":["Tantrum","ForeignInfluence","Protect"],"picked":"SKIP","floor":27.0},{"not_picked":["WheelKick","DevaForm"],"picked":"Wireheading","floor":31.0},{"not_picked":["FlyingSleeves","FollowUp+1","Crescendo"],"picked":"SKIP","floor":35.0},{"not_picked":["BowlingBash+1","Evaluate","Pray+1"],"picked":"SKIP","floor":36.0},{"not_picked":["SignatureMove+1","Pray+1"],"picked":"Prostrate+1","floor":37.0},{"not_picked":["Evaluate+1","InnerPeace+1","Collect+1"],"picked":"SKIP","floor":38.0},{"not_picked":["Wireheading+1","LikeWater+1","FollowUp"],"picked":"SKIP","floor":45.0},{"not_picked":["FlyingSleeves+1","ClearTheMind","EmptyBody"],"picked":"SKIP","floor":46.0},{"not_picked":["ThirdEye","Consecrate"],"picked":"Ragnarok","floor":47.0},{"not_picked":["BowlingBash+1","ForeignInfluence+1","Collect+1"],"picked":"SKIP","floor":48.0}],"player_experience":39220,"relics_obtained":[{"floor":7.0,"key":"Peace Pipe"},{"floor":9.0,"key":"Ornamental Fan"},{"floor":11.0,"key":"Meat on the Bone"},{"floor":26.0,"key":"Oddly Smooth Stone"},{"floor":43.0,"key":"Frozen Egg 2"},{"floor":46.0,"key":"Happy Flower"}],"event_choices":[{"damage_healed":0.0,"max_hp_gain":0.0,"max_hp_loss":0.0,"gold_gain":100.0,"event_name":"Golden Shrine","player_choice":"Pray","floor":3.0,"gold_loss":0.0,"damage_taken":0.0},{"damage_healed":0.0,"max_hp_gain":0.0,"max_hp_loss":0.0,"gold_gain":0.0,"event_name":"The Library","player_choice":"Read","floor":19.0,"gold_loss":0.0,"damage_taken":0.0,"cards_obtained":["Tantrum"]},{"damage_healed":0.0,"max_hp_gain":0.0,"max_hp_loss":0.0,"gold_gain":0.0,"event_name":"N\u0027loth","player_choice":"Ignored","floor":20.0,"gold_loss":0.0,"damage_taken":0.0},{"damage_healed":0.0,"max_hp_gain":0.0,"max_hp_loss":0.0,"gold_gain":0.0,"event_name":"WeMeetAgain","player_choice":"Paid Gold","floor":28.0,"gold_loss":73.0,"damage_taken":0.0,"relics_obtained":["Yang"]},{"damage_healed":0.0,"max_hp_gain":0.0,"max_hp_loss":0.0,"gold_gain":0.0,"event_name":"Duplicator","player_choice":"Copied","floor":39.0,"gold_loss":0.0,"damage_taken":0.0,"cards_obtained":["Wallop"]}],"is_beta":false,"boss_relics":[{"not_picked":["Cursed Key","Tiny House"],"picked":"SlaversCollar"},{"not_picked":["Calling Bell","VioletLotus"],"picked":"Coffee Dripper"}],"items_purged_floors":[21],"is_endless":false,"potions_floor_spawned":[1,7,8,11,14,16,24,25,27,35,36,37,47],"ascension_level":5}}