{"host":"f2zkc2gsfwbibc34","time":1613045273,"event":{"mods":["AchievementEnabler","BaseMod","Better Note","Colored Map","Colored Powertips","Defuse TimeMaze Blight","Minty Spire (QoL Compilation)","Permanent Neow","StSLib","SuperFastMode","The Servant 0.9.4"],"gold_per_floor":[114,91,91,104,104,104,120,148,148,162,180,180,145,166,166,270,270,242,261,272,95,95,95],"floor_reached":22,"language":"ENG","playtime":1850,"items_purged":[],"score":236,"play_id":"d16e3fd4-e017-4e86-b081-071d3622d676","local_time":"20210211130753","is_ascension_mode":false,"campfire_choices":[{"data":"Exchange","floor":6,"key":"SMITH"},{"floor":12,"key":"REST"},{"floor":15,"key":"REST"}],"circlet_count":0,"master_deck":["Strike_S","Strike_S","Strike_S","Strike_S","Defend_S+1","Defend_S+1","Defend_S+1","Defend_S","KidneyShot","Exchange+1","DoubleEdge","Unruled","Barrier+1","Pain","SurpressingFire","GearUp","Potential","Defy","SilverBlades","KillingDoll","Collapse","Defy+1","Alleviate+1","Read"],"relics":["Uniform","Smiling Mask","WarpedTongs","Bottled Tornado","War Paint","Odd Mushroom","StoneMask","Membership Card"],"acts_visited":["Exordium","TheCity"],"potions_floor_usage":[],"damage_taken":[{"damage":1,"enemies":"Cultist","floor":1,"turns":4},{"damage":2,"enemies":"Small Slimes","floor":4,"turns":3},{"damage":1,"enemies":"Jaw Worm","floor":7,"turns":3},{"damage":20,"enemies":"Gremlin Nob","floor":8,"turns":6},{"damage":0,"enemies":"2 Fungi Beasts","floor":10,"turns":3},{"damage":4,"enemies":"Blue Slaver","floor":11,"turns":5},{"damage":27,"enemies":"The Mushroom Lair","floor":14,"turns":6},{"damage":2,"enemies":"The Guardian","floor":16,"turns":14},{"damage":15,"enemies":"2 Thieves","floor":18,"turns":5},{"damage":2,"enemies":"Chosen","floor":19,"turns":7},{"damage":26,"enemies":"Snake Plant","floor":20,"turns":6},{"damage":39,"enemies":"Centurion and Healer","floor":22,"turns":9}],"seed_played":"7377176573262298947","potions_obtained":[{"floor":10,"key":"SteroidPotion"},{"floor":11,"key":"SteroidPotion"},{"floor":14,"key":"SteroidPotion"}],"is_trial":false,"path_per_floor":["M","$","?","M","?","R","M","E","T","M","M","R","?","?","R","B",null,"M","M","M","$","M"],"character_chosen":"THE_SERVANT","items_purchased":["Unruled","Membership Card","Read"],"campfire_rested":2,"item_purchase_floors":[2,21,21],"current_hp_per_floor":[64,64,51,49,49,49,48,28,28,28,24,43,59,32,51,49,65,53,54,31,31,0,0],"gold":95,"neow_bonus":"RANDOM_COMMON_RELIC","is_daily":false,"chose_seed":false,"campfire_upgraded":1,"win_rate":0.0,"timestamp":1613045273,"path_taken":["M","$","?","M","?","R","M","E","T","?","M","R","?","?","R","BOSS","M","M","M","$","M"],"items_purchased_type":["Card","Relic","Card"],"build_version":"2020-12-22","purchased_purges":0,"victory":false,"max_hp_per_floor":[65,65,65,65,65,65,65,65,65,65,65,65,65,65,65,65,65,66,67,68,68,68,68],"card_choices":[{"not_picked":["Defy","Shuttle"],"picked":"DoubleEdge","floor":1},{"not_picked":["Shuttle","Replace"],"picked":"Barrier","floor":4},{"not_picked":["DoubleEdge","TimeWarp"],"picked":"SurpressingFire","floor":7},{"not_picked":["Snipe","DoubleEdge"],"picked":"GearUp","floor":8},{"not_picked":["DoubleEdge","Comet"],"picked":"Potential","floor":10},{"not_picked":["Rewind","FastForward"],"picked":"Defy","floor":11},{"not_picked":["DoubleEdge","Barrier"],"picked":"SilverBlades","floor":14},{"not_picked":["Duplication","Solidify"],"picked":"KillingDoll","floor":16},{"not_picked":["Alleviate","SpecialFormula"],"picked":"Collapse","floor":18},{"not_picked":["FastForward","Replace"],"picked":"Defy+1","floor":19},{"not_picked":["Revamp","TimeWarp"],"picked":"Alleviate+1","floor":20}],"player_experience":92876,"relics_obtained":[{"floor":8,"key":"Bottled Tornado"},{"floor":9,"key":"War Paint"},{"floor":14,"key":"Odd Mushroom"}],"event_choices":[{"damage_healed":0,"gold_gain":0,"player_choice":"Entered Light","damage_taken":13,"max_hp_gain":0,"max_hp_loss":0,"event_name":"Shining Light","floor":3,"gold_loss":0,"cards_upgraded":["Defend_S","Defend_S"]},{"damage_healed":0,"gold_gain":0,"player_choice":"Rummage","damage_taken":0,"relics_obtained":["WarpedTongs"],"max_hp_gain":0,"max_hp_loss":0,"event_name":"Accursed Blacksmith","floor":5,"gold_loss":0,"cards_obtained":["Pain"]},{"damage_healed":16,"gold_gain":0,"player_choice":"Healed","damage_taken":0,"max_hp_gain":0,"max_hp_loss":0,"event_name":"The Cleric","floor":13,"gold_loss":35},{"damage_healed":0,"gold_gain":0,"player_choice":"Fought Mushrooms","damage_taken":0,"max_hp_gain":0,"max_hp_loss":0,"event_name":"Mushrooms","floor":14,"gold_loss":0}],"is_beta":false,"boss_relics":[{"not_picked":["Coffee Dripper","SlaversCollar"],"picked":"StoneMask"}],"items_purged_floors":[],"is_endless":false,"potions_floor_spawned":[10,11,14,16,20],"killed_by":"Centurion and Healer","ascension_level":0}}