{"host":"bbmxo8e8cdq8htg1","time":1613046974,"event":{"mods":["AchievementEnabler","BaseMod","Better Match","Better Third Choice","BetterRewards","Colored Powertips","DeckTracker","Dota2Spire","Mimic Mod","Minty Spire (QoL Compilation)","Permanent Neow","Quick Restart","Rare Cards Sparkle","Relic Stats","Replay The Spire","Shop Mod","Spicy Shops","StSLib","SuperFastMode","The Blue Laboratory","The Forsaken","The Jungle"],"gold_per_floor":[110,110,128,77,92,92,112,145,171,171,171,171,201,216,216,315,315,325,343,10,27,43,77,92,92,92],"floor_reached":25,"language":"ENG","playtime":797,"items_purged":["Pain"],"score":303,"play_id":"1c3be3de-5223-49d2-b7c7-9aaa77a913d0","local_time":"20210211153614","is_ascension_mode":true,"campfire_choices":[{"data":"Thunderclap","floor":6,"key":"SMITH"},{"data":"Spot Weakness","floor":10,"key":"SMITH"},{"data":"Clash","floor":15,"key":"SMITH"}],"circlet_count":0,"master_deck":["Strike_R+1","Strike_R+1","Strike_R","Strike_R","Strike_R","Defend_R+1","Defend_R","Defend_R","Defend_R","Bash","Thunderclap+1","Clash","Flex","Seeing Red","Spot Weakness+1","Clash+1","Run Through","Spot Weakness+1","Carnage+1","Whirlwind"],"relics":["Burning Blood","NeowsBlessing","ReplayTheSpireMod:TigerMarble","Pen Nib","theForsaken:PaleLantern","King of Hearts","ReplayTheSpireMod:CursedCoin","Bottled Flame","ReplayFunnel"],"acts_visited":["Exordium","TheCity"],"potions_floor_usage":[3,18,23,23,25],"damage_taken":[{"damage":0,"enemies":"2 Louse","floor":1,"turns":1},{"damage":0,"enemies":"Small Slimes","floor":3,"turns":1},{"damage":0,"enemies":"Jaw Worm","floor":5,"turns":1},{"damage":6,"enemies":"Looter","floor":7,"turns":3},{"damage":30,"enemies":"Gremlin Nob","floor":8,"turns":4},{"damage":7,"enemies":"3 Louse","floor":14,"turns":2},{"damage":0,"enemies":"Slime Boss","floor":16,"turns":3},{"damage":17,"enemies":"Spheric Guardian","floor":18,"turns":4},{"damage":11,"enemies":"Shell Parasite","floor":19,"turns":3},{"damage":23,"enemies":"Shelled Parasite and Fungi","floor":21,"turns":3},{"damage":35,"enemies":"Snake Plant","floor":22,"turns":4},{"damage":14,"enemies":"Gremlin Leader","floor":23,"turns":5},{"damage":2,"enemies":"Centurion and Healer","floor":24,"turns":4},{"damage":30,"enemies":"Slavers","floor":25,"turns":1}],"seed_played":"-5229686502459422799","potions_obtained":[{"floor":3,"key":"Fruit Juice"},{"floor":8,"key":"blueLaboratory:IronCompound"},{"floor":14,"key":"blueLaboratory:PhilterOfMotion"},{"floor":22,"key":"blueLaboratory:StoneskinPotion"},{"floor":24,"key":"Dota2Spire:HealingSalve"}],"is_trial":false,"path_per_floor":["M","?","M","$","M","R","M","E","T","R","?","?","?","M","R","B",null,"M","M","$","M","M","E","M","E"],"character_chosen":"IRONCLAD","items_purchased":["Clash","King of Hearts","ReplayTheSpireMod:CursedCoin","Bottled Flame"],"campfire_rested":0,"item_purchase_floors":[4,20,20,20],"current_hp_per_floor":[80,64,75,75,81,81,81,57,57,57,57,57,57,59,59,65,88,77,72,72,55,26,18,22,0,0],"gold":92,"neow_bonus":"THREE_ENEMY_KILL","is_daily":false,"chose_seed":false,"campfire_upgraded":3,"win_rate":0.0,"timestamp":1613046974,"path_taken":["M","?","M","$","M","R","M","E","T","R","?","?","?","M","R","BOSS","M","M","$","M","M","E","M","E"],"items_purchased_type":["Card","Relic","Relic","Relic"],"build_version":"2020-12-22","purchased_purges":1,"victory":false,"max_hp_per_floor":[80,80,85,85,85,85,85,85,85,85,85,85,85,88,88,88,88,88,88,88,88,88,88,88,88,88],"relic_stats":{"counters":[14,39],"Pen Nib":[5],"obtain_stats":[{"ReplayFunnel":23,"Bottled Flame":20,"NeowsBlessing":0,"ReplayTheSpireMod:CursedCoin":20,"Pen Nib":9,"theForsaken:PaleLantern":17,"King of Hearts":20,"ReplayTheSpireMod:TigerMarble":8,"Burning Blood":0},{"ReplayFunnel":12,"Bottled Flame":9,"NeowsBlessing":0,"ReplayTheSpireMod:CursedCoin":9,"Pen Nib":5,"theForsaken:PaleLantern":7,"King of Hearts":9,"ReplayTheSpireMod:TigerMarble":5,"Burning Blood":0},{"ReplayFunnel":34,"Bottled Flame":22,"NeowsBlessing":0,"ReplayTheSpireMod:CursedCoin":22,"Pen Nib":10,"theForsaken:PaleLantern":15,"King of Hearts":22,"ReplayTheSpireMod:TigerMarble":10,"Burning Blood":0}],"Burning Blood":72},"card_choices":[{"not_picked":["Anger","Body Slam"],"picked":"Thunderclap","floor":1},{"not_picked":["Burning Pact","Dual Wield","Seeing Red"],"picked":"SKIP","floor":3},{"not_picked":["Perfected Strike","Second Wind"],"picked":"Flex","floor":5},{"not_picked":["Ghostly Armor","ReplayTheSpireMod:Corrosion Curse"],"picked":"Seeing Red","floor":7},{"not_picked":["Evolve","Eclipse"],"picked":"Spot Weakness","floor":8},{"not_picked":["Sentinel","Sword Boomerang"],"picked":"Clash","floor":14},{"not_picked":["Anger","ReplayTheSpireMod:Strike From Hell+1"],"picked":"Run Through","floor":18},{"not_picked":["Pommel Strike","Armaments"],"picked":"Spot Weakness+1","floor":19},{"not_picked":["Iron Wave","Life Link","Pummel+1"],"picked":"SKIP","floor":21},{"not_picked":["Shrug It Off","Pommel Strike","Blood for Blood"],"picked":"SKIP","floor":22},{"not_picked":["Warcry","Havoc"],"picked":"Carnage+1","floor":23},{"not_picked":["Battle Trance","Entrench"],"picked":"Whirlwind","floor":24}],"player_experience":8922,"relics_obtained":[{"floor":8,"key":"ReplayTheSpireMod:TigerMarble"},{"floor":9,"key":"Pen Nib"},{"floor":23,"key":"ReplayFunnel"}],"event_choices":[{"damage_healed":80,"gold_gain":0,"player_choice":"Upgrade","damage_taken":16,"max_hp_gain":0,"max_hp_loss":80,"event_name":"betterThird:BetterShining","floor":2,"gold_loss":0,"cards_upgraded":["Strike_R","Defend_R"]},{"damage_healed":0,"gold_gain":30,"player_choice":"Searched \u00271\u0027 times","damage_taken":0,"max_hp_gain":0,"max_hp_loss":0,"event_name":"Dead Adventurer","floor":13,"gold_loss":0}],"is_beta":false,"boss_relics":[{"not_picked":["Replay:Grab Bag","Replay:Fungal Core"],"picked":"theForsaken:PaleLantern"}],"items_purged_floors":[20],"is_endless":false,"potions_floor_spawned":[3,8,14,22,24],"killed_by":"Slavers","ascension_level":2}}