{"host":"8d3fefv2347kqkpz","time":1613083410,"event":{"mods":["AchievementEnabler","Act Like it!","BaseMod","Better Vampires","Colored Map","Colored Powertips","Downfall","GifTheSpireLib","Highlight Path","Minty Spire (QoL Compilation)","Quick Restart","Rare Cards Sparkle","Relic Stats","Replay The Spire","Spicy Shops","StSLib","Waifu the Spire"],"gold_per_floor":[110,110,122,133,58,88,88,118,144,160,194,204,204,216,216,318,318,336,336,355,60,60,60,93,103,129,139,96,123,142,186,186,299,299,319,34,34,48,63,81,115,135,135,135,171,191,227,238,238,238],"floor_reached":51,"language":"ZHS","playtime":2110,"items_purged":["Distraction","Blur"],"score":744,"play_id":"a0b25fdb-124a-46a0-81e9-f3b9e545cea6","local_time":"20210212064330","daily_mods":["SealedDeck","Vintage","Heirloom","DeadlyEvents","Elite Swarm"],"is_ascension_mode":false,"campfire_choices":[{"data":"Dagger Spray","floor":13.0,"key":"SMITH"},{"data":"Bullet Time","floor":15.0,"key":"SMITH"},{"data":"ReplayTheSpireMod:Necrogeddon","floor":23.0,"key":"SMITH"},{"floor":32.0,"key":"REST"},{"floor":40,"key":"REST"},{"floor":49,"key":"REST"}],"circlet_count":0,"master_deck":["Crippling Poison","Blade Dance","Cloak And Dagger","Dagger Spray+1","Adrenaline","Bullet Time+1","Adrenaline","ReplayTheSpireMod:Necrogeddon+1","Atom Bomb","Acrobatics","Doppelganger","Phantasmal Killer","Flechettes","Night Terror","Noxious Fumes+1","Night Terror","ReplayTheSpireMod:From All Sides","Phantasmal Killer"],"relics":["Ring of the Snake","Counterbalance","Dream Catcher","NeowsBlessing","Replay:Mystery Machine","Lizard Tail","Pocketwatch","NeowsBlessing","Shovel","Potion Belt","Bag of Preparation","Question Card","Replay:Rubber Ducky","Replay:PocketPolymizer","Snecko Eye","Art of War","Replay:Bottled Steam","NeowsBlessing","sneckomod:BlankCard","hexamod:BolsterEngine","Lantern","CeramicFish","Pantograph","Guardian:PocketSentry","Happy Flower","Empty Cage","Orichalcum","Matryoshka","Blue Candle","Vajra","Tough Bandages","Oddly Smooth Stone","Replay:Bottled Flurry","Mercury Hourglass","PreservedInsect","Ice Cream","FossilizedHelix"],"acts_visited":["Exordium","TheCity","TheBeyond"],"potions_floor_usage":[33,33],"damage_taken":[{"damage":0.0,"enemies":"Small Slimes","floor":1.0,"turns":3.0},{"damage":0.0,"enemies":"2 Louse","floor":3.0,"turns":1.0},{"damage":0.0,"enemies":"Jaw Worm","floor":4.0,"turns":1.0},{"damage":0.0,"enemies":"Lagavulin","floor":6.0,"turns":1.0},{"damage":0.0,"enemies":"Gremlin Nob","floor":8.0,"turns":1.0},{"damage":0.0,"enemies":"Looter","floor":10.0,"turns":1.0},{"damage":0.0,"enemies":"Lagavulin","floor":11.0,"turns":1.0},{"damage":0.0,"enemies":"2 Fungi Beasts","floor":12.0,"turns":1.0},{"damage":0.0,"enemies":"Large Slime","floor":14.0,"turns":3.0},{"damage":49.0,"enemies":"Hexaghost","floor":16.0,"turns":12.0},{"damage":0.0,"enemies":"Chosen","floor":18.0,"turns":3.0},{"damage":0.0,"enemies":"2 Thieves","floor":20.0,"turns":2.0},{"damage":0.0,"enemies":"Book of Stabbing","floor":24.0,"turns":1.0},{"damage":0.0,"enemies":"Snecko","floor":25.0,"turns":1.0},{"damage":0.0,"enemies":"Snake Plant","floor":27.0,"turns":1.0},{"damage":11.0,"enemies":"Gremlin Leader","floor":29.0,"turns":3.0},{"damage":0.0,"enemies":"Shelled Parasite and Fungi","floor":30.0,"turns":2.0},{"damage":4.0,"enemies":"Replay:Snechameleon","floor":31.0,"turns":2.0},{"damage":35,"enemies":"Pondfish","floor":33,"turns":6},{"damage":0,"enemies":"Orb Walker","floor":35,"turns":1},{"damage":0,"enemies":"3 Darklings","floor":38,"turns":2},{"damage":4,"enemies":"Transient","floor":39,"turns":5},{"damage":12,"enemies":"R_Hoarder","floor":41,"turns":4},{"damage":12,"enemies":"Jaw Worm Horde","floor":42,"turns":3},{"damage":3,"enemies":"Nemesis","floor":45,"turns":3},{"damage":3,"enemies":"Sphere and 2 Shapes","floor":46,"turns":2},{"damage":0,"enemies":"R_Hoarder","floor":47,"turns":2},{"damage":0,"enemies":"Spire Growth","floor":48,"turns":2},{"damage":16,"enemies":"Replay:Hell Engine","floor":50,"turns":3}],"seed_played":"6808001875202574041","potions_obtained":[{"floor":3.0,"key":"ColorlessPotion"},{"floor":4.0,"key":"Regen Potion"},{"floor":8.0,"key":"GamblersBrew"},{"floor":10.0,"key":"Swift Potion"},{"floor":11.0,"key":"BlessingOfTheForge"},{"floor":24.0,"key":"BlessingOfTheForge"},{"floor":27.0,"key":"AttackPotion"},{"floor":39,"key":"Block Potion"},{"floor":41,"key":"SkillPotion"},{"floor":45,"key":"FearPotion"}],"is_trial":true,"path_per_floor":["M","WH","M","M","$","E","WH","E","T","M","E","M","R","M","R","B",null,"M","?","M","$","WH","R","E","M","T","M","$","E","M","E","R","B",null,"M","$","?","M","M","R","E","M","T","WH","E","M","E","M","R","B",null],"character_chosen":"THE_SILENT","items_purchased":["ReplayTheSpireMod:Necrogeddon","Acrobatics","Flechettes","Matryoshka"],"campfire_rested":3,"item_purchase_floors":[21,28,36,36],"current_hp_per_floor":[70,70,70,70,70,70,70,70,70,70,70,70,70,70,70,21,70,70,70,70,70,70,70,70,70,70,70,70,59,59,55,70,47,70,70,70,70,70,66,70,58,46,46,53,50,47,47,47,70,61],"gold":238,"neow_bonus":"TEN_PERCENT_HP_BONUS","is_daily":false,"chose_seed":false,"campfire_upgraded":3,"win_rate":0.0,"timestamp":1613083410,"path_taken":["M","WH","M","M","$","E","WH","E","T","M","E","M","R","M","R","BOSS","M","?","M","$","WH","R","E","M","T","M","$","E","M","E","R","BOSS","M","$","?","M","M","R","E","M","T","WH","E","M","E","?","R","BOSS"],"items_purchased_type":["Card","Card","Card","Relic"],"build_version":"2020-12-22","purchased_purges":2,"victory":true,"max_hp_per_floor":[70,70,70,70,70,70,70,70,70,70,70,70,70,70,70,70,70,70,70,70,70,70,70,70,70,70,70,70,70,70,70,70,70,70,70,70,70,70,70,70,70,70,70,77,77,77,77,77,77,77],"relic_stats":{"Happy Flower":[11],"counters":[29,73],"CeramicFish":81,"Blue Candle":[0],"PreservedInsect":75,"Bag of Preparation":[27],"Orichalcum":[12],"Question Card":11,"Mercury Hourglass":[30],"Dream Catcher":3,"Lizard Tail":0,"Tough Bandages":[24],"Shovel":0,"Pantograph":7,"Snecko Eye":[98,104,115,105],"Art of War":[2],"obtain_stats":[{"Ice Cream":47,"Lantern":26,"Replay:PocketPolymizer":14,"sneckomod:BlankCard":24,"CeramicFish":27,"Vajra":39,"Bag of Preparation":10,"Replay:Mystery Machine":3,"Empty Cage":34,"Replay:Rubber Ducky":12,"Dream Catcher":1,"Lizard Tail":4,"Tough Bandages":42,"Shovel":8,"Matryoshka":36,"Pantograph":29,"Replay:Bottled Flurry":43,"Ring of the Snake":0,"Replay:Bottled Steam":20,"Potion Belt":9,"NeowsBlessing":2,"Happy Flower":31,"Counterbalance":0,"Blue Candle":38,"Oddly Smooth Stone":43,"PreservedInsect":46,"Guardian:PocketSentry":30,"Orichalcum":35,"Question Card":11,"Mercury Hourglass":45,"Snecko Eye":17,"Art of War":18,"hexamod:BolsterEngine":25,"FossilizedHelix":48,"Pocketwatch":6},{"Ice Cream":27,"Lantern":14,"Replay:PocketPolymizer":9,"sneckomod:BlankCard":13,"CeramicFish":15,"Vajra":22,"Bag of Preparation":6,"Replay:Mystery Machine":2,"Empty Cage":19,"Replay:Rubber Ducky":8,"Dream Catcher":1,"Lizard Tail":3,"Tough Bandages":24,"Shovel":5,"Matryoshka":20,"Pantograph":16,"Replay:Bottled Flurry":24,"Ring of the Snake":0,"Replay:Bottled Steam":12,"Potion Belt":5,"NeowsBlessing":1,"Happy Flower":18,"Counterbalance":0,"Blue Candle":21,"Oddly Smooth Stone":24,"PreservedInsect":26,"Guardian:PocketSentry":17,"Orichalcum":20,"Question Card":7,"Mercury Hourglass":25,"Snecko Eye":10,"Art of War":11,"hexamod:BolsterEngine":14,"FossilizedHelix":28,"Pocketwatch":4},{"Ice Cream":68,"Lantern":32,"Replay:PocketPolymizer":13,"sneckomod:BlankCard":31,"CeramicFish":33,"Vajra":54,"Bag of Preparation":8,"Replay:Mystery Machine":4,"Empty Cage":46,"Replay:Rubber Ducky":10,"Dream Catcher":3,"Lizard Tail":5,"Tough Bandages":61,"Shovel":7,"Matryoshka":47,"Pantograph":36,"Replay:Bottled Flurry":61,"Ring of the Snake":0,"Replay:Bottled Steam":30,"Potion Belt":7,"NeowsBlessing":3,"Happy Flower":40,"Counterbalance":0,"Blue Candle":49,"Oddly Smooth Stone":61,"PreservedInsect":66,"Guardian:PocketSentry":38,"Orichalcum":47,"Question Card":9,"Mercury Hourglass":64,"Snecko Eye":25,"Art of War":28,"hexamod:BolsterEngine":32,"FossilizedHelix":70,"Pocketwatch":6}],"Ring of the Snake":[58],"Pocketwatch":[3]},"card_choices":[{"not_picked":["Doppelganger","Atom Bomb","Night Terror"],"picked":"SKIP","floor":6.0},{"not_picked":["Glass Knife","Replay:Bag of Tricks"],"picked":"Adrenaline","floor":8.0},{"not_picked":["Unload","Phantasmal Killer"],"picked":"Bullet Time","floor":11.0},{"not_picked":["Doppelganger","Venomology","Tools of the Trade"],"picked":"Adrenaline","floor":16.0},{"not_picked":["Venomology","Corpse Explosion","Night Terror"],"picked":"Atom Bomb","floor":24.0},{"not_picked":["Venomology","Glass Knife","Die Die Die","After Image"],"picked":"SKIP","floor":29.0},{"not_picked":["Bullet Time","Tools of the Trade","Replay:Bag of Tricks"],"picked":"Doppelganger","floor":31.0},{"not_picked":["Adrenaline","A Thousand Cuts","ReplayTheSpireMod:From All Sides"],"picked":"Phantasmal Killer","floor":33},{"not_picked":["Flechettes+1","Backstab+1","Backflip+1"],"picked":"Noxious Fumes+1","floor":40},{"not_picked":["After Image","A Thousand Cuts","ReplayTheSpireMod:From All Sides"],"picked":"Night Terror","floor":41},{"not_picked":["Burst","Wraith Form v2","Unload"],"picked":"ReplayTheSpireMod:From All Sides","floor":45},{"not_picked":["Tools of the Trade","After Image","Burst"],"picked":"Phantasmal Killer","floor":47}],"player_experience":359081,"relics_obtained":[{"floor":1.0,"key":"Dream Catcher"},{"floor":3.0,"key":"Replay:Mystery Machine"},{"floor":4.0,"key":"Lizard Tail"},{"floor":6.0,"key":"Pocketwatch"},{"floor":8.0,"key":"Shovel"},{"floor":9.0,"key":"Potion Belt"},{"floor":10.0,"key":"Bag of Preparation"},{"floor":11.0,"key":"Question Card"},{"floor":12.0,"key":"Replay:Rubber Ducky"},{"floor":14.0,"key":"Replay:PocketPolymizer"},{"floor":18.0,"key":"Art of War"},{"floor":20.0,"key":"Replay:Bottled Steam"},{"floor":24.0,"key":"sneckomod:BlankCard"},{"floor":25.0,"key":"hexamod:BolsterEngine"},{"floor":26.0,"key":"Lantern"},{"floor":27.0,"key":"CeramicFish"},{"floor":29.0,"key":"Pantograph"},{"floor":30.0,"key":"Guardian:PocketSentry"},{"floor":31.0,"key":"Happy Flower"},{"floor":35,"key":"Orichalcum"},{"floor":38,"key":"Blue Candle"},{"floor":39,"key":"Vajra"},{"floor":42,"key":"Tough Bandages"},{"floor":43,"key":"Oddly Smooth Stone"},{"floor":43,"key":"Replay:Bottled Flurry"},{"floor":45,"key":"Mercury Hourglass"},{"floor":46,"key":"PreservedInsect"},{"floor":47,"key":"Ice Cream"},{"floor":48,"key":"FossilizedHelix"}],"event_choices":[{"damage_healed":0.0,"max_hp_gain":0.0,"max_hp_loss":0.0,"gold_gain":0.0,"cards_transformed":["Dodge and Roll","Slice"],"event_name":"Drug Dealer","player_choice":"Became Test Subject","floor":19.0,"gold_loss":0.0,"damage_taken":0.0,"cards_obtained":["Blur","Poisoned Stab"]},{"cards_removed":["Poisoned Stab"],"damage_healed":0,"gold_gain":0,"player_choice":"Removed Attack","damage_taken":0,"max_hp_gain":0,"max_hp_loss":0,"event_name":"Falling","floor":37,"gold_loss":0}],"is_beta":false,"boss_relics":[{"not_picked":["Ring of the Serpent","Tiny House"],"picked":"Snecko Eye"},{"not_picked":["Philosopher\u0027s Stone","Replay:Drink Me"],"picked":"Empty Cage"}],"items_purged_floors":[5,21],"is_endless":false,"potions_floor_spawned":[3,4,8,10,11,24,27,29,39,41,45,46],"ascension_level":0}}