{"host":"clf2hd4adhiiw0zf","time":1613032315,"event":{"mods":["AchievementEnabler","BaseMod","Beaked The Cultist","Bestiary","Dark Map","Downfall","Gremlin Mod","Hermit","Jorbs\u0027s Wanderer Trilogy","Marisa????????","Minty Spire (QoL Compilation)","Shop Mod","StSLib","The Cursed","The Servant 0.9.4","Wide Potions"],"gold_per_floor":[99,119,119,119,131,141,166,199,211,225,236,268,268,268,280,384,384,284,300,319,57,57,125,125,181,81,132,182,182,182,182,239,381,381,281,341,400,489,144,210,234,245,312,312,312,385,385,445,498,538,538,612,65,65,105,145],"floor_reached":57,"language":"ENG","playtime":3987,"items_purged":[],"score":2090,"play_id":"5aa74288-d1b7-499f-860a-c3e9c52d8630","local_time":"20210211013155","is_ascension_mode":true,"campfire_choices":[{"data":"Guardian:SphericShield","floor":1.0,"key":"SMITH"},{"data":"Guardian:ConstructionForm","floor":18.0,"key":"SMITH"},{"data":"Guardian:Harden","floor":26,"key":"SMITH"},{"floor":30,"key":"RECALL"},{"data":"Guardian:TimeBomb","floor":35,"key":"SMITH"},{"data":"Guardian:SpikerProtocol","floor":44,"key":"SMITH"},{"data":"Guardian:RevengeProtocol","floor":54,"key":"SMITH"}],"circlet_count":0,"master_deck":["Guardian:Strike_Guardian","Guardian:Strike_Guardian","Guardian:Strike_Guardian","Guardian:Strike_Guardian","Guardian:Defend_Guardian","Guardian:Defend_Guardian","Guardian:Defend_Guardian","Guardian:Defend_Guardian","Guardian:CurlUp","Guardian:TwinSlam","Guardian:SphericShield+1","Guardian:PrismaticBarrier","Guardian:BodySlam","Guardian:TimeBomb+1","Guardian:PiercingHide","Guardian:Recover","Guardian:Harden+1","Guardian:FastForward","Guardian:RollAttack","Guardian:ConstructionForm+1","Guardian:Clone","Guardian:TemporalShield","Guardian:BronzeArmor","Guardian:GemFinder","Guardian:Incinerate+1","Guardian:HyperBeam_Guardian","Guardian:ShieldSpikes","Guardian:RevengeProtocol+1","Guardian:FloatingOrbs+1","Guardian:BronzeArmor+1","Guardian:Suspension","Guardian:SpikerProtocol+1","Guardian:BodySlam","Clumsy","Shame","Guardian:SphericShield+1","Guardian:BodySlam+1","Guardian:Planning+1","Guardian:FloatingOrbs+1","Guardian:Recover+1"],"relics":["Guardian:ModeShifterPlus","Pear","Oddly Smooth Stone","TungstenRod","Torii","expansioncontent:StudyCardRelic","downfall:HeartBlessingGreen","Eternal Feather","downfall:KnowingSkull","Bag of Marbles","downfall:HeartBlessingBlue","downfall:ExtraCursedKey","downfall:HeartBlessingRed","champ:DeflectingBracers","Slimebound:PreparedRelic","Thread and Needle","PreservedInsect","Prayer Wheel","Toy Ornithopter","DollysMirror","Letter Opener","StoneCalendar","Mercury Hourglass"],"acts_visited":["Exordium","TheCity","TheBeyond","TheEnding"],"potions_floor_usage":[23,23,33,38,56,56],"damage_taken":[{"damage":7.0,"enemies":"Jaw Worm","floor":2.0,"turns":4.0},{"damage":2.0,"enemies":"Small Slimes","floor":5.0,"turns":4.0},{"damage":0.0,"enemies":"Cultist","floor":6.0,"turns":2.0},{"damage":12.0,"enemies":"Gremlin Nob","floor":8.0,"turns":5.0},{"damage":5.0,"enemies":"Exordium Wildlife","floor":9.0,"turns":4.0},{"damage":8.0,"enemies":"Lots of Slimes","floor":10.0,"turns":5.0},{"damage":10.0,"enemies":"Exordium Thugs","floor":11.0,"turns":5.0},{"damage":1.0,"enemies":"Lagavulin","floor":12.0,"turns":6.0},{"damage":0.0,"enemies":"Lagavulin","floor":13.0,"turns":2.0},{"damage":0.0,"enemies":"2 Fungi Beasts","floor":15.0,"turns":4.0},{"damage":0.0,"enemies":"SI_SHIV_ARCHETYPE","floor":16.0,"turns":5.0},{"damage":0.0,"enemies":"Chosen","floor":19.0,"turns":4.0},{"damage":0.0,"enemies":"Shelled Parasite and Fungi","floor":20.0,"turns":5.0},{"damage":0.0,"enemies":"downfall:FleeingMerchant","floor":21.0,"turns":4.0},{"damage":8,"enemies":"Gremlin Leader","floor":23,"turns":9},{"damage":2,"enemies":"Sentry and Sphere","floor":25,"turns":8},{"damage":10,"enemies":"Centurion and Healer","floor":27,"turns":5},{"damage":2,"enemies":"Cultist and Chosen","floor":28,"turns":4},{"damage":2,"enemies":"Snecko","floor":32,"turns":4},{"damage":51,"enemies":"IC_MUSHROOM_ARCHETYPE","floor":33,"turns":13},{"damage":2,"enemies":"3 Shapes","floor":36,"turns":4},{"damage":2,"enemies":"Orb Walker","floor":37,"turns":4},{"damage":30,"enemies":"2 Orb Walkers","floor":38,"turns":5},{"damage":2,"enemies":"downfall:FleeingMerchant","floor":39,"turns":4},{"damage":2,"enemies":"Nemesis","floor":40,"turns":4},{"damage":0,"enemies":"4 Shapes","floor":42,"turns":1},{"damage":2,"enemies":"Giant Head","floor":43,"turns":5},{"damage":2,"enemies":"downfall:FleeingMerchant","floor":46,"turns":2},{"damage":2,"enemies":"Writhing Mass","floor":48,"turns":3},{"damage":2,"enemies":"Maw","floor":49,"turns":4},{"damage":2,"enemies":"WA_ARCHETYPE_DIVINITY","floor":50,"turns":5},{"damage":2,"enemies":"downfall:CharBossMerchant","floor":52,"turns":4},{"damage":10,"enemies":"downfall:NeowBoss","floor":55,"turns":13},{"damage":2,"enemies":"downfall:NeowBossFinal","floor":56,"turns":6}],"seed_played":"6360255591283454077","potions_obtained":[{"floor":2.0,"key":"champ:CounterPotion"},{"floor":5.0,"key":"Regen Potion"},{"floor":12.0,"key":"Guardian:DefensiveModePotion"},{"floor":16.0,"key":"Weak Potion"},{"floor":19.0,"key":"Block Potion"},{"floor":25,"key":"Explosive Potion"},{"floor":27,"key":"FearPotion"},{"floor":33,"key":"Dexterity Potion"},{"floor":37,"key":"SkillPotion"},{"floor":38,"key":"Dexterity Potion"}],"is_trial":false,"path_per_floor":["R","M","?","?","M","M","T","E","M","M","M","E","?","?","M","B",null,"R","M","M","$","?","E","T","M","R","M","M","?","R","?","M","B",null,"R","M","M","?","$","E","T","M","E","R","?","$","?","M","M","B",null,"E","$","R","B","B",null],"character_chosen":"GUARDIAN","items_purchased":["Eternal Feather","Slimebound:PreparedRelic","Guardian:SpikerProtocol","Guardian:BodySlam","Toy Ornithopter","DollysMirror","StoneCalendar","Mercury Hourglass"],"campfire_rested":0,"item_purchase_floors":[21,39,39,39,46,46,53,53],"current_hp_per_floor":[56,49,59,59,57,57,57,45,40,32,22,21,11,2,2,17,90,90,90,90,90,83,75,75,73,95,85,83,83,98,98,96,45,100,100,98,96,66,64,62,62,62,60,81,81,79,79,77,75,73,100,98,98,100,90,100],"gold":145,"neow_bonus":"THREE_RARE_CARDS","is_daily":false,"chose_seed":false,"campfire_upgraded":6,"win_rate":0.0,"timestamp":1613032315,"path_taken":["R","M","?","?","M","?","T","E","M","M","M","E","?","?","M","BOSS","R","M","M","$","?","E","T","M","R","?","M","?","R","?","M","BOSS","R","M","?","?","$","E","T","M","E","R","?","?","?","M","M","BOSS","E","$","R","BOSS","BOSS"],"items_purchased_type":["Relic","Relic","Card","Card","Relic","Relic","Relic","Relic"],"build_version":"2020-12-22","purchased_purges":0,"victory":true,"max_hp_per_floor":[80,80,90,90,90,90,90,90,90,90,90,90,90,90,90,90,90,90,90,90,90,90,90,90,90,100,100,100,100,100,100,100,100,100,100,100,100,100,100,100,100,100,100,100,100,100,100,100,100,100,100,100,100,100,100,100],"card_choices":[{"not_picked":["Guardian:TimeSifter","Guardian:GatlingBeam"],"picked":"Guardian:SphericShield","floor":0.0},{"not_picked":["Guardian:TimeCapacitor","Guardian:Emergency"],"picked":"Guardian:PrismaticBarrier","floor":2.0},{"not_picked":["Guardian:ChargeCore","Guardian:Gem_Lightblue"],"picked":"Guardian:BodySlam","floor":5.0},{"not_picked":["Guardian:VentSteam","Guardian:Orbwalk"],"picked":"Guardian:TimeBomb","floor":6.0},{"not_picked":["Guardian:Reroute","Guardian:PrismaticBarrier"],"picked":"Guardian:PiercingHide","floor":8.0},{"not_picked":["Guardian:BronzeOrb","Guardian:Incinerate"],"picked":"Guardian:Recover","floor":9.0},{"not_picked":["Guardian:Gem_Lightblue","Guardian:ChargeCore"],"picked":"Guardian:Gem_Cyan","floor":10.0},{"not_picked":["Guardian:VentSteam","Guardian:ShieldCharger"],"picked":"Guardian:Harden","floor":11.0},{"not_picked":["Guardian:DonusPower","Guardian:Emergency"],"picked":"Guardian:FastForward","floor":12.0},{"not_picked":["Guardian:PrimingBeam","Guardian:Gem_Blue"],"picked":"Guardian:RollAttack","floor":15.0},{"not_picked":["Guardian:StasisStrike","Guardian:FastForward"],"picked":"Guardian:ConstructionForm","floor":16.0},{"not_picked":["Guardian:Emergency","Guardian:TemporalShield"],"picked":"Guardian:Clone","floor":19.0},{"not_picked":["Guardian:VentSteam","Guardian:Suspension"],"picked":"Guardian:TemporalShield","floor":20.0},{"not_picked":["Guardian:WalkerClaw+1","Guardian:TemporalStrike"],"picked":"Guardian:BronzeArmor","floor":21.0},{"not_picked":["Guardian:TemporalShield","Guardian:TemporalStrike","Guardian:ChargeCore"],"picked":"SKIP","floor":23},{"not_picked":["Guardian:Gem_Cyan","Guardian:Suspension"],"picked":"Guardian:GemFinder","floor":25},{"not_picked":["Guardian:Gem_Red","Guardian:Reroute","Guardian:Suspension"],"picked":"SKIP","floor":27},{"not_picked":["Guardian:VentSteam","Guardian:TemporalStrike"],"picked":"Guardian:Incinerate+1","floor":28},{"not_picked":["Guardian:Gem_Red","Guardian:Gem_Green"],"picked":"Guardian:Gem_Cyan","floor":32},{"not_picked":["Guardian:Recover","Guardian:WalkerClaw"],"picked":"Guardian:ShieldSpikes","floor":32},{"not_picked":["Guardian:CompilePackage","Guardian:GemFinder"],"picked":"Guardian:RevengeProtocol","floor":33},{"not_picked":["Guardian:TimeCapacitor+1","Guardian:Gem_Yellow"],"picked":"Guardian:FloatingOrbs+1","floor":36},{"not_picked":["Guardian:ChargeCore+1","Guardian:Gem_Fragmented","Guardian:Reroute+1"],"picked":"SKIP","floor":37},{"not_picked":["Guardian:TemporalShield+1","Guardian:SentryBeam+1"],"picked":"Guardian:BronzeArmor+1","floor":38},{"not_picked":["Guardian:PrimingBeam+1","Guardian:TimeCapacitor"],"picked":"Guardian:Suspension","floor":39},{"not_picked":["Guardian:Gem_Red","Guardian:Emergency+1","Guardian:Reroute+1"],"picked":"SKIP","floor":40},{"not_picked":["Guardian:CrystalBeam","Guardian:WalkerClaw","Guardian:PiercingHide"],"picked":"SKIP","floor":42},{"not_picked":["Guardian:Reroute+1","Guardian:Emergency","Guardian:Gem_Blue"],"picked":"SKIP","floor":43},{"not_picked":["Guardian:VentSteam","Guardian:Incinerate+1"],"picked":"Guardian:FierceBash","floor":46},{"not_picked":["Guardian:Recover","Guardian:Clone"],"picked":"Guardian:BodySlam+1","floor":48},{"not_picked":["Guardian:Reroute","Guardian:PrimingBeam"],"picked":"Guardian:Planning+1","floor":48},{"not_picked":["Guardian:Gem_Lightblue","Guardian:Reroute"],"picked":"Guardian:FloatingOrbs+1","floor":49},{"not_picked":["Guardian:Gem_Fragmented","Guardian:PolyBeam+1","Guardian:PrimingBeam+1"],"picked":"SKIP","floor":49},{"not_picked":["Guardian:PrimingBeam","Guardian:MultiBeam+1"],"picked":"Guardian:Recover+1","floor":52}],"player_experience":213484,"relics_obtained":[{"floor":7.0,"key":"Oddly Smooth Stone"},{"floor":8.0,"key":"TungstenRod"},{"floor":12.0,"key":"Torii"},{"floor":23,"key":"Bag of Marbles"},{"floor":38,"key":"champ:DeflectingBracers"},{"floor":40,"key":"Thread and Needle"},{"floor":41,"key":"PreservedInsect"},{"floor":43,"key":"Prayer Wheel"},{"floor":52,"key":"Letter Opener"}],"event_choices":[{"damage_healed":0.0,"max_hp_gain":0.0,"max_hp_loss":0.0,"gold_gain":0.0,"event_name":"Big Fish","player_choice":"Box","floor":3.0,"gold_loss":0.0,"damage_taken":0.0,"relics_obtained":["Pear"],"cards_obtained":["Regret"]},{"damage_healed":0.0,"max_hp_gain":0.0,"max_hp_loss":0.0,"gold_gain":0.0,"event_name":"Scrap Ooze","player_choice":"Fled","floor":14.0,"gold_loss":0.0,"damage_taken":12.0},{"damage_healed":0,"gold_gain":0,"player_choice":"Fight","damage_taken":0,"max_hp_gain":0,"max_hp_loss":0,"event_name":"Mysterious Sphere","floor":38,"gold_loss":0},{"cards_removed":["Guardian:FierceBash"],"damage_healed":0,"gold_gain":0,"player_choice":"Removed Attack","damage_taken":0,"max_hp_gain":0,"max_hp_loss":0,"event_name":"Falling","floor":47,"gold_loss":0}],"is_beta":false,"boss_relics":[{"not_picked":["Pandora\u0027s Box","Sozu"],"picked":"expansioncontent:StudyCardRelic"},{"not_picked":["beaked:MawFillet","beaked:SacredDeck"],"picked":"Guardian:ModeShifterPlus"}],"items_purged_floors":[],"is_endless":false,"potions_floor_spawned":[2,5,12,15,16,19,25,27,33,37,38,43,52],"ascension_level":4}}