{"host":"yans4pr1zf0lm9bx","time":1613069048,"event":{"mods":["AchievementEnabler","BaseMod","Minty Spire (QoL Compilation)","Replay The Spire","StSLib","SuperFastMode","slay the spire mod where everything is the same but ironclad has a cowboy hat"],"gold_per_floor":[115,133,152,77,93,93,168,168,242,242,254,280,380,410,410,508,508,523,523,542,553,553,580,591,591,591,626,642,642,642,642,642],"floor_reached":31,"language":"ENG","playtime":1495,"items_purged":["Strike_R"],"score":367,"play_id":"b2b68b4b-9f6b-41d3-abdd-b6d73ff203ec","local_time":"20210211134408","is_ascension_mode":true,"campfire_choices":[{"data":"Feed","floor":6,"key":"SMITH"},{"data":"Pommel Strike","floor":8,"key":"SMITH"},{"data":"Demon Form","floor":10,"key":"SMITH"},{"data":"ReplayTheSpireMod:Limb From Limb","floor":15,"key":"SMITH"},{"floor":25,"key":"REST"},{"floor":29,"key":"REST"}],"circlet_count":0,"master_deck":["Strike_R","Strike_R","Defend_R","Defend_R","Defend_R","Defend_R","Bash","Pommel Strike+1","Feed+1","Power Through","Pummel","Demon Form+1","Shrug It Off","Evolve","Warcry","ReplayTheSpireMod:Limb From Limb+1","Bludgeon","Sword Boomerang","Evolve","Heavy Blade","Feel No Pain","Fire Breathing+1","Defy Death","Sickly"],"relics":["Burning Blood","Divine Protection","Centennial Puzzle","PreservedInsect","Cursed Key","Singing Bowl","Gremlin Horn"],"acts_visited":["Exordium","TheCity"],"potions_floor_usage":[5,24,27],"damage_taken":[{"damage":4,"enemies":"Cultist","floor":1,"turns":5},{"damage":0,"enemies":"2 Louse","floor":2,"turns":4},{"damage":0,"enemies":"Small Slimes","floor":3,"turns":2},{"damage":23,"enemies":"Exordium Thugs","floor":5,"turns":7},{"damage":0,"enemies":"Blue Slaver","floor":11,"turns":5},{"damage":4,"enemies":"3 Sentries","floor":12,"turns":8},{"damage":3,"enemies":"Replay:BlueRogue","floor":14,"turns":4},{"damage":60,"enemies":"The Guardian","floor":16,"turns":10},{"damage":12,"enemies":"Shell Parasite","floor":18,"turns":8},{"damage":3,"enemies":"3 Byrds","floor":20,"turns":5},{"damage":7,"enemies":"Centurion and Healer","floor":21,"turns":5},{"damage":58,"enemies":"Gremlin Leader","floor":23,"turns":8},{"damage":30,"enemies":"3 Cultists","floor":24,"turns":6},{"damage":25,"enemies":"Slavers","floor":27,"turns":5},{"damage":18,"enemies":"Snake Plant","floor":28,"turns":5},{"damage":60,"enemies":"Book of Stabbing","floor":31,"turns":4}],"seed_played":"1593257618291103806","potions_obtained":[{"floor":3,"key":"LifebloodPotion"},{"floor":5,"key":"SpeedPotion"},{"floor":14,"key":"Ancient Potion"},{"floor":21,"key":"BlessingOfTheForge"},{"floor":24,"key":"Flashbang"}],"is_trial":false,"path_per_floor":["M","M","M","$","M","R","?","R","T","R","M","E","?","E","R","B",null,"M","?","M","M","?","E","M","R","T","E","M","R","?","E"],"character_chosen":"IRONCLAD","items_purchased":[],"campfire_rested":2,"item_purchase_floors":[],"current_hp_per_floor":[58,67,76,76,62,62,51,51,51,51,61,67,67,70,70,16,97,91,91,98,97,97,45,21,51,51,34,24,55,55,0,0],"gold":642,"neow_bonus":"TRANSFORM_TWO_CARDS","is_daily":false,"chose_seed":false,"campfire_upgraded":4,"win_rate":0.0,"timestamp":1613069048,"path_taken":["M","M","?","$","M","R","?","R","T","R","M","E","?","E","R","BOSS","M","?","M","M","?","E","M","R","T","E","?","R","?","E"],"items_purchased_type":[],"build_version":"2020-12-22","purchased_purges":1,"victory":false,"max_hp_per_floor":[80,83,86,86,89,89,89,89,89,89,93,97,97,97,97,97,97,97,97,101,101,101,101,101,101,101,103,105,105,105,105,105],"card_choices":[{"not_picked":["Heavy Blade","Pommel Strike"],"picked":"Power Through","floor":1},{"not_picked":["ReplayTheSpireMod:Strike From Hell","Sentinel"],"picked":"Pummel","floor":2},{"not_picked":["Flex","Shrug It Off"],"picked":"Demon Form","floor":3},{"not_picked":["Anger","Armaments"],"picked":"Shrug It Off","floor":5},{"not_picked":["Headbutt","Flame Barrier"],"picked":"Evolve","floor":11},{"not_picked":["Anger","Wild Strike"],"picked":"Warcry","floor":12},{"not_picked":["Reaper","Feed"],"picked":"ReplayTheSpireMod:Limb From Limb","floor":14},{"not_picked":["Replay:Many Hands","Demonic Infusion"],"picked":"Bludgeon","floor":16},{"not_picked":["Iron Wave","Spot Weakness"],"picked":"Sword Boomerang","floor":18},{"not_picked":["Armaments+1","Flame Barrier"],"picked":"Heavy Blade","floor":20},{"not_picked":["Life Link","Twin Strike","Cleave"],"picked":"SKIP","floor":21},{"not_picked":["Armaments","Cleave"],"picked":"Fire Breathing+1","floor":23},{"not_picked":["Evolve","Shrug It Off"],"picked":"Defy Death","floor":24},{"not_picked":["Cleave","Twin Strike","Headbutt"],"picked":"Singing Bowl","floor":27},{"not_picked":["Defy Death","Bloodletting","Impervious"],"picked":"Singing Bowl","floor":28}],"player_experience":284465,"relics_obtained":[{"floor":9,"key":"Divine Protection"},{"floor":12,"key":"Centennial Puzzle"},{"floor":14,"key":"PreservedInsect"},{"floor":23,"key":"Singing Bowl"},{"floor":27,"key":"Gremlin Horn"}],"event_choices":[{"damage_healed":0,"gold_gain":75,"player_choice":"Gather Gold","damage_taken":11,"max_hp_gain":0,"max_hp_loss":0,"event_name":"World of Goop","floor":7,"gold_loss":0},{"damage_healed":0,"gold_gain":100,"player_choice":"Pray","damage_taken":0,"max_hp_gain":0,"max_hp_loss":0,"event_name":"Golden Shrine","floor":13,"gold_loss":0},{"damage_healed":0,"gold_gain":0,"player_choice":"Read","damage_taken":0,"max_hp_gain":0,"max_hp_loss":0,"event_name":"The Library","floor":19,"gold_loss":0,"cards_obtained":["Evolve"]},{"damage_healed":0,"gold_gain":0,"player_choice":"1 cards matched","damage_taken":0,"max_hp_gain":0,"max_hp_loss":0,"event_name":"Match and Keep!","floor":22,"gold_loss":0,"cards_obtained":["Feel No Pain"]},{"damage_healed":0,"gold_gain":0,"player_choice":"Ignored","damage_taken":0,"max_hp_gain":0,"max_hp_loss":0,"event_name":"Vampires","floor":30,"gold_loss":0}],"is_beta":false,"boss_relics":[{"not_picked":["ReplayTheSpireMod:DimensionalGlitch","Fusion Hammer"],"picked":"Cursed Key"}],"items_purged_floors":[4],"is_endless":false,"potions_floor_spawned":[3,5,14,21,24],"killed_by":"Book of Stabbing","ascension_level":4}}