{"host":"4zpqi6gd0xcmibwu","time":1613050220,"event":{"mods":["AchievementEnabler","BaseMod","Better Altar","Better Match","Better Note","Better Skull","Better Third Choice","Block Reminder","Bossed Relics","Colored Map","Colored Powertips","DeckTracker","Displayed Cursed Tome","Googly Eyes","Highlight Path","Infinite Spire","Key Reminder","Minty Spire (QoL Compilation)","Permanent Neow","Quick Restart","Random Character Button","Rare Cards Sparkle","Relic Sorter","Relic Stats","Replay The Spire","ShortenTheSpire","Smile Girya","Spire Arcade","Spire Birthday Party","StSLib","Steal the Spire","SuperFastMode","Uncapped","Unceasing Turn Reminder","Waifu the Spire","everything is the same but u backflip on backflip","slay the spire mod where everything is the same but ironclad has a cowboy hat"],"gold_per_floor":[109,109,34,52,52,87,87],"floor_reached":6,"language":"ENG","playtime":618,"items_purged":["Sneak Up"],"score":53,"play_id":"9ce62718-220f-452b-a962-4cd87b88f701","local_time":"20210211143020","is_ascension_mode":true,"campfire_choices":[],"circlet_count":0,"master_deck":["Strike_G","Strike_G","Strike_G","Defend_G","Defend_G","Defend_G","Defend_G","Survivor","Neutralize","ReplayTheSpireMod:Speed Training","Well Laid Plans","Backflip","Draining Mist"],"relics":["Ring of the Snake","Garlic"],"acts_visited":["Exordium"],"potions_floor_usage":[],"damage_taken":[{"damage":0,"enemies":"Small Slimes","floor":1,"turns":3},{"damage":0,"enemies":"Cultist","floor":4,"turns":5},{"damage":41,"enemies":"Lagavulin","floor":6,"turns":12}],"seed_played":"-4478629894869848067","potions_obtained":[{"floor":4,"key":"Venom Potion"},{"floor":6,"key":"Reflective Coating"}],"is_trial":false,"path_per_floor":["M","?","$","M","?","E"],"character_chosen":"THE_SILENT","items_purchased":[],"campfire_rested":0,"item_purchase_floors":[],"current_hp_per_floor":[49,49,49,49,49,8,8],"gold":87,"neow_bonus":"TRANSFORM_TWO_CARDS","is_daily":false,"chose_seed":false,"campfire_upgraded":0,"win_rate":0.0,"timestamp":1613050220,"path_taken":["M","?","?","M","?","E"],"items_purchased_type":[],"build_version":"2020-12-22","purchased_purges":1,"victory":false,"max_hp_per_floor":[70,70,70,70,70,70,70],"relic_stats":{"counters":[3,20],"obtain_stats":[{"Garlic":6,"Ring of the Snake":0},{"Garlic":3,"Ring of the Snake":0},{"Garlic":20,"Ring of the Snake":0}],"Ring of the Snake":[6]},"card_choices":[{"not_picked":["Accuracy","Deadly Poison"],"picked":"Backflip","floor":1},{"not_picked":["Prepared","Poisoned Stab"],"picked":"Draining Mist","floor":4}],"player_experience":58798,"relics_obtained":[{"floor":6,"key":"Garlic"}],"event_choices":[{"damage_healed":0,"gold_gain":0,"cards_transformed":["Strike_G"],"player_choice":"Transformed","damage_taken":0,"max_hp_gain":0,"max_hp_loss":0,"event_name":"Transmorgrifier","floor":2,"gold_loss":0,"cards_obtained":["Sneak Up"]}],"is_beta":false,"boss_relics":[],"items_purged_floors":[3],"is_endless":false,"potions_floor_spawned":[4,6],"killed_by":"Lagavulin","ascension_level":4}}