{"host":"kpyoctgc7jne3jiy","time":1613062540,"event":{"mods":["AchievementEnabler","BaseMod","Minty Spire (QoL Compilation)","Relic Stats"],"gold_per_floor":[115,134,150,150,175,175,205,205,205,219,219,253,6,19,19,19,19],"floor_reached":16,"language":"ENG","playtime":705,"items_purged":[],"score":143,"play_id":"c8f02fb0-84a5-4354-86ce-2efd348fba42","local_time":"20210211175540","is_ascension_mode":true,"campfire_choices":[{"data":"Cold Snap","floor":6,"key":"SMITH"},{"data":"Capacitor","floor":8,"key":"SMITH"},{"data":"Streamline","floor":11,"key":"SMITH"},{"data":"Zap","floor":15,"key":"SMITH"}],"circlet_count":0,"master_deck":["Strike_B","Strike_B","Strike_B","Strike_B","Defend_B","Defend_B","Defend_B","Defend_B","Zap+1","Dualcast","Chill","Cold Snap+1","Capacitor+1","BootSequence","Streamline+1","Turbo+1"],"relics":["Coffee Dripper","Ancient Tea Set","Omamori","Toxic Egg 2","Bottled Lightning","Frozen Egg 2"],"acts_visited":["Exordium"],"potions_floor_usage":[16],"damage_taken":[{"damage":1,"enemies":"Cultist","floor":1,"turns":4},{"damage":0,"enemies":"Jaw Worm","floor":2,"turns":4},{"damage":0,"enemies":"2 Louse","floor":3,"turns":3},{"damage":16,"enemies":"3 Sentries","floor":7,"turns":12},{"damage":2,"enemies":"Looter","floor":10,"turns":4},{"damage":19,"enemies":"Lagavulin","floor":12,"turns":7},{"damage":0,"enemies":"Large Slime","floor":14,"turns":5},{"damage":39,"enemies":"The Guardian","floor":16,"turns":9}],"seed_played":"-9062323237540641536","potions_obtained":[{"floor":1,"key":"Ancient Potion"},{"floor":2,"key":"Energy Potion"},{"floor":3,"key":"DistilledChaos"}],"is_trial":false,"path_per_floor":["M","M","M","?","T","R","E","R","T","M","R","E","$","M","R","B"],"character_chosen":"DEFECT","items_purchased":["Frozen Egg 2"],"campfire_rested":0,"item_purchase_floors":[13],"current_hp_per_floor":[67,67,67,72,72,72,56,56,56,54,54,35,35,35,35,0,0],"gold":19,"neow_bonus":"BOSS_RELIC","is_daily":false,"chose_seed":false,"campfire_upgraded":4,"win_rate":0.0,"timestamp":1613062540,"path_taken":["M","M","?","?","?","R","E","R","T","M","R","E","$","?","R","BOSS"],"items_purchased_type":["Relic"],"build_version":"2020-12-22","purchased_purges":0,"victory":false,"max_hp_per_floor":[75,75,75,80,80,80,80,80,80,80,80,80,80,80,80,80,80],"relic_stats":{"counters":[8,48],"obtain_stats":[{"Coffee Dripper":0,"Omamori":7,"Bottled Lightning":12,"Toxic Egg 2":9,"Frozen Egg 2":13,"Cracked Core":0,"Ancient Tea Set":5},{"Coffee Dripper":0,"Omamori":4,"Bottled Lightning":6,"Toxic Egg 2":4,"Frozen Egg 2":6,"Cracked Core":0,"Ancient Tea Set":3},{"Coffee Dripper":0,"Omamori":23,"Bottled Lightning":34,"Toxic Egg 2":23,"Frozen Egg 2":34,"Cracked Core":0,"Ancient Tea Set":11}]},"card_choices":[{"not_picked":["Go for the Eyes","Static Discharge"],"picked":"Chill","floor":1},{"not_picked":["Barrage","Darkness"],"picked":"Cold Snap","floor":2},{"not_picked":["Conserve Battery","Fusion"],"picked":"Capacitor","floor":3},{"not_picked":["Redo","Double Energy"],"picked":"BootSequence","floor":7},{"not_picked":["Coolheaded+1","Chill+1"],"picked":"Streamline","floor":10},{"not_picked":["Rip and Tear","Hyperbeam"],"picked":"Turbo+1","floor":12},{"not_picked":["Rip and Tear","Turbo+1","Aggregate+1"],"picked":"SKIP","floor":14}],"player_experience":358262,"relics_obtained":[{"floor":5,"key":"Ancient Tea Set"},{"floor":7,"key":"Omamori"},{"floor":9,"key":"Toxic Egg 2"},{"floor":12,"key":"Bottled Lightning"}],"event_choices":[{"damage_healed":0,"gold_gain":0,"player_choice":"Donut","damage_taken":0,"max_hp_gain":5,"max_hp_loss":0,"event_name":"Big Fish","floor":4,"gold_loss":0}],"is_beta":false,"boss_relics":[],"items_purged_floors":[],"is_endless":false,"potions_floor_spawned":[1,2,3,12],"killed_by":"The Guardian","ascension_level":6}}