{"host":"pi8b3ffzwvxqztac","time":1613069576,"event":{"mods":["BaseMod","Colored Map","Custom Start","Downfall","Minty Spire (QoL Compilation)","StSLib"],"gold_per_floor":[110,110,41,141,73,73,83,116,166,166,186,186,220,66,66,161,161,179,197,207,122,122,122,138,138,138,138,138,138],"floor_reached":28,"language":"ENG","playtime":1727,"items_purged":["Strike_P"],"score":283,"play_id":"4e3421e9-cabe-427a-bbb3-2a9eef67e228","local_time":"20210212075256","is_ascension_mode":true,"campfire_choices":[{"data":"Eruption","floor":6,"key":"SMITH"},{"data":"TalkToTheHand","floor":10,"key":"SMITH"},{"data":"Vigilance","floor":12,"key":"SMITH"},{"data":"Study","floor":15,"key":"SMITH"},{"data":"Wallop","floor":23,"key":"SMITH"},{"data":"Swivel","floor":25,"key":"SMITH"}],"circlet_count":0,"master_deck":["Strike_P","Strike_P","Strike_P","Defend_P","Defend_P","Defend_P","Defend_P","Eruption+1","Vigilance+1","FlyingSleeves","TalkToTheHand+1","InnerPeace","FearNoEvil","Protect","Swivel+1","Indignation","Wallop+1","Study+1","Establishment","FollowUp"],"relics":["PureWater","Juzu Bracelet","Unceasing Top","hexamod:BolsterEngine","Damaru","Busted Crown","Anchor","Lizard Tail"],"acts_visited":["Exordium","TheCity"],"potions_floor_usage":[16,22,28,28],"damage_taken":[{"damage":0,"enemies":"2 Louse","floor":1,"turns":2},{"damage":0,"enemies":"Cultist","floor":7,"turns":4},{"damage":13,"enemies":"Lagavulin","floor":8,"turns":6},{"damage":0,"enemies":"Jaw Worm","floor":11,"turns":3},{"damage":33,"enemies":"Gremlin Nob","floor":13,"turns":5},{"damage":25,"enemies":"The Guardian","floor":16,"turns":10},{"damage":18,"enemies":"Spheric Guardian","floor":18,"turns":5},{"damage":2,"enemies":"2 Thieves","floor":19,"turns":5},{"damage":2,"enemies":"Centurion and Healer","floor":20,"turns":8},{"damage":0,"enemies":"Shelled Parasite and Fungi","floor":22,"turns":1},{"damage":1,"enemies":"Snecko","floor":24,"turns":6},{"damage":80,"enemies":"Gremlin Leader","floor":28,"turns":8}],"seed_played":"-2620578329401027065","potions_obtained":[{"floor":1,"key":"Weak Potion"},{"floor":13,"key":"EssenceOfSteel"},{"floor":16,"key":"AttackPotion"},{"floor":18,"key":"DistilledChaos"},{"floor":19,"key":"SmokeBomb"}],"is_trial":false,"path_per_floor":["M","?","$","?","$","R","M","E","T","R","M","R","E","$","R","B",null,"M","M","M","?","M","R","M","R","T","?","E"],"character_chosen":"WATCHER","items_purchased":["InnerPeace","FearNoEvil","Study"],"campfire_rested":0,"item_purchase_floors":[3,5,14],"current_hp_per_floor":[72,72,72,72,72,72,72,59,59,59,59,59,26,26,26,1,54,36,34,32,32,32,32,31,31,31,18,0,0],"gold":138,"neow_bonus":"THREE_CARDS","is_daily":false,"chose_seed":false,"campfire_upgraded":6,"win_rate":0.0,"timestamp":1613069576,"path_taken":["M","?","?","?","?","R","M","E","T","R","M","R","E","$","R","BOSS","M","M","M","?","M","R","M","R","T","?","E"],"items_purchased_type":["Card","Card","Card"],"build_version":"2020-12-22","purchased_purges":1,"victory":false,"max_hp_per_floor":[72,72,72,72,72,72,72,72,72,72,72,72,72,72,72,72,72,72,72,72,72,72,72,72,72,72,77,77,77],"card_choices":[{"not_picked":["EmptyBody","JustLucky"],"picked":"FlyingSleeves","floor":0},{"not_picked":["ReachHeaven","WheelKick"],"picked":"TalkToTheHand","floor":1},{"not_picked":["WheelKick","CutThroughFate"],"picked":"Protect","floor":7},{"not_picked":["BowlingBash","InnerPeace"],"picked":"Swivel","floor":8},{"not_picked":["CrushJoints","FollowUp"],"picked":"Indignation","floor":11},{"not_picked":["CrushJoints","Adaptation"],"picked":"Wallop","floor":13},{"not_picked":["Scrawl","Wish"],"picked":"Establishment","floor":16},{"not_picked":["CutThroughFate"],"picked":"SKIP","floor":18},{"not_picked":[],"picked":"FollowUp","floor":19},{"not_picked":["Nirvana+1"],"picked":"SKIP","floor":20},{"not_picked":["FearNoEvil"],"picked":"SKIP","floor":24}],"player_experience":758915,"relics_obtained":[{"floor":8,"key":"Unceasing Top"},{"floor":9,"key":"hexamod:BolsterEngine"},{"floor":13,"key":"Damaru"},{"floor":26,"key":"Lizard Tail"}],"event_choices":[{"damage_healed":0,"gold_gain":0,"player_choice":"Gave Potion","damage_taken":0,"relics_obtained":["Juzu Bracelet"],"max_hp_gain":0,"max_hp_loss":0,"event_name":"WeMeetAgain","floor":2,"gold_loss":0},{"damage_healed":0,"gold_gain":100,"player_choice":"Pray","damage_taken":0,"max_hp_gain":0,"max_hp_loss":0,"event_name":"Golden Shrine","floor":4,"gold_loss":0},{"damage_healed":0,"gold_gain":0,"player_choice":"Obtained Relic","damage_taken":0,"relics_obtained":["Anchor"],"max_hp_gain":0,"max_hp_loss":0,"event_name":"Addict","floor":21,"gold_loss":85},{"damage_healed":0,"gold_gain":0,"player_choice":"Shed Blood","damage_taken":18,"max_hp_gain":5,"max_hp_loss":0,"event_name":"Forgotten Altar","floor":27,"gold_loss":0}],"is_beta":false,"boss_relics":[{"not_picked":["Sozu","Runic Dome"],"picked":"Busted Crown"}],"items_purged_floors":[14],"is_endless":false,"potions_floor_spawned":[1,13,16,18,19,22],"killed_by":"Gremlin Leader","ascension_level":5}}