{"host":"vex7walpoxzv48nx","time":1613067258,"event":{"mods":["AchievementEnabler","BaseMod","Highlight Path","Minty Spire (QoL Compilation)","Permanent Neow","Quick Restart","StSLib","UnlockEverythingMod"],"gold_per_floor":[113,113,136,4,4,4,44,44,94,19,19,34,47,68,68,158,221,244,244,260,310,326,326,339,357,412,412,412,435,459,480,480,480,480],"floor_reached":33,"language":"ENG","playtime":2978,"items_purged":["Injury"],"score":502,"play_id":"4e053f7a-3c17-4923-b980-7bb538cd7822","local_time":"20210211191418","is_ascension_mode":true,"campfire_choices":[{"floor":6,"key":"REST"},{"data":"Neutralize","floor":8,"key":"SMITH"},{"floor":15,"key":"REST"},{"floor":23,"key":"REST"},{"floor":27,"key":"REST"},{"floor":32,"key":"REST"}],"circlet_count":0,"master_deck":["AscendersBane","Strike_G","Strike_G","Strike_G","Strike_G","Strike_G","Defend_G","Defend_G","Defend_G+1","Defend_G","Defend_G","Survivor","Neutralize+1","Poisoned Stab","Dash","Footwork+1","Bouncing Flask","Dagger Throw","Dagger Spray","Corpse Explosion","Escape Plan","Backflip+1","Footwork","Catalyst","Cloak And Dagger+1"],"relics":["Ring of the Snake","Golden Idol","Regal Pillow","InkBottle","Pen Nib","Tiny House","Enchiridion","Akabeko","Singing Bowl"],"acts_visited":["Exordium","TheCity"],"potions_floor_usage":[3,7,16,22,24,25],"damage_taken":[{"damage":0,"enemies":"2 Louse","floor":1,"turns":3},{"damage":7,"enemies":"Jaw Worm","floor":3,"turns":7},{"damage":36,"enemies":"3 Sentries","floor":7,"turns":16},{"damage":0,"enemies":"Cultist","floor":12,"turns":3},{"damage":0,"enemies":"Looter","floor":13,"turns":3},{"damage":0,"enemies":"Blue Slaver","floor":14,"turns":3},{"damage":29,"enemies":"The Guardian","floor":16,"turns":12},{"damage":6,"enemies":"3 Byrds","floor":18,"turns":3},{"damage":7,"enemies":"Spheric Guardian","floor":20,"turns":6},{"damage":13,"enemies":"Snake Plant","floor":22,"turns":7},{"damage":30,"enemies":"3 Cultists","floor":24,"turns":4},{"damage":3,"enemies":"Cultist and Chosen","floor":25,"turns":7},{"damage":1,"enemies":"Snake Plant","floor":29,"turns":4},{"damage":14,"enemies":"Chosen and Byrds","floor":30,"turns":6},{"damage":15,"enemies":"Centurion and Healer","floor":31,"turns":3},{"damage":67,"enemies":"Champ","floor":33,"turns":10}],"seed_played":"-366932393059406096","potions_obtained":[{"floor":1,"key":"SpeedPotion"},{"floor":12,"key":"CunningPotion"},{"floor":14,"key":"Ancient Potion"},{"floor":16,"key":"ColorlessPotion"},{"floor":17,"key":"SpeedPotion"},{"floor":24,"key":"Ancient Potion"},{"floor":25,"key":"FearPotion"},{"floor":31,"key":"CunningPotion"}],"is_trial":false,"path_per_floor":["M","?","M","$","?","R","E","R","T","$","?","M","M","M","R","B",null,"M","?","M","?","M","R","M","M","T","R","T","M","M","M","R","B"],"character_chosen":"THE_SILENT","items_purchased":["Footwork","Weak Potion"],"campfire_rested":5,"item_purchase_floors":[4,4],"current_hp_per_floor":[59,59,52,52,17,51,15,15,15,15,15,15,15,15,49,20,60,54,33,26,26,13,49,19,16,16,52,52,51,39,26,63,0,0],"gold":480,"neow_bonus":"THREE_CARDS","is_daily":false,"chose_seed":false,"campfire_upgraded":1,"win_rate":0.0,"timestamp":1613067258,"path_taken":["M","?","M","$","?","R","E","R","T","?","?","M","M","?","R","BOSS","M","?","M","?","M","R","M","M","T","R","?","M","M","M","R","BOSS"],"items_purchased_type":["Card","Potion"],"build_version":"2020-12-22","purchased_purges":1,"victory":false,"max_hp_per_floor":[66,66,66,66,66,66,66,66,66,66,66,66,66,66,66,66,71,71,71,71,71,71,71,71,71,71,71,71,71,73,75,75,75,75],"card_choices":[{"not_picked":["Cloak And Dagger","PiercingWail"],"picked":"Poisoned Stab","floor":0},{"not_picked":["Distraction","Prepared","Heel Hook"],"picked":"SKIP","floor":1},{"not_picked":["PiercingWail","Distraction"],"picked":"Dash","floor":3},{"not_picked":["Choke","Reflex"],"picked":"Bouncing Flask","floor":7},{"not_picked":["Slice","Setup"],"picked":"Dagger Throw","floor":12},{"not_picked":["Flying Knee","Sucker Punch","Acrobatics"],"picked":"SKIP","floor":13},{"not_picked":["Quick Slash","Sucker Punch"],"picked":"Dagger Spray","floor":14},{"not_picked":["A Thousand Cuts","Die Die Die"],"picked":"Corpse Explosion","floor":16},{"not_picked":["Blur","Dagger Spray"],"picked":"Escape Plan","floor":17},{"not_picked":["Blade Dance","Finisher"],"picked":"Backflip+1","floor":18},{"not_picked":["Underhanded Strike","Reflex"],"picked":"Footwork","floor":20},{"not_picked":["Poisoned Stab","Masterful Stab+1"],"picked":"Catalyst","floor":22},{"not_picked":["Expertise","Dagger Spray","Riddle With Holes"],"picked":"SKIP","floor":24},{"not_picked":["Unload","Sucker Punch","Underhanded Strike"],"picked":"SKIP","floor":25},{"not_picked":["Bane","Flying Knee+1"],"picked":"Cloak And Dagger+1","floor":29},{"not_picked":["Prepared","Poisoned Stab","Grand Finale"],"picked":"Singing Bowl","floor":30},{"not_picked":["Deadly Poison","Poisoned Stab+1","Slice"],"picked":"Singing Bowl","floor":31}],"player_experience":289116,"relics_obtained":[{"floor":7,"key":"InkBottle"},{"floor":9,"key":"Pen Nib"},{"floor":19,"key":"Enchiridion"},{"floor":26,"key":"Akabeko"},{"floor":28,"key":"Singing Bowl"}],"event_choices":[{"damage_healed":0,"gold_gain":0,"player_choice":"Take Wound","damage_taken":0,"relics_obtained":["Golden Idol"],"max_hp_gain":0,"max_hp_loss":0,"event_name":"Golden Idol","floor":2,"gold_loss":0,"cards_obtained":["Injury"]},{"damage_healed":0,"gold_gain":0,"player_choice":"Success","damage_taken":35,"relics_obtained":["Regal Pillow"],"max_hp_gain":0,"max_hp_loss":0,"event_name":"Scrap Ooze","floor":5,"gold_loss":0},{"damage_healed":0,"gold_gain":0,"player_choice":"Forge","damage_taken":0,"max_hp_gain":0,"max_hp_loss":0,"event_name":"Accursed Blacksmith","floor":11,"gold_loss":0,"cards_upgraded":["Footwork"]},{"damage_healed":0,"gold_gain":0,"player_choice":"Obtained Book","damage_taken":21,"max_hp_gain":0,"max_hp_loss":0,"event_name":"Cursed Tome","floor":19,"gold_loss":0},{"damage_healed":0,"gold_gain":50,"player_choice":"Stole From Cult","damage_taken":0,"max_hp_gain":0,"max_hp_loss":0,"event_name":"Nest","floor":21,"gold_loss":0}],"is_beta":false,"boss_relics":[{"not_picked":["Philosopher\u0027s Stone","Ectoplasm"],"picked":"Tiny House"}],"items_purged_floors":[10],"is_endless":false,"potions_floor_spawned":[1,12,14,16,24,25,31],"killed_by":"Champ","ascension_level":20}}