{"host":"sav7uxregyirlf69","time":1613009287,"event":{"mods":["AchievementEnabler","BaseMod","Colored Map","DeckTracker","Keyboard Shortcuts","Minty Spire (QoL Compilation)","READ ME - Guardian Mod","StSLib","SuperFastMode"],"gold_per_floor":[111,122,122,47,47,47,63,63,63,63,83,102,135,160,160,160,160],"floor_reached":16,"language":"KOR","playtime":273,"items_purged":["Strike_G"],"score":204,"play_id":"dfd4ead5-600a-447c-9cd5-8a6c8494fe51","local_time":"20210211110807","is_ascension_mode":true,"campfire_choices":[{"data":"Outmaneuver","floor":6,"key":"SMITH"},{"data":"Malaise","floor":8,"key":"SMITH"},{"data":"Neutralize","floor":10,"key":"SMITH"},{"floor":15,"key":"REST"}],"circlet_count":0,"master_deck":["AscendersBane","Strike_G","Strike_G","Strike_G","Strike_G","Defend_G","Defend_G","Defend_G","Defend_G","Defend_G","Survivor","Neutralize+1","Riddle With Holes","Outmaneuver+1","Poisoned Stab","Malaise+1","Backflip","Noxious Fumes","Acrobatics","Bane","Escape Plan"],"relics":["Ring of the Snake","Golden Idol","Torii","Snake Skull"],"acts_visited":["Exordium"],"potions_floor_usage":[14],"damage_taken":[{"damage":7.0,"enemies":"Cultist","floor":1.0,"turns":4.0},{"damage":0.0,"enemies":"2 Louse","floor":2.0,"turns":4.0},{"damage":6,"enemies":"Jaw Worm","floor":7,"turns":4},{"damage":2,"enemies":"Blue Slaver","floor":11,"turns":8},{"damage":2,"enemies":"Red Slaver","floor":12,"turns":4},{"damage":19,"enemies":"Lagavulin","floor":13,"turns":8},{"damage":10,"enemies":"Exordium Thugs","floor":14,"turns":6},{"damage":31,"enemies":"Slime Boss","floor":16,"turns":6}],"seed_played":"1170587575858332134","potions_obtained":[{"floor":2.0,"key":"CunningPotion"},{"floor":11,"key":"Fire Potion"},{"floor":13,"key":"Fruit Juice"}],"is_trial":false,"path_per_floor":["M","M","?","$","?","R","M","R","T","R","M","M","E","M","R","B"],"character_chosen":"THE_SILENT","items_purchased":[],"campfire_rested":1,"item_purchase_floors":[],"current_hp_per_floor":[52,52,52,52,52,52,46,46,46,46,44,42,23,13,31,0,0],"gold":160,"neow_bonus":"THREE_CARDS","is_daily":false,"chose_seed":false,"campfire_upgraded":3,"win_rate":0.0,"timestamp":1613009287,"path_taken":["M","M","?","$","?","R","?","R","T","R","?","M","E","M","R","BOSS"],"items_purchased_type":[],"build_version":"2020-12-22","purchased_purges":1,"victory":false,"max_hp_per_floor":[66,66,60,60,60,60,60,60,60,60,60,60,60,60,60,60,60],"card_choices":[{"not_picked":["Quick Slash","Acrobatics"],"picked":"Riddle With Holes","floor":0.0},{"not_picked":["Quick Slash","Underhanded Strike"],"picked":"Outmaneuver","floor":1.0},{"not_picked":["Acrobatics","Sucker Punch"],"picked":"Poisoned Stab","floor":2.0},{"not_picked":["Deflect","Deadly Poison"],"picked":"Backflip","floor":7},{"not_picked":["Acrobatics","Burst"],"picked":"Noxious Fumes","floor":11},{"not_picked":["Underhanded Strike","Outmaneuver"],"picked":"Acrobatics","floor":12},{"not_picked":["Flying Knee","Slice"],"picked":"Bane","floor":13},{"not_picked":["Deadly Poison","Dagger Spray"],"picked":"Escape Plan","floor":14}],"player_experience":1554285,"relics_obtained":[{"floor":9,"key":"Torii"},{"floor":13,"key":"Snake Skull"}],"event_choices":[{"damage_healed":0.0,"max_hp_gain":0.0,"max_hp_loss":6.0,"gold_gain":0.0,"event_name":"Golden Idol","player_choice":"Lose Max HP","floor":3.0,"gold_loss":0.0,"damage_taken":0.0,"relics_obtained":["Golden Idol"]},{"damage_healed":0,"gold_gain":0,"player_choice":"1 cards matched","damage_taken":0,"max_hp_gain":0,"max_hp_loss":0,"event_name":"Match and Keep!","floor":5,"gold_loss":0,"cards_obtained":["Malaise"]}],"is_beta":false,"boss_relics":[],"items_purged_floors":[4],"is_endless":false,"potions_floor_spawned":[2,11,13],"killed_by":"Slime Boss","ascension_level":20}}