{"host":"qxeepl7ydvsgmfdb","time":1613050567,"event":{"mods":["AchievementEnabler","BaseMod","Colored Powertips","Minty Spire (QoL Compilation)","Quick Restart","slay the spire mod where everything is the same but ironclad has a cowboy hat"],"gold_per_floor":[113,113,113,113,188,228,228,271,296,296,314,314,328,346,346,439,439,458,373,30,30,45,45,45],"floor_reached":23,"language":"ENG","playtime":483,"items_purged":[],"score":420,"play_id":"f71f6199-0e2c-485f-8471-ca43a5ed2307","local_time":"20210211083607","is_ascension_mode":true,"campfire_choices":[{"floor":10,"key":"REST"},{"data":"Poisoned Stab","floor":12,"key":"SMITH"},{"floor":15,"key":"REST"}],"circlet_count":0,"master_deck":["AscendersBane","Strike_G","Strike_G","Strike_G","Defend_G","Defend_G","Defend_G","Defend_G","Defend_G","Survivor","Neutralize+1","Deadly Poison","Deadly Poison","Poisoned Stab+1","Footwork","Blade Dance","Terror","Blade Dance","Cloak And Dagger"],"relics":["Ring of the Snake","NeowsBlessing","Bag of Marbles","Golden Idol","Potion Belt","Blue Candle","Vajra","WristBlade","Pantograph","Shuriken"],"acts_visited":["Exordium","TheCity"],"potions_floor_usage":[16,18,23],"damage_taken":[{"damage":0,"enemies":"2 Louse","floor":1,"turns":1},{"damage":0,"enemies":"Gremlin Nob","floor":6,"turns":1},{"damage":0,"enemies":"3 Sentries","floor":8,"turns":1},{"damage":0,"enemies":"Small Slimes","floor":11,"turns":2},{"damage":0,"enemies":"Jaw Worm","floor":13,"turns":3},{"damage":23,"enemies":"Large Slime","floor":14,"turns":6},{"damage":36,"enemies":"Slime Boss","floor":16,"turns":13},{"damage":6,"enemies":"2 Thieves","floor":18,"turns":3},{"damage":15,"enemies":"Spheric Guardian","floor":22,"turns":4},{"damage":33,"enemies":"Slavers","floor":23,"turns":5}],"seed_played":"-326975511717594428","potions_obtained":[{"floor":11,"key":"AttackPotion"},{"floor":16,"key":"DistilledChaos"}],"is_trial":false,"path_per_floor":["M","?","?","?","?","E","?","E","T","R","M","R","M","M","R","B",null,"M","?","$","?","M","E"],"character_chosen":"THE_SILENT","items_purchased":["Shuriken","Blade Dance","PowerPotion"],"campfire_rested":2,"item_purchase_floors":[20,20,20],"current_hp_per_floor":[59,56,40,40,29,29,22,22,22,41,41,41,41,18,37,1,50,44,44,44,44,29,0,0],"gold":45,"neow_bonus":"THREE_ENEMY_KILL","is_daily":false,"chose_seed":false,"campfire_upgraded":1,"win_rate":0.0,"timestamp":1613050567,"path_taken":["M","?","?","?","?","E","?","E","T","R","M","R","?","M","R","BOSS","M","?","$","?","?","E"],"items_purchased_type":["Relic","Card","Potion"],"build_version":"2020-12-22","purchased_purges":0,"victory":false,"max_hp_per_floor":[66,66,66,66,66,66,66,66,66,66,66,66,66,66,66,66,66,66,66,66,66,66,66,66],"card_choices":[{"not_picked":["Sucker Punch","Dagger Throw","Outmaneuver"],"picked":"SKIP","floor":1},{"not_picked":["PiercingWail","Wraith Form v2"],"picked":"Deadly Poison","floor":6},{"not_picked":["Endless Agony","Dagger Spray"],"picked":"Deadly Poison","floor":8},{"not_picked":["Prepared","Deadly Poison"],"picked":"Poisoned Stab","floor":11},{"not_picked":["Backflip","Sucker Punch"],"picked":"Footwork","floor":13},{"not_picked":["Footwork","Blur"],"picked":"Blade Dance","floor":14},{"not_picked":["Quick Slash","Dagger Throw"],"picked":"Terror","floor":18},{"not_picked":["Bouncing Flask","Flechettes"],"picked":"Cloak And Dagger","floor":22}],"player_experience":148378,"relics_obtained":[{"floor":6,"key":"Potion Belt"},{"floor":8,"key":"Blue Candle"},{"floor":9,"key":"Vajra"}],"event_choices":[{"damage_healed":0,"gold_gain":0,"player_choice":"Success","damage_taken":3,"relics_obtained":["Bag of Marbles"],"max_hp_gain":0,"max_hp_loss":0,"event_name":"Scrap Ooze","floor":2,"gold_loss":0},{"damage_healed":0,"gold_gain":0,"player_choice":"Take Damage","damage_taken":16,"relics_obtained":["Golden Idol"],"max_hp_gain":0,"max_hp_loss":0,"event_name":"Golden Idol","floor":3,"gold_loss":0},{"damage_healed":0,"gold_gain":0,"player_choice":"Grow","damage_taken":0,"max_hp_gain":0,"max_hp_loss":0,"event_name":"Living Wall","floor":4,"gold_loss":0,"cards_upgraded":["Neutralize"]},{"damage_healed":0,"gold_gain":75,"player_choice":"Gather Gold","damage_taken":11,"max_hp_gain":0,"max_hp_loss":0,"event_name":"World of Goop","floor":5,"gold_loss":0},{"cards_removed":["Strike_G"],"damage_healed":0,"gold_gain":0,"player_choice":"Card Removal","damage_taken":7,"max_hp_gain":0,"max_hp_loss":0,"event_name":"Golden Wing","floor":7,"gold_loss":0},{"damage_healed":0,"gold_gain":0,"player_choice":"Obtained Relic","damage_taken":0,"relics_obtained":["Pantograph"],"max_hp_gain":0,"max_hp_loss":0,"event_name":"Addict","floor":19,"gold_loss":85},{"cards_removed":["Strike_G"],"damage_healed":0,"gold_gain":0,"player_choice":"Purged","damage_taken":0,"max_hp_gain":0,"max_hp_loss":0,"event_name":"Purifier","floor":21,"gold_loss":0}],"is_beta":false,"boss_relics":[{"not_picked":["Ectoplasm","Snecko Eye"],"picked":"WristBlade"}],"items_purged_floors":[],"is_endless":false,"potions_floor_spawned":[11,16],"killed_by":"Slavers","ascension_level":14}}