{"host":"og6lam4kt3nibbw0","time":1613065440,"event":{"mods":["AchievementEnabler","BaseMod","Colored Map","DeckTracker","Highlight Path","Keyboard Shortcuts","Minty Spire (QoL Compilation)","Permanent Neow","Quick Restart","StSLib","SuperFastMode"],"gold_per_floor":[109,34,53,27,27,27,45,77,77,95,95,95,11,27,27,106,106,116,166,180,196,209,209,209,209,209,243,260,292,137,154,154,154,154],"floor_reached":33,"language":"KOR","playtime":955,"items_purged":["Defend_B"],"score":574,"play_id":"63ed5c57-c116-4c7e-b2c9-549d30e410fc","local_time":"20210212024400","is_ascension_mode":true,"campfire_choices":[{"data":"Zap","floor":6.0,"key":"SMITH"},{"floor":11.0,"key":"REST"},{"floor":15.0,"key":"REST"},{"floor":23.0,"key":"REST"},{"data":"Coolheaded","floor":25.0,"key":"SMITH"},{"data":"Ghostly","floor":32,"key":"SMITH"}],"circlet_count":0,"master_deck":["AscendersBane","Strike_B","Defend_B","Zap+1","Dualcast+1","Heatsinks+1","Electrodynamics+1","All For One+1","Genetic Algorithm","Conserve Battery+1","Leap","Machine Learning","Static Discharge","Ball Lightning","Coolheaded+1","Ghostly+1","Ghostly","Ghostly","Doom and Gloom","Capacitor","Loop","Static Discharge"],"relics":["Astrolabe","Ornamental Fan","Juzu Bracelet","SlaversCollar","Mummified Hand","Tiny Chest"],"acts_visited":["Exordium","TheCity"],"potions_floor_usage":[33,33],"damage_taken":[{"damage":8.0,"enemies":"Small Slimes","floor":1.0,"turns":2.0},{"damage":18.0,"enemies":"Jaw Worm","floor":3.0,"turns":3.0},{"damage":0.0,"enemies":"Cultist","floor":7.0,"turns":3.0},{"damage":8.0,"enemies":"Lagavulin","floor":8.0,"turns":7.0},{"damage":14.0,"enemies":"Exordium Wildlife","floor":10.0,"turns":3.0},{"damage":0.0,"enemies":"2 Fungi Beasts","floor":14.0,"turns":1.0},{"damage":7.0,"enemies":"The Guardian","floor":16.0,"turns":8.0},{"damage":12.0,"enemies":"3 Byrds","floor":18.0,"turns":2.0},{"damage":16.0,"enemies":"Spheric Guardian","floor":20.0,"turns":5.0},{"damage":0.0,"enemies":"Centurion and Healer","floor":21.0,"turns":5.0},{"damage":13.0,"enemies":"3 Cultists","floor":22.0,"turns":4.0},{"damage":11.0,"enemies":"Gremlin Leader","floor":27.0,"turns":5.0},{"damage":4,"enemies":"Snecko","floor":28,"turns":5},{"damage":2,"enemies":"Slavers","floor":29,"turns":3},{"damage":1,"enemies":"Centurion and Healer","floor":31,"turns":6},{"damage":21,"enemies":"Champ","floor":33,"turns":6}],"seed_played":"281586945090189547","potions_obtained":[{"floor":1.0,"key":"SpeedPotion"},{"floor":7.0,"key":"Ancient Potion"},{"floor":14.0,"key":"Fire Potion"},{"floor":16.0,"key":"DuplicationPotion"},{"floor":18.0,"key":"DistilledChaos"},{"floor":21.0,"key":"FearPotion"},{"floor":29,"key":"ColorlessPotion"}],"is_trial":false,"path_per_floor":["M","?","M","$","?","R","M","E","T","M","R","?","$","M","R","B",null,"M","?","M","M","M","R","?","R","T","E","M","E","$","M","R","B"],"character_chosen":"DEFECT","items_purchased":["Leap","Static Discharge","Loop"],"campfire_rested":3,"item_purchase_floors":[4,13,30],"current_hp_per_floor":[56,56,38,38,31,31,31,23,23,9,30,9,9,9,30,23,59,47,47,31,31,18,39,35,35,35,24,20,18,18,17,17,0,0],"gold":154,"neow_bonus":"BOSS_RELIC","is_daily":false,"chose_seed":false,"campfire_upgraded":3,"win_rate":0.0,"timestamp":1613065440,"path_taken":["M","?","M","$","?","R","M","E","T","M","R","?","?","M","R","BOSS","M","?","M","M","M","R","?","R","T","E","M","E","$","M","R","BOSS"],"items_purchased_type":["Card","Card","Card"],"build_version":"2020-12-22","purchased_purges":1,"victory":false,"max_hp_per_floor":[71,71,71,71,71,71,71,71,71,71,71,71,71,71,71,71,71,71,71,71,71,71,71,35,35,35,35,35,35,35,35,35,35,35],"card_choices":[{"not_picked":["Steam Power","Chaos"],"picked":"Genetic Algorithm","floor":1.0},{"not_picked":["Stack","Gash"],"picked":"Conserve Battery","floor":3.0},{"not_picked":["Steam","Streamline"],"picked":"Machine Learning","floor":7.0},{"not_picked":["Sweeping Beam","Darkness","Lockon"],"picked":"SKIP","floor":8.0},{"not_picked":["Darkness","Cold Snap","Blizzard"],"picked":"SKIP","floor":10.0},{"not_picked":["Reinforced Body","Stack"],"picked":"Ball Lightning","floor":14.0},{"not_picked":["Rebound+1","Redo"],"picked":"Coolheaded","floor":18.0},{"not_picked":["Stack","Rebound+1","Gash"],"picked":"SKIP","floor":20.0},{"not_picked":["Barrage","BootSequence","Reprogram+1"],"picked":"SKIP","floor":21.0},{"not_picked":["Leap","Stack","Barrage"],"picked":"SKIP","floor":22.0},{"not_picked":["Streamline","Leap"],"picked":"Doom and Gloom","floor":27.0},{"not_picked":["Rip and Tear+1","Blizzard"],"picked":"Capacitor","floor":28},{"not_picked":["All For One","Ball Lightning","Streamline"],"picked":"SKIP","floor":29},{"not_picked":["Conserve Battery","Streamline"],"picked":"Static Discharge","floor":31}],"player_experience":717098,"relics_obtained":[{"floor":8.0,"key":"Ornamental Fan"},{"floor":9.0,"key":"Juzu Bracelet"},{"floor":27.0,"key":"Mummified Hand"},{"floor":29,"key":"Tiny Chest"}],"event_choices":[{"cards_removed":["Defend_B"],"damage_healed":0.0,"max_hp_gain":0.0,"max_hp_loss":0.0,"gold_gain":0.0,"event_name":"The Cleric","player_choice":"Card Removal","floor":2.0,"gold_loss":75.0,"damage_taken":0.0},{"cards_removed":["Strike_B"],"damage_healed":0.0,"max_hp_gain":0.0,"max_hp_loss":0.0,"gold_gain":0.0,"event_name":"Golden Wing","player_choice":"Card Removal","floor":5.0,"gold_loss":0.0,"damage_taken":7.0},{"damage_healed":0.0,"max_hp_gain":0.0,"max_hp_loss":0.0,"gold_gain":0.0,"event_name":"Shining Light","player_choice":"Entered Light","floor":12.0,"gold_loss":0.0,"damage_taken":21.0,"cards_upgraded":["Conserve Battery","Dualcast"]},{"damage_healed":0.0,"max_hp_gain":0.0,"max_hp_loss":0.0,"gold_gain":50.0,"event_name":"Nest","player_choice":"Stole From Cult","floor":19.0,"gold_loss":0.0,"damage_taken":0.0},{"damage_healed":0.0,"max_hp_gain":0.0,"max_hp_loss":36.0,"gold_gain":0.0,"event_name":"Ghosts","player_choice":"Became a Ghost","floor":24.0,"gold_loss":0.0,"damage_taken":0.0,"cards_obtained":["Ghostly","Ghostly","Ghostly"]}],"is_beta":false,"boss_relics":[{"not_picked":["Velvet Choker","Runic Dome"],"picked":"SlaversCollar"}],"items_purged_floors":[30],"is_endless":false,"potions_floor_spawned":[1,7,14,16,18,21,29],"killed_by":"Champ","ascension_level":20}}