{"host":"ocll6kdfqxraqtza","time":1613030297,"event":{"mods":["2.2 Compatiblity","Act Like it!","Arknights","Aspiration","BaseMod","Better Third Choice","Gensokyo","Hallownest","Hermit","Hubris","Jorbs\u0027s Wanderer Trilogy","Luminous","Marisa（霧雨　魔理沙）","Minty Spire (QoL Compilation)","Reimu（博??梦）","Reliquary","Replay The Spire","Shade Mod","StSLib","The Alterego","The Bug Knight","The Cursed","The Hierophant","The Marked","The Runesmith","TheBandit","Wandering Minibosses"],"gold_per_floor":[119,119,129,145,145,145,70,0,0,0,53,53,80,98,98,98,98,199,199,218,228,228,239,96,125,138,138,138,148,148,181,181,181,181,285,285,303,303,303,318,405,420,420,453,453,453,472,540,495,278,278,278,278],"floor_reached":52,"language":"ENG","playtime":2208,"items_purged":["ats:Defend"],"score":558,"play_id":"8f68c3d0-50d1-4dbf-b646-01e5fc2882cd","local_time":"20210211155817","is_ascension_mode":false,"campfire_choices":[{"data":"Dagger Spray","floor":6,"key":"SMITH"},{"data":"Adrenaline","floor":15,"key":"SMITH"},{"data":"ats:Armor Crushing Shot","floor":17,"key":"SMITH"},{"data":"ats:Collapsing Strike","floor":27,"key":"SMITH"},{"data":"ats:Apocalypse","floor":27,"key":"SMITH"},{"data":"ats:Flexible Camouflage","floor":30,"key":"SMITH"},{"data":"ats:Calcification","floor":30,"key":"SMITH"},{"data":"ats:Hook Shot","floor":34,"key":"SMITH"},{"data":"ats:Healing Drone","floor":34,"key":"SMITH"},{"data":"ats:Soul Absorption","floor":43,"key":"SMITH"},{"data":"ats:Shadow Raid","floor":43,"key":"SMITH"},{"floor":51,"key":"RECALL"}],"circlet_count":0,"master_deck":["ats:Armor Crushing Shot+1","ats:Emotion Absorption+1","ats:Chain Hook","Adrenaline+1","Dagger Spray+1","Die Die Die","ats:Automatic Cover+1","ats:Very Hot Blade","ats:Healing Drone+1","ats:Hook Shot+1","ats:Apocalypse+1","ats:Calcification+1","ats:Explosion Area Strengthen+1","ats:Revitalization+1","ats:Collapsing Strike+1","ats:Charging Defense+1","ats:Guard Mode+1","ats:Closed Bolt Burst Fire+1","ats:Flexible Camouflage+1","ats:Powerful Strike+1","ats:Durian+1","ats:Curse Doll+1","ats:Leaping Hammer","ats:Healing Strengthening+1","ats:Soul Absorption+1","ats:Shadow Raid+1","ats:Leaping Hammer+1","ats:Directed Diagnosis+1","ats:Ignite+1","ats:Chain Hook+1","Chrysalis"],"relics":["ats:Sanity","NeowsBlessing","Potion Belt","reliquary:Knoch","hubris:RunicObelisk","aspiration:Lifesprig","ats:Originium","Replay:Arrowhead","FossilizedHelix","Toy Ornithopter","aspiration:RitualStick","ChewingGum","War Paint","reliquary:BallBearing","Anchor","Lantern","hubris:FunFungus","Molten Egg 2"],"acts_visited":["Gensokyo:Gensokyo","TheCity","Gensokyo:Gensokyoest"],"potions_floor_usage":[18,25,31,39,44,52],"damage_taken":[{"damage":0,"enemies":"Gensokyo:Gryphon","floor":1,"turns":1},{"damage":0,"enemies":"Gensokyo:2_Kodama","floor":3,"turns":1},{"damage":0,"enemies":"Gensokyo:3_Fairies","floor":4,"turns":2},{"damage":3,"enemies":"Gensokyo:Python_and_Kodama","floor":14,"turns":4},{"damage":119,"enemies":"Gensokyo:Yukari","floor":18,"turns":23},{"damage":0,"enemies":"Chosen","floor":20,"turns":3},{"damage":4,"enemies":"Shell Parasite","floor":21,"turns":4},{"damage":19,"enemies":"Centurion and Healer","floor":23,"turns":3},{"damage":82,"enemies":"Gremlin Leader","floor":25,"turns":11},{"damage":10,"enemies":"Chosen and Byrds","floor":26,"turns":8},{"damage":7,"enemies":"Snake Plant","floor":29,"turns":4},{"damage":9,"enemies":"HollowMod:Nosk","floor":31,"turns":7},{"damage":42,"enemies":"Automaton","floor":35,"turns":12},{"damage":0,"enemies":"Gensokyo:3_Bats","floor":37,"turns":2},{"damage":0,"enemies":"Gensokyo:3_Boulders","floor":39,"turns":2},{"damage":0,"enemies":"Gensokyo:SeedOfUnknown","floor":40,"turns":3},{"damage":48,"enemies":"Gensokyo:Sharpion","floor":42,"turns":5},{"damage":8,"enemies":"Gensokyo:Marisa","floor":44,"turns":4},{"damage":16,"enemies":"Gensokyo:Rafflesia","floor":47,"turns":7},{"damage":121,"enemies":"Gensokyo:Scarlet_Devils","floor":52,"turns":7}],"seed_played":"-4967510790997700494","potions_obtained":[{"floor":1,"key":"DuplicationPotion"},{"floor":4,"key":"MagicPotion:ReiMu"},{"floor":14,"key":"SmokeBomb"},{"floor":18,"key":"ats:Burn Big Potion"},{"floor":23,"key":"Doom Potion"},{"floor":25,"key":"SneckoOil"},{"floor":29,"key":"Elixir"},{"floor":42,"key":"SpeedPotion"}],"is_trial":false,"path_per_floor":["M","?","M","M","?","R","$","?","PTL","PTL","T","?","T","M","R","?","R","B",null,"M","M","?","M","$","E","M","R","T","M","R","E","?","?","R","B",null,"M","$","M","M","?","M","R","E","T","?","M","T","$","$","R","B"],"character_chosen":"DOCTOR_CLASS","items_purchased":["aspiration:Lifesprig","War Paint","reliquary:BallBearing","ats:Ignite+1","ats:Chain Hook+1","Chrysalis"],"campfire_rested":0,"item_purchase_floors":[24,38,38,49,50,50],"current_hp_per_floor":[72,72,72,72,44,44,44,44,44,44,44,44,44,53,53,53,53,24,72,72,69,69,55,55,59,72,72,72,72,72,64,50,50,50,43,72,72,46,60,72,72,50,50,71,71,72,65,65,65,65,65,0,0],"gold":278,"neow_bonus":"THREE_ENEMY_KILL","is_daily":false,"chose_seed":false,"campfire_upgraded":11,"win_rate":0.0,"timestamp":1613030297,"path_taken":["M","?","M","?","?","R","?","?","PTL","PTL","T","?","?","M","R","?","R","BOSS","M","M","?","?","$","E","M","R","T","M","R","E","?","?","R","BOSS","M","?","M","M","?","?","R","E","T","?","?","?","?","$","R","BOSS"],"items_purchased_type":["Relic","Relic","Relic","Card","Card","Card"],"build_version":"2020-12-22","purchased_purges":1,"victory":false,"max_hp_per_floor":[72,72,72,72,72,72,72,72,72,72,72,72,72,72,72,72,72,72,72,72,72,72,72,72,72,72,72,72,72,72,72,72,72,72,72,72,72,72,72,72,72,72,72,72,72,72,72,72,72,72,72,72,72],"card_choices":[{"not_picked":["ats:Very Hot Blade","ats:Counter Healing Mode"],"picked":"ats:Chain Hook","floor":1},{"not_picked":["ats:Very Hot Blade","ats:Spore Proliferation"],"picked":"ats:Automatic Cover","floor":3},{"not_picked":["ats:Beaten Up","ats:Guard Mode"],"picked":"ats:Very Hot Blade","floor":4},{"not_picked":["ats:Revitalization","ats:Healing Strengthening"],"picked":"ats:Healing Drone","floor":12},{"not_picked":["ats:Apocalypse","ats:Guard Mode"],"picked":"ats:Hook Shot","floor":12},{"not_picked":["ats:LN2 Cannon","ats:Explosion Area Strengthen"],"picked":"ats:Apocalypse","floor":14},{"not_picked":["ats:Disruption Kick","ats:Nebulous Foxfire"],"picked":"ats:Calcification","floor":18},{"not_picked":["ats:Shadow Raid","ats:Very Hot Blade"],"picked":"ats:Explosion Area Strengthen+1","floor":20},{"not_picked":["ats:Literary Storm+1","ats:Hammer On"],"picked":"ats:Revitalization+1","floor":21},{"not_picked":["ats:Shell Defense","ats:Burning Ground"],"picked":"ats:Charging Defense+1","floor":23},{"not_picked":["ats:Roar Of Ursus","ats:Very Hot Blade+1"],"picked":"ats:Guard Mode+1","floor":25},{"not_picked":["ats:Demon Strength","ats:Automatic Cover"],"picked":"ats:Closed Bolt Burst Fire+1","floor":26},{"not_picked":["ats:Closed Bolt Burst Fire","ats:Explosion Area Strengthen"],"picked":"ats:Flexible Camouflage","floor":29},{"not_picked":["ats:Apocalypse","ats:Blood Oath+1"],"picked":"ats:Powerful Strike+1","floor":31},{"not_picked":["ats:Roar Of Ursus","ats:Fractured Body"],"picked":"ats:Durian","floor":35},{"not_picked":["ats:Encircling Forest","ats:Poison Spread"],"picked":"ats:Curse Doll+1","floor":37},{"not_picked":["ats:LN2 Cannon","ats:Flame Of Heaven"],"picked":"ats:Leaping Hammer","floor":40},{"not_picked":["ats:Apocalypse","ats:Collapsing Strike+1"],"picked":"ats:Healing Strengthening+1","floor":41},{"not_picked":["ats:Ambush","ats:Hammer On"],"picked":"ats:Soul Absorption","floor":41},{"not_picked":["ats:Hammer On","ats:Counter Healing Mode"],"picked":"ats:Shadow Raid","floor":42},{"not_picked":["ats:Serious Mode+1","ats:Song Of Battle+1"],"picked":"ats:Leaping Hammer+1","floor":44},{"not_picked":["ats:Flexible Camouflage","ats:Hammer On"],"picked":"ats:Directed Diagnosis+1","floor":47}],"player_experience":522232,"relics_obtained":[{"floor":13,"key":"reliquary:Knoch"},{"floor":25,"key":"ats:Originium"},{"floor":25,"key":"Replay:Arrowhead"},{"floor":28,"key":"FossilizedHelix"},{"floor":31,"key":"ats:Originium"},{"floor":31,"key":"Toy Ornithopter"},{"floor":41,"key":"Anchor"},{"floor":44,"key":"ats:Originium"},{"floor":44,"key":"Lantern"},{"floor":45,"key":"hubris:FunFungus"},{"floor":48,"key":"Molten Egg 2"}],"event_choices":[{"damage_healed":0,"gold_gain":0,"cards_transformed":["ats:Defend"],"player_choice":"Transformed","damage_taken":0,"max_hp_gain":0,"max_hp_loss":0,"event_name":"Transmorgrifier","floor":22,"gold_loss":0,"cards_obtained":["ats:Collapsing Strike"]},{"damage_healed":0,"gold_gain":0,"player_choice":"Upgraded","damage_taken":0,"max_hp_gain":0,"max_hp_loss":0,"event_name":"Upgrade Shrine","floor":33,"gold_loss":0,"cards_upgraded":["ats:Emotion Absorption"]}],"is_beta":false,"boss_relics":[{"not_picked":["Ring of Chaos","hubris:GrandSneckoEye"],"picked":"hubris:RunicObelisk"},{"not_picked":["Runesmith:UraniumAnvil","aspiration:IroncladSkillbook"],"picked":"ChewingGum"}],"items_purged_floors":[7],"is_endless":false,"potions_floor_spawned":[1,4,14,18,23,25,29,39,42],"killed_by":"Gensokyo:Scarlet_Devils","ascension_level":0}}