{"host":"j5j96s76v36ug78u","time":1613063463,"event":{"mods":["BaseMod","Better Third Choice","Downfall","Highlight Path","Minty Spire (QoL Compilation)","Reliquary","StSLib","The Animator"],"gold_per_floor":[99,115,115,100,117,137,188,203,203,229,244,81,98,113,127,225,225,125,144,158,173,154,186,211,132,146,46,46,78,90,100,115,211,211,111,130,130,141,160,194,194,194,208,225,243,272,287,130,150,150,150,181,63,63,63,63],"floor_reached":57,"language":"ENG","playtime":6766,"items_purged":[],"score":1296,"play_id":"542ea737-fcce-4116-8358-e36b512801a3","local_time":"20210211141103","is_ascension_mode":false,"campfire_choices":[{"data":"Sadistic Nature","floor":1,"key":"SMITH"},{"data":"Slimebound:MassFeed","floor":9,"key":"SMITH"},{"data":"Slimebound:DouseInSlime","floor":18,"key":"SMITH"},{"floor":27,"key":"RECALL"},{"data":"Slimebound:HauntingLick","floor":35,"key":"SMITH"},{"data":"Slimebound:OozeBath","floor":42,"key":"SMITH"},{"floor":54,"key":"REST"}],"circlet_count":0,"master_deck":["Slimebound:Strike_Slimebound","Slimebound:Strike_Slimebound","Slimebound:Strike_Slimebound","Slimebound:Tackle","Slimebound:Defend_Slimebound","Slimebound:Defend_Slimebound","Slimebound:Defend_Slimebound","Slimebound:Defend_Slimebound","Slimebound:Split","Slimebound:CorrosiveSpit","Sadistic Nature+1","Slimebound:Schlurp","Slimebound:TongueLash","Slimebound:LeechingTouch","Slimebound:Schlurp","Slimebound:Gluttony+1","Slimebound:GoopSpray","Slimebound:TongueLash","Slimebound:Schlurp","Slimebound:HauntingLick","Slimebound:HauntingLick","Slimebound:DouseInSlime+1","Slimebound:LeadByExample+1","Slimebound:SplitMire","Slimebound:SamplingLick+1","Slimebound:SamplingLick","Slimebound:ProtectTheBoss+1","Slimebound:RejuvenatingLick","Slimebound:HauntingLick+1","Slimebound:ViciousTackle","Slimebound:OozeBath+1","Slimebound:ProtectTheBoss+1","Slimebound:Nibble+1","Slimebound:SlimeSpikes+1","Slimebound:LeechingTouch","Slimebound:SamplingLick","Slimebound:ItLooksTasty+1","Slimebound:GoopSpray","Slimebound:SplitMire+1","Slimebound:DisruptingSlam+1","Slimebound:AcidTongue+1","Slimebound:FormOfPuddle","Slimebound:ProtectTheBoss+1","Slimebound:SplitMire","Slimebound:AcidTongue+1"],"relics":["Slimebound:AbsorbEndCombat","Boot","Frozen Egg 2","Toy Ornithopter","SacredBark","downfall:HeartBlessingGreen","Vajra","reliquary:Knoch","Red Mask","downfall:HeartBlessingBlue","FossilizedHelix","SlaversCollar","downfall:HeartBlessingRed","Gambling Chip","Omamori","Ice Cream","reliquary:Firecrackers"],"acts_visited":["Exordium","TheCity","TheBeyond","TheEnding"],"potions_floor_usage":[4,11,12,15,16,20,21,22,26,29,33,39,45,46,55,56,56,56,56,56],"damage_taken":[{"damage":5,"enemies":"2 Louse","floor":2,"turns":2},{"damage":13,"enemies":"downfall:FleeingMerchant","floor":4,"turns":4},{"damage":0,"enemies":"Cultist","floor":5,"turns":2},{"damage":2,"enemies":"Small Slimes","floor":6,"turns":3},{"damage":29,"enemies":"Exordium Thugs","floor":8,"turns":6},{"damage":49,"enemies":"Gremlin Nob","floor":10,"turns":5},{"damage":8,"enemies":"Gremlin Gang","floor":11,"turns":3},{"damage":7,"enemies":"downfall:FleeingMerchant","floor":12,"turns":4},{"damage":1,"enemies":"2 Fungi Beasts","floor":13,"turns":3},{"damage":6,"enemies":"Blue Slaver","floor":14,"turns":2},{"damage":10,"enemies":"Large Slime","floor":15,"turns":7},{"damage":9,"enemies":"IC_STATUS_ARCHETYPE","floor":16,"turns":7},{"damage":0,"enemies":"3 Byrds","floor":19,"turns":5},{"damage":7,"enemies":"Cultist and Chosen","floor":20,"turns":7},{"damage":0,"enemies":"Snake Plant","floor":21,"turns":3},{"damage":2,"enemies":"downfall:FleeingMerchant","floor":22,"turns":4},{"damage":8,"enemies":"Masked Bandits","floor":23,"turns":3},{"damage":44,"enemies":"3 Cultists","floor":26,"turns":6},{"damage":40,"enemies":"Gremlin Leader","floor":29,"turns":8},{"damage":0,"enemies":"Cultist and Chosen","floor":30,"turns":5},{"damage":5,"enemies":"Snake Plant","floor":31,"turns":2},{"damage":0,"enemies":"Snecko","floor":32,"turns":5},{"damage":40,"enemies":"DF_ARCHETYPE_CLAW","floor":33,"turns":5},{"damage":10,"enemies":"Orb Walker","floor":36,"turns":4},{"damage":46,"enemies":"3 Darklings","floor":38,"turns":7},{"damage":0,"enemies":"Writhing Mass","floor":39,"turns":4},{"damage":25,"enemies":"Nemesis","floor":40,"turns":5},{"damage":38,"enemies":"4 Shapes","floor":43,"turns":7},{"damage":0,"enemies":"Transient","floor":44,"turns":5},{"damage":17,"enemies":"Jaw Worm Horde","floor":45,"turns":5},{"damage":37,"enemies":"Reptomancer","floor":46,"turns":6},{"damage":0,"enemies":"Maw","floor":47,"turns":4},{"damage":0,"enemies":"Sphere and 2 Shapes","floor":49,"turns":3},{"damage":54,"enemies":"WA_ARCHETYPE_DIVINITY","floor":50,"turns":8},{"damage":50,"enemies":"downfall:CharBossMerchant","floor":52,"turns":7},{"damage":33,"enemies":"downfall:NeowBoss","floor":55,"turns":13},{"damage":84,"enemies":"downfall:NeowBossFinal","floor":56,"turns":10}],"seed_played":"5100653032902353513","potions_obtained":[{"floor":3,"key":"SneckoOil"},{"floor":3,"key":"Regen Potion"},{"floor":3,"key":"DuplicationPotion"},{"floor":5,"key":"Slimebound:ThreeZeroPotion"},{"floor":10,"key":"EntropicBrew"},{"floor":11,"key":"SneckoOil"},{"floor":13,"key":"SkillPotion"},{"floor":16,"key":"hexamod:SoulburnPotion"},{"floor":19,"key":"Block Potion"},{"floor":20,"key":"LiquidBronze"},{"floor":26,"key":"Slimebound:SlimyTonguePotion"},{"floor":29,"key":"bronze:BurnAndBuffPotion"},{"floor":31,"key":"Slimebound:SlimyTonguePotion"},{"floor":38,"key":"Block Potion"},{"floor":43,"key":"EntropicBrew"},{"floor":44,"key":"AttackPotion"},{"floor":47,"key":"SteroidPotion"},{"floor":49,"key":"Energy Potion"}],"is_trial":false,"path_per_floor":["R","M","?","$","M","M","T","M","R","E","M","$","M","M","M","B",null,"R","M","M","M","$","?","T","$","M","R","?","E","M","M","M","B",null,"R","M","?","M","M","E","T","R","M","M","M","E","M","$","M","B",null,"E","$","R","B","B",null],"character_chosen":"SLIMEBOUND","items_purchased":["Toy Ornithopter","Slimebound:SamplingLick","Vajra","reliquary:Knoch","Slimebound:RejuvenatingLick","Slimebound:AcidTongue+1","DuplicationPotion","Slimebound:SplitMire","Slimebound:AcidTongue+1"],"campfire_rested":1,"item_purchase_floors":[12,22,22,22,25,48,48,53,53],"current_hp_per_floor":[47,46,46,55,62,69,69,47,47,10,22,23,30,30,33,41,106,106,110,110,110,110,102,102,102,73,83,83,60,64,59,65,36,128,128,120,138,98,109,92,92,92,62,68,64,40,48,48,56,10,138,90,90,131,111,56],"gold":63,"neow_bonus":"RANDOM_COLORLESS_2","is_daily":false,"chose_seed":false,"campfire_upgraded":5,"win_rate":0.0,"timestamp":1613063463,"path_taken":["R","M","?","$","M","M","T","M","R","E","?","$","M","M","M","BOSS","R","M","M","M","$","?","T","$","M","R","?","E","M","?","M","BOSS","R","M","?","?","M","E","T","R","M","M","M","E","M","$","M","BOSS","E","$","R","BOSS","BOSS"],"items_purchased_type":["Relic","Card","Relic","Relic","Card","Card","Potion","Card","Card"],"build_version":"2020-12-22","purchased_purges":0,"victory":true,"max_hp_per_floor":[65,65,65,65,68,71,71,74,74,78,90,90,94,98,102,106,106,106,110,110,110,110,110,110,110,114,124,124,128,128,128,128,128,128,128,128,138,138,138,138,138,138,138,138,138,138,138,138,138,138,138,138,138,138,138,138],"card_choices":[{"not_picked":["Mayhem","Secret Weapon"],"picked":"Sadistic Nature","floor":0},{"not_picked":["Slimebound:GoopTackle","Slimebound:SplitBruiser"],"picked":"Slimebound:Schlurp","floor":2},{"not_picked":["Slimebound:ViciousTackle","Slimebound:DivideAndConquer"],"picked":"Slimebound:MassFeed","floor":4},{"not_picked":["Slimebound:SlimeSpikes","Slimebound:Grow"],"picked":"Slimebound:TongueLash","floor":5},{"not_picked":["Slimebound:GoopTackle","Slimebound:SplitBruiser"],"picked":"Slimebound:LeechingTouch","floor":6},{"not_picked":["Slimebound:ComboTackle","Slimebound:SlimeBarrage"],"picked":"Slimebound:Schlurp","floor":8},{"not_picked":["Slimebound:SplitMire","Slimebound:MassRepurpose"],"picked":"Slimebound:Gluttony+1","floor":10},{"not_picked":["Slimebound:ForwardTackle","Slimebound:LeechEnergy"],"picked":"Slimebound:GoopSpray","floor":11},{"not_picked":["Slimebound:PressTheAttack","Slimebound:LevelUp+1"],"picked":"Slimebound:TongueLash","floor":12},{"not_picked":["Slimebound:ServeAndProtect","Slimebound:LeechEnergy"],"picked":"Slimebound:Schlurp","floor":13},{"not_picked":["Slimebound:SplitBruiser","Slimebound:GrowthPunch"],"picked":"Slimebound:HauntingLick","floor":14},{"not_picked":["Slimebound:ItLooksTasty","Slimebound:LevelUp+1"],"picked":"Slimebound:HauntingLick","floor":15},{"not_picked":["Slimebound:Darklings","Slimebound:MassFeed"],"picked":"Slimebound:DouseInSlime","floor":16},{"not_picked":["Slimebound:SplitBruiser+1","Slimebound:Repurpose"],"picked":"Slimebound:LeadByExample+1","floor":19},{"not_picked":["Slimebound:SplitAcid+1","Slimebound:LeechEnergy","Slimebound:ComboTackle+1"],"picked":"SKIP","floor":20},{"not_picked":["Slimebound:ItLooksTasty","Slimebound:Equalize"],"picked":"Slimebound:SplitMire","floor":21},{"not_picked":["Slimebound:MassFeed","Slimebound:FormOfPuddle"],"picked":"Slimebound:SamplingLick+1","floor":22},{"not_picked":["Slimebound:DisruptingSlam","Slimebound:GoopTackle"],"picked":"Slimebound:ProtectTheBoss+1","floor":23},{"not_picked":["Slimebound:SplitAcid","Slimebound:Nibble"],"picked":"Slimebound:HauntingLick","floor":26},{"not_picked":["Slimebound:RollThrough","Slimebound:ComboTackle","Slimebound:Prepare"],"picked":"SKIP","floor":29},{"not_picked":["Slimebound:SlimeTap","Slimebound:SlimeBrawl+1"],"picked":"Slimebound:ViciousTackle","floor":30},{"not_picked":["Slimebound:Prepare","Slimebound:SplitSpecialist","Slimebound:DisruptingSlam+1"],"picked":"SKIP","floor":31},{"not_picked":["Slimebound:LeechingTouch","Slimebound:HauntingLick"],"picked":"Slimebound:OozeBath","floor":32},{"not_picked":["Slimebound:SplitAcid+1","Slimebound:DivideAndConquer"],"picked":"Slimebound:ProtectTheBoss+1","floor":36},{"not_picked":["Slimebound:PressTheAttack","Slimebound:LeechEnergy"],"picked":"Slimebound:Nibble+1","floor":38},{"not_picked":["Slimebound:GoopSpray","Slimebound:ComboTackle"],"picked":"Slimebound:SlimeSpikes+1","floor":39},{"not_picked":["Slimebound:Chomp+1","Slimebound:SplitBruiser"],"picked":"Slimebound:LeechingTouch","floor":40},{"not_picked":["Slimebound:FinishingTackle+1","Slimebound:SplitAcid+1"],"picked":"Slimebound:SamplingLick","floor":43},{"not_picked":["Slimebound:Chomp","Slimebound:LeechingTouch+1"],"picked":"Slimebound:ItLooksTasty+1","floor":44},{"not_picked":["Slimebound:LeechEnergy+1","Slimebound:PressTheAttack+1"],"picked":"Slimebound:GoopSpray","floor":45},{"not_picked":["Slimebound:DuplicatedForm+1","Slimebound:ViciousTackle"],"picked":"Slimebound:SplitMire+1","floor":46},{"not_picked":["Slimebound:SlimeSpikes","Slimebound:GoopTackle"],"picked":"Slimebound:DisruptingSlam+1","floor":47},{"not_picked":["Slimebound:ItLooksTasty","Slimebound:SplitLeeching"],"picked":"Slimebound:FormOfPuddle","floor":49},{"not_picked":["Slimebound:SplitBruiser+1","Slimebound:TagTeam"],"picked":"Slimebound:ProtectTheBoss+1","floor":52}],"player_experience":208503,"relics_obtained":[{"floor":7,"key":"Boot"},{"floor":10,"key":"Frozen Egg 2"},{"floor":23,"key":"Red Mask"},{"floor":29,"key":"FossilizedHelix"},{"floor":40,"key":"Gambling Chip"},{"floor":41,"key":"Omamori"},{"floor":46,"key":"Ice Cream"},{"floor":52,"key":"reliquary:Firecrackers"}],"event_choices":[{"damage_healed":0,"gold_gain":0,"player_choice":"Got Potions","damage_taken":0,"max_hp_gain":0,"max_hp_loss":0,"event_name":"Lab","floor":3,"gold_loss":0},{"damage_healed":0,"gold_gain":0,"player_choice":"Fought Bandits","damage_taken":0,"max_hp_gain":0,"max_hp_loss":0,"event_name":"Masked Bandits","floor":23,"gold_loss":0},{"cards_removed":["Slimebound:MassFeed"],"damage_healed":8,"gold_gain":0,"player_choice":"Offered Rare","damage_taken":0,"max_hp_gain":10,"max_hp_loss":0,"event_name":"Bonfire Elementals","floor":37,"gold_loss":0}],"is_beta":false,"boss_relics":[{"not_picked":["reliquary:Craggleroot","Astrolabe"],"picked":"SacredBark"},{"not_picked":["Cursed Key","Philosopher\u0027s Stone"],"picked":"SlaversCollar"}],"items_purged_floors":[],"is_endless":false,"potions_floor_spawned":[5,10,11,13,16,19,20,26,29,31,32,38,43,44,47,49],"ascension_level":0}}