{"host":"zx8rmvlb08usbkpl","time":1613073218,"event":{"mods":["BaseMod","BetterRewards","Colored Powertips","Dota2Spire","Downfall","GifTheSpireLib","Marisa????????","Minty Spire (QoL Compilation)","Quick Restart","StSLib","Stuff the Spire","The Bug Knight","The Senshi"],"gold_per_floor":[117,117,42,60,73,73,98,158,158,158,58,58,77,89,89,185,185,201,216,91,109,125,125,156,168,168,168,168],"floor_reached":27,"language":"ENG","playtime":1036,"items_purged":["Decay","Strike_B","Strike_B"],"score":235,"play_id":"830133f0-bbcd-4a81-9091-54ca7559ba4e","local_time":"20210211145338","is_ascension_mode":false,"campfire_choices":[{"data":"Zap","floor":6,"key":"SMITH"},{"floor":10,"key":"REST"},{"data":"Reboot","floor":12,"key":"SMITH"},{"data":"Buffer","floor":15,"key":"SMITH"},{"data":"Creative AI","floor":23,"key":"SMITH"}],"circlet_count":0,"master_deck":["Strike_B","Defend_B","Defend_B","Defend_B","Zap+1","Dualcast","Gash","Reboot+1","Beam Cell","Beam Cell","Gash","Coolheaded","Buffer+1","Electrodynamics","Gash+1","Creative AI+1","StuffTheSpire:Rend","Beam Cell"],"relics":["FrozenCore","InkBottle","Kunai","Tiny Chest","Dota2Spire:OctarineCore"],"acts_visited":["Exordium","TheCity"],"potions_floor_usage":[25],"damage_taken":[{"damage":6,"enemies":"Jaw Worm","floor":1,"turns":2},{"damage":1,"enemies":"Cultist","floor":4,"turns":3},{"damage":0,"enemies":"Small Slimes","floor":5,"turns":2},{"damage":38,"enemies":"Gremlin Nob","floor":7,"turns":4},{"damage":12,"enemies":"3 Sentries","floor":8,"turns":6},{"damage":0,"enemies":"Looter","floor":13,"turns":2},{"damage":3,"enemies":"2 Fungi Beasts","floor":14,"turns":3},{"damage":19,"enemies":"Hexaghost","floor":16,"turns":8},{"damage":0,"enemies":"Spheric Guardian","floor":18,"turns":5},{"damage":2,"enemies":"Chosen","floor":19,"turns":4},{"damage":14,"enemies":"Sentry and Sphere","floor":21,"turns":6},{"damage":0,"enemies":"3 Cultists","floor":22,"turns":2},{"damage":46,"enemies":"Book of Stabbing","floor":24,"turns":6},{"damage":7,"enemies":"Snake Plant","floor":25,"turns":5},{"damage":11,"enemies":"Colosseum Slavers","floor":27,"turns":1}],"seed_played":"2276317556591883174","potions_obtained":[{"floor":4,"key":"Weak Potion"},{"floor":5,"key":"FairyPotion"},{"floor":8,"key":"BlessingOfTheForge"},{"floor":13,"key":"Explosive Potion"}],"is_trial":false,"path_per_floor":["M","?","$","M","M","R","E","?","T","R","$","R","M","M","R","B",null,"M","M","$","M","M","R","E","M","T","?"],"character_chosen":"DEFECT","items_purchased":[],"campfire_rested":1,"item_purchase_floors":[],"current_hp_per_floor":[48,48,48,47,47,47,9,22,22,44,44,44,44,41,41,22,75,75,73,73,59,59,59,13,6,6,0,0],"gold":168,"neow_bonus":"TRANSFORM_TWO_CARDS","is_daily":false,"chose_seed":false,"campfire_upgraded":4,"win_rate":0.0,"timestamp":1613073218,"path_taken":["M","?","$","M","?","R","E","?","T","R","$","R","M","M","R","BOSS","M","M","$","M","M","R","E","M","T","?"],"items_purchased_type":[],"build_version":"2020-12-22","purchased_purges":3,"victory":false,"max_hp_per_floor":[75,75,75,75,75,75,75,75,75,75,75,75,75,75,75,75,75,75,75,75,75,75,75,75,75,75,75,75],"card_choices":[{"not_picked":["Rebound","Redo","Blizzard"],"picked":"SKIP","floor":1},{"not_picked":["Barrage","StuffTheSpire:LoadUp"],"picked":"Beam Cell","floor":4},{"not_picked":["Leap","Barrage"],"picked":"Beam Cell","floor":5},{"not_picked":["StuffTheSpire:LoadUp","Streamline"],"picked":"Gash","floor":7},{"not_picked":["Reprogram","Streamline"],"picked":"Coolheaded","floor":8},{"not_picked":["Tempest","Ball Lightning"],"picked":"Buffer","floor":13},{"not_picked":["Stack","Redo","Turbo"],"picked":"SKIP","floor":14},{"not_picked":["Thunder Strike","Amplify"],"picked":"Electrodynamics","floor":16},{"not_picked":["StuffTheSpire:Plugnplay+1","Auto Shields","Rip and Tear+1"],"picked":"SKIP","floor":18},{"not_picked":["Compile Driver","Rebound+1","Hologram"],"picked":"SKIP","floor":19},{"not_picked":["StuffTheSpire:LoadUp","Turbo"],"picked":"Gash+1","floor":21},{"not_picked":["Glacier","Lockon"],"picked":"Creative AI","floor":22},{"not_picked":["Static Discharge","Beam Cell+1"],"picked":"StuffTheSpire:Rend","floor":24},{"not_picked":["Force Field+1","Cold Snap"],"picked":"Beam Cell","floor":25}],"player_experience":996721,"relics_obtained":[{"floor":7,"key":"InkBottle"},{"floor":8,"key":"Kunai"},{"floor":9,"key":"Tiny Chest"},{"floor":24,"key":"Dota2Spire:OctarineCore"}],"event_choices":[{"damage_healed":0,"gold_gain":0,"player_choice":"Cursed","damage_taken":0,"max_hp_gain":0,"max_hp_loss":0,"event_name":"Wheel of Change","floor":2,"gold_loss":0,"cards_obtained":["Decay"]},{"damage_healed":0,"gold_gain":30,"player_choice":"Searched \u00272\u0027 times","damage_taken":0,"max_hp_gain":0,"max_hp_loss":0,"event_name":"Dead Adventurer","floor":8,"gold_loss":0},{"damage_healed":0,"gold_gain":0,"player_choice":"Fight","damage_taken":0,"max_hp_gain":0,"max_hp_loss":0,"event_name":"Colosseum","floor":27,"gold_loss":0}],"is_beta":false,"boss_relics":[{"not_picked":["Pandora\u0027s Box","Coffee Dripper"],"picked":"FrozenCore"}],"items_purged_floors":[3,11,20],"is_endless":false,"potions_floor_spawned":[4,5,8,13,16,19,21,22],"killed_by":"Colosseum Slavers","ascension_level":0}}