{"host":"tpad8qsc9e0g0pa5","time":1613064855,"event":{"mods":["BaseMod","Downfall","Minty Spire (QoL Compilation)","Quick Restart","StSLib"],"gold_per_floor":[119,119,119,0,0,0,30,30,98,115,125,150,167,192,192,294,294,305,111,26,45,65,90,90,90],"floor_reached":24,"language":"ZHS","playtime":796,"items_purged":["Strike_G"],"score":311,"play_id":"6d27e0db-4239-456e-b4d5-9860ec038512","local_time":"20210212013415","is_ascension_mode":true,"campfire_choices":[{"data":"Die Die Die","floor":6,"key":"SMITH"},{"data":"Bouncing Flask","floor":8,"key":"SMITH"},{"floor":15,"key":"REST"}],"circlet_count":0,"master_deck":["Strike_G","Strike_G","Strike_G","Strike_G","Defend_G","Defend_G","Defend_G","Defend_G","Defend_G","Survivor","Neutralize","Bouncing Flask+1","Die Die Die+1","Deadly Poison","Outmaneuver","Expertise","Poisoned Stab","Deadly Poison","Doppelganger","Deadly Poison","Noxious Fumes","PiercingWail","Malaise"],"relics":["Ring of the Snake","NeowsBlessing","PreservedInsect","Kunai","InkBottle","StoneCalendar","White Beast Statue","SlaversCollar","Regal Pillow","MealTicket"],"acts_visited":["Exordium","TheCity"],"potions_floor_usage":[14,22,22,23,24],"damage_taken":[{"damage":0,"enemies":"Jaw Worm","floor":1,"turns":1},{"damage":0,"enemies":"Gremlin Nob","floor":7,"turns":1},{"damage":0,"enemies":"2 Louse","floor":10,"turns":1},{"damage":0,"enemies":"Cultist","floor":11,"turns":2},{"damage":23,"enemies":"Lagavulin","floor":12,"turns":4},{"damage":3,"enemies":"Blue Slaver","floor":13,"turns":3},{"damage":17,"enemies":"3 Sentries","floor":14,"turns":5},{"damage":27,"enemies":"The Guardian","floor":16,"turns":7},{"damage":3,"enemies":"Spheric Guardian","floor":18,"turns":3},{"damage":0,"enemies":"Chosen","floor":21,"turns":4},{"damage":7,"enemies":"Snake Plant","floor":22,"turns":3},{"damage":62,"enemies":"Slavers","floor":23,"turns":5},{"damage":19,"enemies":"3 Cultists","floor":24,"turns":4}],"seed_played":"7239376718542010281","potions_obtained":[{"floor":1,"key":"LiquidBronze"},{"floor":10,"key":"SpeedPotion"},{"floor":13,"key":"AttackPotion"},{"floor":16,"key":"Regen Potion"},{"floor":22,"key":"CultistPotion"},{"floor":23,"key":"Explosive Potion"}],"is_trial":false,"path_per_floor":["M","?","?","$","$","R","E","R","T","M","M","E","M","E","R","B",null,"M","$","?","M","M","E","M"],"character_chosen":"THE_SILENT","items_purchased":["Die Die Die","Deadly Poison","Noxious Fumes","PiercingWail"],"campfire_rested":1,"item_purchase_floors":[4,4,19,19],"current_hp_per_floor":[70,75,63,63,63,63,63,63,63,63,63,40,37,20,42,15,75,72,72,72,72,65,17,0,0],"gold":90,"neow_bonus":"THREE_ENEMY_KILL","is_daily":false,"chose_seed":false,"campfire_upgraded":2,"win_rate":0.0,"timestamp":1613064855,"path_taken":["M","?","?","?","$","R","E","R","T","?","M","E","?","E","R","BOSS","M","$","?","M","M","E","M"],"items_purchased_type":["Card","Card","Card","Card"],"build_version":"2020-12-22","purchased_purges":1,"victory":false,"max_hp_per_floor":[70,75,75,75,75,75,75,75,75,75,75,75,75,75,75,75,75,75,75,75,75,75,75,75,75],"card_choices":[{"not_picked":["Reflex","Dagger Throw"],"picked":"Bouncing Flask","floor":1},{"not_picked":["Dash","Concentrate","Dodge and Roll"],"picked":"SKIP","floor":7},{"not_picked":["Underhanded Strike","Quick Slash"],"picked":"Outmaneuver","floor":10},{"not_picked":["Underhanded Strike","Dagger Spray","Endless Agony"],"picked":"SKIP","floor":11},{"not_picked":["Accuracy","Tactician"],"picked":"Expertise","floor":12},{"not_picked":["Quick Slash","Blur"],"picked":"Poisoned Stab","floor":13},{"not_picked":["Escape Plan","Deflect"],"picked":"Deadly Poison","floor":14},{"not_picked":["Storm of Steel","Venomology"],"picked":"Doppelganger","floor":16},{"not_picked":["Predator","Eviscerate"],"picked":"Deadly Poison","floor":18},{"not_picked":["Well Laid Plans+1","Terror","Backstab"],"picked":"SKIP","floor":21},{"not_picked":["Deflect","Reflex+1","Flechettes"],"picked":"SKIP","floor":22},{"not_picked":["Infinite Blades","PiercingWail"],"picked":"Malaise","floor":23}],"player_experience":338418,"relics_obtained":[{"floor":7,"key":"Kunai"},{"floor":9,"key":"InkBottle"},{"floor":12,"key":"StoneCalendar"},{"floor":14,"key":"White Beast Statue"},{"floor":23,"key":"MealTicket"}],"event_choices":[{"damage_healed":0,"gold_gain":0,"player_choice":"Donut","damage_taken":0,"max_hp_gain":5,"max_hp_loss":0,"event_name":"Big Fish","floor":2,"gold_loss":0},{"damage_healed":0,"gold_gain":0,"player_choice":"Success","damage_taken":12,"relics_obtained":["PreservedInsect"],"max_hp_gain":0,"max_hp_loss":0,"event_name":"Scrap Ooze","floor":3,"gold_loss":0},{"damage_healed":0,"gold_gain":0,"player_choice":"Obtained Relic","damage_taken":0,"relics_obtained":["Regal Pillow"],"max_hp_gain":0,"max_hp_loss":0,"event_name":"Addict","floor":20,"gold_loss":85}],"is_beta":false,"boss_relics":[{"not_picked":["HoveringKite","Tiny House"],"picked":"SlaversCollar"}],"items_purged_floors":[19],"is_endless":false,"potions_floor_spawned":[1,10,13,16,18,21,22,23],"killed_by":"3 Cultists","ascension_level":4}}