{"host":"kjehzzhcyp0nyrrl","time":1613053381,"event":{"mods":["100% Spire Juice","AchievementEnabler","BaseMod","Hermit","Keyboard Shortcuts","Koishi","Minty Spire (QoL Compilation)","StSLib","SuperFastMode","The Dragon Tamer","everything is the same but u backflip on backflip"],"gold_per_floor":[112,132,207,58,58,58,71,103,128,128,28,42,55,74,74,179,179,189,201,471,489,489,489,489,489,489,507,507,507],"floor_reached":28,"language":"KOR","playtime":919,"items_purged":["Doubt","hermit:Strike_Hermit"],"score":264,"play_id":"380bc408-041d-4326-a882-43b6ecd303dc","local_time":"20210211232301","is_ascension_mode":true,"campfire_choices":[{"data":"hermit:Glare","floor":6,"key":"SMITH"},{"floor":10,"key":"REST"},{"data":"hermit:Dive","floor":15,"key":"SMITH"},{"floor":23,"key":"REST"},{"floor":25,"key":"DIG"}],"circlet_count":0,"master_deck":["hermit:Strike_Hermit","hermit:Defend_Hermit","hermit:Defend_Hermit","hermit:Snapshot","hermit:Covet","hermit:FromBeyond","hermit:Glare+1","hermit:Enervate","hermit:Deadeye","hermit:Manifest","hermit:Dive+1","hermit:PistolWhip","hermit:ShadowCloak","hermit:Vantage+1","Swift Strike","hermit:PistolWhip","hermit:Cheat"],"relics":["hermit:Momento","Dream Catcher","Empty Cage","Shovel","Orichalcum","Sundial"],"acts_visited":["Exordium","TheCity"],"potions_floor_usage":[16,19,21],"damage_taken":[{"damage":8.0,"enemies":"2 Louse","floor":1.0,"turns":3.0},{"damage":12.0,"enemies":"Jaw Worm","floor":2.0,"turns":3.0},{"damage":0,"enemies":"Cultist","floor":7,"turns":2},{"damage":16,"enemies":"Lagavulin","floor":8,"turns":8},{"damage":0,"enemies":"2 Fungi Beasts","floor":12,"turns":3},{"damage":0,"enemies":"Red Slaver","floor":13,"turns":5},{"damage":5,"enemies":"Looter","floor":14,"turns":4},{"damage":28,"enemies":"The Guardian","floor":16,"turns":11},{"damage":8,"enemies":"Shell Parasite","floor":18,"turns":7},{"damage":6,"enemies":"Chosen","floor":19,"turns":5},{"damage":18,"enemies":"Snecko","floor":21,"turns":13},{"damage":22,"enemies":"3 Cultists","floor":27,"turns":7},{"damage":0,"enemies":"Chosen and Byrds","floor":28,"turns":1}],"seed_played":"-4182855181647264483","potions_obtained":[{"floor":1.0,"key":"PowerPotion"},{"floor":8,"key":"hermit:BlackBile"},{"floor":14,"key":"Energy Potion"},{"floor":18,"key":"AttackPotion"},{"floor":27,"key":"Block Potion"}],"is_trial":false,"path_per_floor":["M","M","?","$","?","R","M","E","T","R","$","M","M","M","R","B",null,"M","M","?","M","?","R","?","R","T","M","M"],"character_chosen":"HERMIT","items_purchased":["hermit:Deadeye"],"campfire_rested":2,"item_purchase_floors":[4],"current_hp_per_floor":[67,55,44,44,44,44,44,28,28,50,50,50,50,45,45,17,75,67,61,28,10,10,32,32,32,32,10,10,10],"gold":507,"neow_bonus":"THREE_RARE_CARDS","is_daily":false,"chose_seed":false,"campfire_upgraded":2,"win_rate":0.0,"timestamp":1613053381,"path_taken":["M","M","?","$","?","R","M","E","T","R","?","?","M","M","R","BOSS","M","M","?","?","?","R","?","R","T","M","M"],"items_purchased_type":["Card"],"build_version":"2020-12-22","purchased_purges":2,"victory":false,"max_hp_per_floor":[75,75,75,75,75,75,75,75,75,75,75,75,75,75,75,75,75,75,75,75,75,75,75,75,75,75,75,75,75],"card_choices":[{"not_picked":["hermit:Magnum","hermit:HeroicBravado"],"picked":"hermit:FromBeyond","floor":0.0},{"not_picked":["hermit:Headshot","hermit:Feint"],"picked":"hermit:Glare","floor":1.0},{"not_picked":["hermit:Snipe","hermit:SprayPray"],"picked":"hermit:Enervate","floor":2.0},{"not_picked":["hermit:Horror","hermit:Glare"],"picked":"hermit:Manifest","floor":7},{"not_picked":["hermit:Midnight","hermit:Misfire"],"picked":"hermit:Dive","floor":8},{"not_picked":["hermit:TakeAim","hermit:Roulette"],"picked":"hermit:PistolWhip","floor":10},{"not_picked":["hermit:Brawl","hermit:EyeOfTheStorm","hermit:Coalescence"],"picked":"SKIP","floor":12},{"not_picked":["hermit:Shortfuse","hermit:Gambit"],"picked":"hermit:ShadowCloak","floor":13},{"not_picked":["hermit:ItchyTrigger","hermit:Coalescence","hermit:BodyArmor"],"picked":"SKIP","floor":14},{"not_picked":["hermit:CalledShot","hermit:Manifest"],"picked":"hermit:Vantage+1","floor":18},{"not_picked":["hermit:Scavenge","hermit:LuckOfTheDraw","hermit:Feint+1"],"picked":"SKIP","floor":19},{"not_picked":["hermit:Quickdraw","hermit:Manifest","hermit:Determination"],"picked":"SKIP","floor":21},{"not_picked":["hermit:Coalescence","hermit:FullyLoaded","hermit:LowProfile+1"],"picked":"SKIP","floor":27}],"player_experience":395939,"relics_obtained":[{"floor":8,"key":"Dream Catcher"},{"floor":25,"key":"Orichalcum"},{"floor":26,"key":"Sundial"}],"event_choices":[{"damage_healed":0.0,"max_hp_gain":0.0,"max_hp_loss":0.0,"gold_gain":75.0,"event_name":"World of Goop","player_choice":"Gather Gold","floor":3.0,"gold_loss":0.0,"damage_taken":11.0},{"damage_healed":0,"gold_gain":0,"player_choice":"Fled","damage_taken":0,"max_hp_gain":0,"max_hp_loss":0,"event_name":"Scrap Ooze","floor":5,"gold_loss":0},{"damage_healed":0,"gold_gain":270,"player_choice":"GOLD CARD GOLD GOLD ","damage_taken":33,"max_hp_gain":0,"max_hp_loss":0,"event_name":"Knowing Skull","floor":20,"potions_obtained":[],"gold_loss":0,"cards_obtained":["Swift Strike"]},{"damage_healed":0,"gold_gain":0,"cards_transformed":["hermit:Strike_Hermit","hermit:Defend_Hermit"],"player_choice":"Became Test Subject","damage_taken":0,"max_hp_gain":0,"max_hp_loss":0,"event_name":"Drug Dealer","floor":22,"gold_loss":0,"cards_obtained":["hermit:PistolWhip","hermit:Cheat"]},{"damage_healed":0,"gold_gain":0,"player_choice":"Opened","damage_taken":0,"relics_obtained":["Shovel"],"max_hp_gain":0,"max_hp_loss":0,"event_name":"The Mausoleum","floor":24,"gold_loss":0}],"is_beta":false,"boss_relics":[{"not_picked":["SlaversCollar","Philosopher\u0027s Stone"],"picked":"Empty Cage"}],"items_purged_floors":[4,11],"is_endless":false,"potions_floor_spawned":[1,8,14,18,27],"killed_by":"Chosen and Byrds","ascension_level":4}}