{"host":"8injpn8qs0kr8sd6","time":1613018904,"event":{"mods":["Act Like it!","BaseMod","Downfall","KinomotoSakuraMod(Ä¾Ö®±¾Ó£)","Marisa£¨ìFÓê¡¡Ä§ÀíÉ³£©","Minty Spire (QoL Compilation)","Quick Restart","Reimu£¨²©ÀöÁéÃÎ£©","RumiaBox-Â¶Ã×æ«µÄÉñÃØºÐ×Ó","Spicy Shops","StSLib"],"gold_per_floor":[99,99,99,99,144,179,179,192,203,203,215,248,2,17,32,134,134,134,145,30,30,44,244,244,244,257,16,16,1,1,13,26,121,121,121,137,187,202,202,60,112,139,2,2,16,0,0,0,16,16,16,16],"floor_reached":50,"language":"ZHS","playtime":4304,"items_purged":["Parasite","champ:Defend","champ:RecklessLeap","champ:Execute","expansioncontent:YouAreMine+1"],"score":553,"play_id":"96fcc0a1-f29c-47fd-83a8-dc86e6aa9c48","local_time":"20210211124823","is_ascension_mode":false,"campfire_choices":[{"data":"champ:Taunt","floor":1.0,"key":"SMITH"},{"data":"champ:ArenaPreparation","floor":10.0,"key":"SMITH"},{"data":"champ:PerfectedStrike","floor":18.0,"key":"SMITH"},{"data":"champ:PerfectedStrike","floor":25,"key":"SMITH"},{"data":"expansioncontent:QuickStudy","floor":30,"key":"SMITH"},{"data":"champ:ArenaPreparation","floor":35,"key":"SMITH"},{"data":"champ:StrikeOfGenius","floor":47,"key":"SMITH"}],"circlet_count":0,"master_deck":["champ:Strike","champ:Strike","champ:Strike","champ:Strike","champ:Defend","champ:Defend+1","champ:Defend","champ:Taunt+1","champ:RapidStrikes","champ:HoldFirm+1","champ:DefensiveShout","champ:ArenaPreparation+1","champ:ArenaPreparation","champ:FocusedBerserking","champ:PerfectedStrike+1","champ:Backstep","champ:BerserkersShout","champ:StrikeOfGenius+1","champ:ArenaPreparation+1","champ:PerfectedStrike+1","champ:FancyFootwork+1","downfall:Haunted","champ:FocusedBerserking+1","champ:HeartStrike+1","expansioncontent:QuickStudy+1","champ:VampiricStrike","champ:PerfectedStrike+1","champ:RisingSlash","champ:CalledShot","champ:ArenaPreparation+1","champ:FaceSlap"],"relics":["champ:ChampionCrown","downfall:HeartsMalice","champ:FightingForDummies","Gremlin Horn","Bottled Lightning","War Paint","Medical Kit","SlaversCollar","champ:BerserkersGuideToSlaughter","Du-Vu Doll","Membership Card","Strawberry","SSSystem","Runic Pyramid","CaptainsWheel","MoreBug","Mastiff:ReiMu","Omamori","Juzu Bracelet"],"acts_visited":["Exordium","TheCity","TheBeyond"],"potions_floor_usage":[26,33,37,49],"damage_taken":[{"damage":0.0,"enemies":"Small Slimes","floor":2.0,"turns":1.0},{"damage":0.0,"enemies":"Jaw Worm","floor":4.0,"turns":1.0},{"damage":0.0,"enemies":"Gremlin Nob","floor":6.0,"turns":1.0},{"damage":15.0,"enemies":"Cultist","floor":8.0,"turns":3.0},{"damage":16.0,"enemies":"Lots of Slimes","floor":9.0,"turns":3.0},{"damage":10.0,"enemies":"3 Louse","floor":11.0,"turns":3.0},{"damage":37.0,"enemies":"3 Sentries","floor":12.0,"turns":6.0},{"damage":55.0,"enemies":"downfall:FleeingMerchant","floor":13.0,"turns":4.0},{"damage":33.0,"enemies":"2 Fungi Beasts","floor":14.0,"turns":2.0},{"damage":35.0,"enemies":"Exordium Wildlife","floor":15.0,"turns":3.0},{"damage":114.0,"enemies":"WA_ARCHETYPE_RETAIN","floor":16.0,"turns":7.0},{"damage":10.0,"enemies":"Spheric Guardian","floor":19.0,"turns":3.0},{"damage":40.0,"enemies":"downfall:FleeingMerchant","floor":20.0,"turns":4.0},{"damage":41.0,"enemies":"3 Byrds","floor":22.0,"turns":4.0},{"damage":35,"enemies":"Snecko","floor":26,"turns":4},{"damage":50,"enemies":"downfall:FleeingMerchant","floor":27,"turns":4},{"damage":0,"enemies":"downfall:FleeingMerchant","floor":29,"turns":2},{"damage":25,"enemies":"Sentry and Sphere","floor":31,"turns":4},{"damage":0,"enemies":"Snake Plant","floor":32,"turns":2},{"damage":177,"enemies":"DF_ARCHETYPE_CLAW","floor":33,"turns":9},{"damage":11,"enemies":"Orb Walker","floor":36,"turns":2},{"damage":47,"enemies":"2 Orb Walkers","floor":37,"turns":4},{"damage":46,"enemies":"3 Shapes","floor":38,"turns":4},{"damage":43,"enemies":"Giant Head","floor":42,"turns":6},{"damage":37,"enemies":"Spire Growth","floor":45,"turns":5},{"damage":64,"enemies":"Maw","floor":49,"turns":5},{"damage":120,"enemies":"IC_BLOCK_ARCHETYPE","floor":50,"turns":4}],"seed_played":"4587245508759187830","potions_obtained":[{"floor":6.0,"key":"Strength Potion"},{"floor":8.0,"key":"ColorlessPotion"},{"floor":11.0,"key":"FearPotion"},{"floor":15.0,"key":"LiquidBronze"},{"floor":31,"key":"champ:TechniquePotion"},{"floor":32,"key":"SpeedPotion"},{"floor":33,"key":"PowerPotion"},{"floor":37,"key":"Block Potion"},{"floor":38,"key":"SteroidPotion"}],"is_trial":false,"path_per_floor":["R","M","?","M","T","E","T","M","M","R","M","E","$","M","M","B",null,"R","M","$","?","M","?","T","R","M","$","?","$","R","M","M","B",null,"R","M","?","M","?","$","T","E","$","?","M","$","R","?","M","B"],"character_chosen":"THE_CHAMP","items_purchased":["Medical Kit","champ:Backstep","champ:BerserkersShout","Membership Card","Strawberry","SSSystem","expansioncontent:QuickStudy","MoreBug","Mastiff:ReiMu","champ:CalledShot"],"campfire_rested":0,"item_purchase_floors":[13,13,13,27,27,29,29,40,40,43],"current_hp_per_floor":[90,90,100,100,100,100,100,100,94,94,94,92,92,89,89,70,97,97,97,97,97,97,97,97,97,97,104,104,104,104,104,104,47,104,104,98,81,55,55,55,55,59,59,59,67,67,67,67,63,0,0,0],"gold":16,"neow_bonus":"THREE_ENEMY_KILL","is_daily":false,"chose_seed":false,"campfire_upgraded":7,"win_rate":0.0,"timestamp":1613018903,"path_taken":["R","M","?","M","?","E","T","M","M","R","?","E","?","M","M","BOSS","R","M","$","?","M","?","T","R","M","$","?","$","R","M","M","BOSS","R","M","?","M","?","$","T","E","$","?","M","$","R","?","M","BOSS"],"items_purchased_type":["Relic","Card","Card","Relic","Relic","Relic","Card","Relic","Relic","Card"],"build_version":"2020-12-22","purchased_purges":5,"victory":false,"max_hp_per_floor":[90,90,100,100,100,100,100,100,100,100,100,100,97,97,97,97,97,97,97,97,97,97,97,97,97,97,104,104,104,104,104,104,104,104,104,104,104,104,104,104,104,104,104,104,104,104,104,104,104,104,104,104],"card_choices":[{"not_picked":["champ:Haymaker","champ:DefensiveShout"],"picked":"champ:RecklessLeap","floor":2.0},{"not_picked":["champ:CrownThrow","champ:Haymaker"],"picked":"champ:RapidStrikes","floor":4.0},{"not_picked":["champ:HeartStrike","champ:Haymaker"],"picked":"champ:HoldFirm","floor":6.0},{"not_picked":["champ:PreciseThrust","champ:TornadoPunch"],"picked":"champ:DefensiveShout","floor":8.0},{"not_picked":["champ:GutPunch","champ:ShieldSlam"],"picked":"champ:ArenaPreparation","floor":9.0},{"not_picked":["champ:FanOfKnives","champ:HeartStrike"],"picked":"champ:ArenaPreparation","floor":11.0},{"not_picked":["champ:Backstep","champ:DeathBlow"],"picked":"champ:FocusedBerserking","floor":12.0},{"not_picked":["champ:Shatter","champ:Lariat"],"picked":"champ:PerfectedStrike","floor":13.0},{"not_picked":["champ:HeartStrike","champ:FancyFootwork"],"picked":"champ:StrikeOfGenius","floor":14.0},{"not_picked":["champ:Shatter","champ:GutPunch"],"picked":"champ:ArenaPreparation","floor":15.0},{"not_picked":["champ:Haymaker","champ:TornadoPunch+1"],"picked":"champ:PerfectedStrike","floor":19.0},{"not_picked":["champ:Haymaker","champ:PreciseThrust"],"picked":"champ:FancyFootwork+1","floor":20.0},{"not_picked":["champ:Lariat","champ:BringItOn","champ:BladeFlurry"],"picked":"SKIP","floor":22.0},{"not_picked":["champ:DefensiveShout","champ:Encircle","champ:BringItOn+1"],"picked":"SKIP","floor":26},{"not_picked":["champ:ArenaPreparation","champ:BerserkersShout"],"picked":"champ:FocusedBerserking+1","floor":27},{"not_picked":["champ:Circumvent+1","champ:FlashCut"],"picked":"champ:HeartStrike+1","floor":29},{"not_picked":["champ:AdrenalArmor+1","champ:FocusedBerserking","champ:CrownThrow"],"picked":"SKIP","floor":31},{"not_picked":["champ:Circumvent+1","champ:CrownThrow+1","champ:AdrenalArmor"],"picked":"SKIP","floor":32},{"not_picked":["champ:MurderStrike","champ:HoldFirm"],"picked":"champ:VampiricStrike","floor":33},{"not_picked":["champ:GutPunch","champ:Circumvent","champ:FancyFootwork"],"picked":"SKIP","floor":36},{"not_picked":["champ:SkillfulDodge+1","champ:RecklessLeap"],"picked":"champ:PerfectedStrike+1","floor":38},{"not_picked":["champ:Backstep","champ:Lariat+1"],"picked":"champ:RisingSlash","floor":42},{"not_picked":["champ:GladiatorStyle","champ:BladeFlurry+1"],"picked":"champ:ArenaPreparation+1","floor":45},{"not_picked":["champ:BringItOn+1","champ:Backstep"],"picked":"champ:FaceSlap","floor":49}],"player_experience":469938,"relics_obtained":[{"floor":5.0,"key":"champ:FightingForDummies"},{"floor":6.0,"key":"Gremlin Horn"},{"floor":7.0,"key":"Bottled Lightning"},{"floor":12.0,"key":"War Paint"},{"floor":24,"key":"Du-Vu Doll"},{"floor":37,"key":"CaptainsWheel"},{"floor":41,"key":"Omamori"},{"floor":42,"key":"Juzu Bracelet"}],"event_choices":[{"damage_healed":0,"gold_gain":0,"player_choice":"Fight","damage_taken":0,"max_hp_gain":0,"max_hp_loss":0,"event_name":"Mysterious Sphere","floor":37,"gold_loss":0},{"damage_healed":0,"gold_gain":0,"player_choice":"Ignored","damage_taken":0,"max_hp_gain":0,"max_hp_loss":0,"event_name":"OrinTheCat","floor":48,"gold_loss":0}],"is_beta":false,"boss_relics":[{"not_picked":["Cursed Key","Busted Crown"],"picked":"SlaversCollar"},{"not_picked":["Velvet Choker","Tiny House"],"picked":"Runic Pyramid"}],"items_purged_floors":[13,20,40,43,46],"is_endless":false,"potions_floor_spawned":[6,8,11,15,31,32,33,37,38],"killed_by":"IC_BLOCK_ARCHETYPE","ascension_level":0}}