{"host":"5rycm1ajjg5acc5q","time":1613010144,"event":{"mods":["BaseMod","Better Third Choice","Downfall","Highlight Path","Minty Spire (QoL Compilation)","Replay The Spire","StSLib"],"gold_per_floor":[99,109,122,140,50,83,83,83,109,129,142,160,60,235,255,360,360,260,273,273,273,284,303,303,321,321,352,369,7,7,39,57,158,158,158,177,177,193,6,26,49,61,87,87,119,19,50,73,92,92,92,120,13,13,13,13,13,13],"floor_reached":56,"language":"ENG","playtime":20600,"items_purged":["champ:Strike","Looming Evil"],"score":1457,"play_id":"9814f08b-4a84-49bd-9441-41d5ddd7c20e","local_time":"20210210202224","is_ascension_mode":true,"campfire_choices":[{"data":"champ:Taunt","floor":1,"key":"SMITH"},{"data":"champ:ShieldWall","floor":8,"key":"SMITH"},{"floor":13,"key":"RECALL"},{"data":"champ:GladiatorForm","floor":26,"key":"SMITH"},{"data":"Replay:SS_forest_2","floor":30,"key":"SMITH"},{"data":"champ:VampiricStrike","floor":35,"key":"SMITH"},{"data":"champ:UltimateStance","floor":44,"key":"SMITH"},{"data":"champ:Lariat","floor":46,"key":"SMITH"}],"circlet_count":0,"master_deck":["champ:Defend","champ:Defend","champ:Defend","champ:Defend","champ:Execute","champ:Taunt+1","champ:ShieldWall+1","champ:CalledShot+1","champ:StanceDance","champ:FlashCut","champ:EnGarde+1","champ:FocusedDefense","champ:GladiatorForm+1","champ:ShieldSlam+1","champ:TripleStrike+1","champ:DefensiveStyle","champ:Lariat+1","RitualDagger","champ:IronFortress","champ:DefensiveStyle","champ:ShieldSlam+1","champ:Duel+1","champ:RageSigil","Replay:SS_forest_2+1","champ:UltimateStance+1","champ:RisingSlash+1","champ:VampiricStrike+1","champ:ShieldSlam+1","champ:SkillfulDodge","champ:RageSigil+1","champ:Lariat+1","champ:CrookedStrike","champ:Duel+1","champ:Endure+1","champ:Parry+1","Secret Weapon","champ:Circumvent+1","champ:RageSigil","champ:RisingSlash"],"relics":["champ:ChampionCrownUpgraded","White Beast Statue","Replay:Rubber Ducky","Replay:Multitool","downfall:HeartBlessingGreen","Astrolabe","downfall:HeartBlessingRed","Quantum Egg","HornCleat","Bottled Tornado","War Paint","ReplayTheSpireMod:Ring of Addiction","Chameleon Ring","Toy Ornithopter","Ring of Searing","Replay:Mystery Machine","Centennial Puzzle","downfall:HeartBlessingBlue","Vajra","OrangePellets","Akabeko"],"acts_visited":["Exordium","TheCity","TheBeyond","TheEnding"],"potions_floor_usage":[6,9,11,15,16,23,25,28,29,31,31,33,38,38,39,42,43,45,47,48,49,50,56,56,56],"damage_taken":[{"damage":11,"enemies":"Jaw Worm","floor":2,"turns":5},{"damage":12,"enemies":"Small Slimes","floor":3,"turns":4},{"damage":10,"enemies":"2 Louse","floor":4,"turns":2},{"damage":20,"enemies":"downfall:FleeingMerchant","floor":5,"turns":4},{"damage":30,"enemies":"3 Sentries","floor":6,"turns":8},{"damage":16,"enemies":"Lagavulin","floor":9,"turns":7},{"damage":10,"enemies":"Exordium Thugs","floor":10,"turns":5},{"damage":13,"enemies":"Lots of Slimes","floor":11,"turns":3},{"damage":14,"enemies":"2 Fungi Beasts","floor":12,"turns":3},{"damage":10,"enemies":"3 Louse","floor":15,"turns":3},{"damage":45,"enemies":"IC_STATUS_ARCHETYPE","floor":16,"turns":8},{"damage":0,"enemies":"Chosen","floor":19,"turns":3},{"damage":0,"enemies":"Spheric Guardian","floor":22,"turns":5},{"damage":0,"enemies":"Snake Plant","floor":23,"turns":4},{"damage":27,"enemies":"3 Cultists","floor":25,"turns":6},{"damage":0,"enemies":"Book of Stabbing","floor":27,"turns":6},{"damage":10,"enemies":"Centurion and Healer","floor":28,"turns":7},{"damage":10,"enemies":"downfall:FleeingMerchant","floor":29,"turns":4},{"damage":30,"enemies":"Slavers","floor":31,"turns":6},{"damage":10,"enemies":"Snake Plant","floor":32,"turns":4},{"damage":45,"enemies":"WA_ARCHETYPE_CALM","floor":33,"turns":5},{"damage":40,"enemies":"Orb Walker","floor":36,"turns":4},{"damage":25,"enemies":"3 Shapes","floor":38,"turns":3},{"damage":35,"enemies":"downfall:FleeingMerchant","floor":39,"turns":4},{"damage":70,"enemies":"Maw","floor":40,"turns":6},{"damage":66,"enemies":"Sphere and 2 Shapes","floor":42,"turns":3},{"damage":65,"enemies":"Reptomancer","floor":43,"turns":6},{"damage":130,"enemies":"Nemesis","floor":45,"turns":5},{"damage":65,"enemies":"Reptomancer","floor":47,"turns":2},{"damage":60,"enemies":"downfall:FleeingMerchant","floor":48,"turns":2},{"damage":57,"enemies":"Spire Growth","floor":49,"turns":2},{"damage":145,"enemies":"DF_ARCHETYPE_ORBS","floor":50,"turns":7},{"damage":110,"enemies":"downfall:CharBossMerchant","floor":52,"turns":7},{"damage":175,"enemies":"downfall:NeowBoss","floor":55,"turns":10},{"damage":168,"enemies":"downfall:NeowBossFinal","floor":56,"turns":11}],"seed_played":"-3269586782289337736","potions_obtained":[{"floor":3,"key":"champ:CounterPotion"},{"floor":4,"key":"Regen Potion"},{"floor":6,"key":"SneckoOil"},{"floor":9,"key":"bronze:BurnAndBuffPotion"},{"floor":10,"key":"SteroidPotion"},{"floor":11,"key":"champ:UltimateStancePotion"},{"floor":12,"key":"EssenceOfSteel"},{"floor":15,"key":"Toxic Potion"},{"floor":16,"key":"Dexterity Potion"},{"floor":19,"key":"SpeedPotion"},{"floor":23,"key":"SteroidPotion"},{"floor":25,"key":"SneckoOil"},{"floor":27,"key":"sneckomod:MuddlingPotion"},{"floor":28,"key":"champ:OpenerPotion"},{"floor":29,"key":"sneckomod:MuddlingPotion"},{"floor":31,"key":"LifebloodPotion"},{"floor":32,"key":"SkillPotion"},{"floor":33,"key":"AttackPotion"},{"floor":36,"key":"Fire Potion"},{"floor":38,"key":"SteroidPotion"},{"floor":39,"key":"EssenceOfSteel"},{"floor":40,"key":"Block Potion"},{"floor":42,"key":"Dexterity Potion"},{"floor":43,"key":"Explosive Potion"},{"floor":45,"key":"Venom Potion"},{"floor":47,"key":"Fire Potion"},{"floor":48,"key":"hexamod:SoulburnPotion"},{"floor":49,"key":"Strength Potion"},{"floor":52,"key":"bronze:BurnAndBuffPotion"},{"floor":54,"key":"EssenceOfSteel"}],"is_trial":false,"path_per_floor":["R","M","M","M","$","E","T","R","E","M","M","M","R","?","M","B",null,"R","M","?","?","M","M","T","M","R","E","M","$","R","E","M","B",null,"R","M","?","M","$","M","T","M","E","R","E","R","E","?","M","B",null,"E","$","R","B","B"],"character_chosen":"THE_CHAMP","items_purchased":["Replay:SS_forest_2","Bottled Tornado","champ:SkillfulDodge","OrangePellets","Secret Weapon","champ:RageSigil","champ:RisingSlash"],"campfire_rested":0,"item_purchase_floors":[29,29,39,48,48,53,53],"current_hp_per_floor":[99,98,96,96,96,86,86,86,92,92,89,85,85,85,85,65,99,99,99,93,93,93,93,93,76,76,76,76,76,76,46,46,46,99,99,89,89,89,84,74,74,83,73,73,73,83,83,83,71,76,109,74,74,74,74,0,0,0],"gold":13,"neow_bonus":"TEN_PERCENT_HP_BONUS","is_daily":false,"chose_seed":false,"campfire_upgraded":7,"win_rate":0.0,"timestamp":1613010144,"path_taken":["R","M","M","M","$","E","T","R","E","M","M","M","R","?","M","BOSS","R","M","?","?","?","?","T","M","R","E","M","$","R","E","M","BOSS","R","M","?","M","$","M","T","M","E","R","E","R","E","?","M","BOSS","E","$","R","BOSS","BOSS"],"items_purchased_type":["Card","Relic","Card","Relic","Card","Card","Card"],"build_version":"2020-12-22","purchased_purges":2,"victory":false,"max_hp_per_floor":[99,99,99,99,99,99,99,99,99,99,99,99,99,99,99,99,99,99,99,99,99,99,99,99,99,99,99,99,99,99,99,99,99,99,99,99,99,99,99,99,99,99,99,99,99,109,109,109,109,109,109,109,109,107,107,107,107,107],"card_choices":[{"not_picked":["champ:Duel","champ:Backstep"],"picked":"champ:ShieldWall","floor":2},{"not_picked":["champ:PreciseThrust","champ:Haymaker"],"picked":"champ:CalledShot","floor":3},{"not_picked":["champ:PerfectedStrike","champ:Haymaker","champ:SetATrap"],"picked":"SKIP","floor":4},{"not_picked":["champ:FlashCut","champ:EnGarde"],"picked":"champ:StanceDance","floor":5},{"not_picked":["champ:HeavySlash","champ:Encircle"],"picked":"champ:FlashCut","floor":6},{"not_picked":["champ:Shatter","champ:Haymaker"],"picked":"champ:EnGarde","floor":9},{"not_picked":["champ:StanceDance","champ:FocusedBerserking","champ:Circumvent"],"picked":"SKIP","floor":10},{"not_picked":["champ:PerfectedStrike","champ:HeavySlash","champ:BringItOn"],"picked":"SKIP","floor":11},{"not_picked":["champ:CrookedStrike","champ:Circumvent","champ:PerfectedStrike"],"picked":"SKIP","floor":12},{"not_picked":["champ:ViciousMockery","champ:TornadoPunch"],"picked":"champ:FocusedDefense","floor":15},{"not_picked":["champ:VampiricStrike","champ:Devastate"],"picked":"champ:GladiatorForm","floor":16},{"not_picked":["champ:FlashCut","champ:HeartStrike+1"],"picked":"champ:Lariat","floor":19},{"not_picked":["champ:BerserkersShout","champ:AdrenalArmor+1"],"picked":"champ:IronFortress","floor":22},{"not_picked":["champ:Haymaker","champ:DeathBlow"],"picked":"champ:DefensiveStyle","floor":23},{"not_picked":["champ:GutPunch","champ:FanOfKnives"],"picked":"champ:ShieldSlam+1","floor":25},{"not_picked":["champ:ViciousMockery","champ:PerfectedStrike"],"picked":"champ:Duel+1","floor":27},{"not_picked":["champ:GutPunch","champ:Backstep","champ:ShieldSlam"],"picked":"SKIP","floor":28},{"not_picked":["champ:FlashCut","champ:TornadoPunch+1"],"picked":"champ:RageSigil","floor":29},{"not_picked":["champ:PreciseThrust","champ:Lariat"],"picked":"champ:UltimateStance","floor":31},{"not_picked":["champ:GladiatorStyle","champ:Duel"],"picked":"champ:RisingSlash+1","floor":32},{"not_picked":["champ:DancingMaster","champ:UltimateStance"],"picked":"champ:VampiricStrike","floor":33},{"not_picked":["champ:Circumvent","champ:PreciseThrust+1"],"picked":"champ:ShieldSlam+1","floor":36},{"not_picked":["champ:PreciseThrust+1","champ:Shatter+1","champ:TornadoPunch"],"picked":"SKIP","floor":38},{"not_picked":["champ:BladeFlurry","champ:FanOfKnives+1","champ:CrownThrow+1"],"picked":"SKIP","floor":39},{"not_picked":["champ:StanceDance+1","champ:EndlessRage+1"],"picked":"champ:RageSigil+1","floor":40},{"not_picked":["champ:ShieldSigil","champ:FanOfKnives"],"picked":"champ:Lariat+1","floor":42},{"not_picked":["champ:DeathBlow+1","champ:Circumvent+1"],"picked":"champ:CrookedStrike","floor":43},{"not_picked":["champ:ShieldWall","champ:SteelEdge"],"picked":"champ:Duel+1","floor":45},{"not_picked":["champ:PreciseThrust+1","champ:BladeFlurry+1"],"picked":"champ:Endure+1","floor":47},{"not_picked":["champ:BladeFlurry+1","champ:Circumvent"],"picked":"champ:Parry+1","floor":48},{"not_picked":["champ:BringItOn+1","champ:ShieldSigil","champ:CheapShot"],"picked":"SKIP","floor":49},{"not_picked":["champ:BerserkersShout","champ:Haymaker+1"],"picked":"champ:Circumvent+1","floor":52}],"player_experience":450032,"relics_obtained":[{"floor":6,"key":"White Beast Statue"},{"floor":7,"key":"Replay:Rubber Ducky"},{"floor":9,"key":"Replay:Multitool"},{"floor":24,"key":"Quantum Egg"},{"floor":27,"key":"HornCleat"},{"floor":31,"key":"War Paint"},{"floor":37,"key":"ReplayTheSpireMod:Ring of Addiction"},{"floor":37,"key":"Chameleon Ring"},{"floor":37,"key":"Toy Ornithopter"},{"floor":37,"key":"Ring of Searing"},{"floor":43,"key":"Replay:Mystery Machine"},{"floor":45,"key":"Centennial Puzzle"},{"floor":47,"key":"Vajra"},{"floor":52,"key":"Akabeko"}],"event_choices":[{"cards_removed":["Doubt"],"damage_healed":0,"gold_gain":0,"player_choice":"Card Removal","damage_taken":0,"max_hp_gain":0,"max_hp_loss":0,"event_name":"Wheel of Change","floor":21,"gold_loss":0}],"is_beta":false,"boss_relics":[{"not_picked":["bronze:MakeshiftBattery","Calling Bell"],"picked":"Astrolabe"},{"not_picked":["Sozu","Replay:Ancient Bell"],"picked":"champ:ChampionCrownUpgraded"}],"items_purged_floors":[5,39],"is_endless":false,"potions_floor_spawned":[3,4,6,9,10,11,12,15,16,19,22,23,25,27,28,29,31,32,33,36,38,39,40,42,43,45,47,48,49,52],"killed_by":"downfall:NeowBossFinal","ascension_level":1}}