{"host":"rtw1tnr74gozsrw1","time":1613073840,"event":{"mods":["BaseMod","Colored Map","Colored Powertips","Highlight Path","Infinite Spire","Minty Spire (QoL Compilation)","Replay The Spire","StSLib","The Cursed","The Jungle"],"gold_per_floor":[111,61,76,92,17,17,47,47,94,94,94,114,46,63,63,168,168,178,191,10,10,10,43,43,43,43],"floor_reached":25,"language":"ENG","playtime":1499,"items_purged":["TheCursedMod:Strike_TheCursed","TheCursedMod:Defend_TheCursed"],"score":219,"play_id":"1568ca06-ba80-4ed2-9063-30b45e7dc433","local_time":"20210211210400","is_ascension_mode":false,"campfire_choices":[{"data":"TheCursedMod:CursedAmulet","floor":6,"key":"SMITH"},{"data":"TheCursedMod:CleanUpWorkshop","floor":8,"key":"SMITH"},{"data":"TheCursedMod:CursedBoomerang","floor":11,"key":"SMITH"},{"data":"TheCursedMod:SpitefulPlan","floor":15,"key":"SMITH"},{"data":"TheCursedMod:CollectTribute","floor":24,"key":"SMITH"}],"circlet_count":0,"master_deck":["TheCursedMod:Strike_TheCursed","TheCursedMod:Strike_TheCursed","TheCursedMod:Defend_TheCursed","TheCursedMod:Defend_TheCursed","TheCursedMod:Defend_TheCursed","TheCursedMod:CursedWand","TheCursedMod:CleanUpWorkshop+1","TheCursedMod:CursedAmulet+1","TheCursedMod:SpitefulPlan+1","TheCursedMod:DoubleShield","TheCursedMod:CursedBoomerang+1","TheCursedMod:CursedAmulet","TheCursedMod:Hemoplague","TheCursedMod:HellfireBreathing","TheCursedMod:CollectTribute+1","TheCursedMod:AshesToAshes","TheCursedMod:CursedArmor","TheCursedMod:CursedSpellbook+1"],"relics":["TheCursedMod:BlackMagic101","NeowsBlessing","Durian","Blood Vial","Cursed Key","PreservedInsect"],"acts_visited":["Exordium","TheCity"],"potions_floor_usage":[],"damage_taken":[{"damage":0,"enemies":"Jaw Worm","floor":1,"turns":1},{"damage":0,"enemies":"Cultist","floor":3,"turns":1},{"damage":0,"enemies":"2 Louse","floor":4,"turns":2},{"damage":13,"enemies":"3 Sentries","floor":7,"turns":14},{"damage":2,"enemies":"Lots of Slimes","floor":12,"turns":5},{"damage":0,"enemies":"Exordium Thugs","floor":14,"turns":5},{"damage":29,"enemies":"Fading Forest","floor":16,"turns":11},{"damage":4,"enemies":"Shell Parasite","floor":18,"turns":5},{"damage":7,"enemies":"Chosen","floor":19,"turns":5},{"damage":22,"enemies":"Gremlin Leader","floor":23,"turns":7},{"damage":161,"enemies":"Book of Stabbing","floor":25,"turns":3}],"seed_played":"-5984200232030479608","potions_obtained":[{"floor":7,"key":"LiquidBronze"},{"floor":12,"key":"EntropicBrew"},{"floor":18,"key":"Fire Potion"},{"floor":19,"key":"Elixir"}],"is_trial":false,"path_per_floor":["M","?","M","M","$","R","E","R","T","?","R","M","$","M","R","B",null,"M","M","$","$","?","E","R","E"],"character_chosen":"THE_CURSED","items_purchased":["TheCursedMod:Hemoplague","TheCursedMod:CursedArmor"],"campfire_rested":0,"item_purchase_floors":[13,20],"current_hp_per_floor":[75,75,75,75,75,75,67,67,67,67,67,67,67,69,69,60,80,76,71,71,71,71,51,51,0,0],"gold":43,"neow_bonus":"THREE_ENEMY_KILL","is_daily":false,"chose_seed":false,"campfire_upgraded":5,"win_rate":0.0,"timestamp":1613073840,"path_taken":["M","?","M","M","$","R","E","R","T","?","R","M","$","M","R","BOSS","M","M","?","$","?","E","R","E"],"items_purchased_type":["Card","Card"],"build_version":"2020-12-22","purchased_purges":2,"victory":false,"max_hp_per_floor":[75,75,75,75,75,75,80,80,80,80,80,80,80,80,80,80,80,80,80,80,80,80,80,80,80,80],"card_choices":[{"not_picked":["TheCursedMod:Obscuration","TheCursedMod:Wield"],"picked":"TheCursedMod:CursedAmulet","floor":1},{"not_picked":["TheCursedMod:Obscuration","TheCursedMod:SpitefulStrike"],"picked":"TheCursedMod:SpitefulPlan","floor":3},{"not_picked":["TheCursedMod:CursedShiv","TheCursedMod:PrepareRite"],"picked":"TheCursedMod:DoubleShield","floor":4},{"not_picked":["TheCursedMod:Wield","TheCursedMod:Stretching"],"picked":"TheCursedMod:CursedBoomerang","floor":7},{"not_picked":["TheCursedMod:BloodBarrier","TheCursedMod:SoulReap"],"picked":"TheCursedMod:CursedAmulet","floor":12},{"not_picked":["TheCursedMod:CircleOfFlame","TheCursedMod:SpitefulStrike"],"picked":"TheCursedMod:HellfireBreathing","floor":14},{"not_picked":["TheCursedMod:DemonSword","TheCursedMod:UltimatePain"],"picked":"TheCursedMod:CollectTribute","floor":16},{"not_picked":["TheCursedMod:SpitefulPray","TheCursedMod:SurpriseAttack","TheCursedMod:RavingStaff"],"picked":"SKIP","floor":18},{"not_picked":["TheCursedMod:Stigma+1","TheCursedMod:SpitefulPlan"],"picked":"TheCursedMod:AshesToAshes","floor":19},{"not_picked":["TheCursedMod:SoulReap","TheCursedMod:BlessingInDisguise"],"picked":"TheCursedMod:CursedSpellbook+1","floor":23}],"player_experience":135367,"relics_obtained":[{"floor":7,"key":"Durian"},{"floor":9,"key":"Blood Vial"},{"floor":23,"key":"PreservedInsect"}],"event_choices":[{"cards_removed":["TheCursedMod:Strike_TheCursed"],"damage_healed":0,"gold_gain":0,"player_choice":"Card Removal","damage_taken":0,"max_hp_gain":0,"max_hp_loss":0,"event_name":"The Cleric","floor":2,"gold_loss":50},{"cards_removed":["TheCursedMod:Dregs"],"damage_healed":0,"gold_gain":0,"player_choice":"Removed Curses","damage_taken":0,"max_hp_gain":0,"max_hp_loss":0,"event_name":"Fountain of Cleansing","floor":10,"gold_loss":0},{"damage_healed":0,"gold_gain":0,"player_choice":"Ignored","damage_taken":0,"max_hp_gain":0,"max_hp_loss":0,"event_name":"Cursed Tome","floor":22,"gold_loss":0}],"is_beta":false,"boss_relics":[{"not_picked":["Astrolabe","Philosopher\u0027s Stone"],"picked":"Cursed Key"}],"items_purged_floors":[5,20],"is_endless":false,"potions_floor_spawned":[7,12,18,19],"killed_by":"Book of Stabbing","ascension_level":0}}