{"host":"rhakyh2m1vy6smuu","time":1613055163,"event":{"mods":["BaseMod","Minty Spire (QoL Compilation)","StSLib","The Cursed"],"gold_per_floor":[20,20,90,52,63,89,89,108,108,108,141,157,177,193,193,288,288,306,306,306,320,333,333,366,366,391,391,420,420,448,448,448,549,549,567,579,629,646,646,646,646,646,646,305,323,323,342,376,376,376,376,376,51,77,77],"floor_reached":56,"language":"ENG","playtime":4457,"items_purged":[],"score":1478,"play_id":"3ef077bd-2ede-4614-ae70-c52974c90bc3","local_time":"20210211075243","is_ascension_mode":true,"campfire_choices":[{"data":"TheCursedMod:LuckyCharm","floor":7.0,"key":"SMITH"},{"data":"TheCursedMod:DemonicPact","floor":10.0,"key":"SMITH"},{"data":"TheCursedMod:AbyssShockwave","floor":15.0,"key":"SMITH"},{"data":"TheCursedMod:Stigma","floor":23.0,"key":"SMITH"},{"data":"TheCursedMod:CursedBoomerang","floor":32.0,"key":"SMITH"},{"data":"TheCursedMod:SaltUponWound","floor":40.0,"key":"SMITH"},{"data":"TheCursedMod:CleanUpWorkshop","floor":42.0,"key":"SMITH"},{"data":"TheCursedMod:SoulCrush","floor":46.0,"key":"SMITH"},{"floor":49.0,"key":"RECALL"},{"data":"TheCursedMod:CursedWand","floor":52.0,"key":"SMITH"}],"circlet_count":0,"master_deck":["TheCursedMod:Strike_TheCursed","TheCursedMod:Defend_TheCursed","TheCursedMod:Defend_TheCursed","TheCursedMod:CursedWand+1","TheCursedMod:CleanUpWorkshop+1","TheCursedMod:Dregs","TheCursedMod:SaltUponWound+1","TheCursedMod:AbyssShockwave+1","TheCursedMod:LuckyCharm+1","TheCursedMod:SoulCrush+1","TheCursedMod:HellsGateOpen","TheCursedMod:RapidMovement+1","TheCursedMod:DemonicPact+1","TheCursedMod:SpitefulPray+1","TheCursedMod:FleshFromBone+1","TheCursedMod:NeowsMight+1","TheCursedMod:Evocation+1","TheCursedMod:NeowsMight+1","TheCursedMod:Stigma+1","TheCursedMod:CircleOfWindfury+1","TheCursedMod:CursedAmulet+1","TheCursedMod:FleshFromBone+1","TheCursedMod:CursedBoomerang+1","TheCursedMod:WearCloak+1","Shame","TheCursedMod:CollectTribute","TheCursedMod:Grudge+1","TheCursedMod:CursedBoomerang+1","TheCursedMod:Grudge+1","TheCursedMod:Grudge+1","Secret Technique+1","Impatience+1","TheCursedMod:SpreadPlague+1","TheCursedMod:Torture+1"],"relics":["TheCursedMod:BlackMagicAdvanced","Toxic Egg 2","Bottled Tornado","Shuriken","Pantograph","MutagenicStrength","Centennial Puzzle","StoneCalendar","Vajra","CaptainsWheel","Dream Catcher","Coffee Dripper","TheCursedMod:SoulVessel","Pear","Sundial","Pocketwatch","TheCursedMod:DemonicMark","Kunai"],"acts_visited":["Exordium","TheCity","TheBeyond","TheEnding"],"potions_floor_usage":[54,55],"damage_taken":[{"damage":2.0,"enemies":"Jaw Worm","floor":1.0,"turns":4.0},{"damage":0.0,"enemies":"Cultist","floor":5.0,"turns":3.0},{"damage":29.0,"enemies":"Gremlin Nob","floor":6.0,"turns":5.0},{"damage":0.0,"enemies":"2 Louse","floor":8.0,"turns":3.0},{"damage":0.0,"enemies":"Lagavulin","floor":11.0,"turns":7.0},{"damage":7.0,"enemies":"2 Fungi Beasts","floor":12.0,"turns":4.0},{"damage":3.0,"enemies":"Exordium Thugs","floor":13.0,"turns":3.0},{"damage":0.0,"enemies":"Blue Slaver","floor":14.0,"turns":3.0},{"damage":10.0,"enemies":"Hexaghost","floor":16.0,"turns":6.0},{"damage":0.0,"enemies":"3 Byrds","floor":18.0,"turns":2.0},{"damage":0.0,"enemies":"2 Thieves","floor":21.0,"turns":4.0},{"damage":0.0,"enemies":"3 Cultists","floor":22.0,"turns":2.0},{"damage":5.0,"enemies":"Book of Stabbing","floor":24.0,"turns":5.0},{"damage":0.0,"enemies":"Gremlin Leader","floor":28.0,"turns":3.0},{"damage":29.0,"enemies":"Slavers","floor":30.0,"turns":7.0},{"damage":2.0,"enemies":"Collector","floor":33.0,"turns":8.0},{"damage":0.0,"enemies":"Orb Walker","floor":35.0,"turns":4.0},{"damage":4.0,"enemies":"3 Darklings","floor":36.0,"turns":4.0},{"damage":8.0,"enemies":"Mind Bloom Boss Battle","floor":37.0,"turns":3.0},{"damage":14.0,"enemies":"Maw","floor":38.0,"turns":5.0},{"damage":8.0,"enemies":"4 Shapes","floor":45.0,"turns":1.0},{"damage":3.0,"enemies":"3 Darklings","floor":47.0,"turns":2.0},{"damage":0.0,"enemies":"Reptomancer","floor":48.0,"turns":5.0},{"damage":2.0,"enemies":"Awakened One","floor":50.0,"turns":9.0},{"damage":16,"enemies":"Shield and Spear","floor":54,"turns":3},{"damage":31,"enemies":"The Heart","floor":55,"turns":6}],"seed_played":"1865484801460612226","potions_obtained":[{"floor":1.0,"key":"CultistPotion"},{"floor":11.0,"key":"Ancient Potion"},{"floor":12.0,"key":"SteroidPotion"},{"floor":14.0,"key":"SpeedPotion"},{"floor":24.0,"key":"GamblersBrew"},{"floor":36.0,"key":"SpeedPotion"},{"floor":48.0,"key":"TheCursedMod:DregsPotion"}],"is_trial":false,"path_per_floor":["M","?","T","$","M","E","R","M","T","R","E","M","M","M","R","B",null,"M","?","?","M","M","R","E","?","T","?","E","?","E","?","R","B",null,"M","M","?","M","?","R","?","R","T","$","M","R","M","E","R","B",null,"R","$","E","B",null],"character_chosen":"THE_CURSED","items_purchased":["TheCursedMod:HellsGateOpen","Sundial","Impatience+1","TheCursedMod:DemonicMark","LiquidMemories"],"campfire_rested":0,"item_purchase_floors":[4,44,44,53,53],"current_hp_per_floor":[73,73,73,73,73,44,44,44,44,44,44,37,34,34,34,49,75,75,75,75,75,75,75,70,70,70,70,70,70,41,41,41,64,75,75,71,67,70,70,70,70,70,80,80,72,72,76,85,85,85,85,85,85,76,67],"gold":77,"neow_bonus":"TRANSFORM_TWO_CARDS","is_daily":false,"chose_seed":false,"campfire_upgraded":9,"win_rate":0.0,"timestamp":1613055163,"path_taken":["M","?","?","?","M","E","R","?","T","R","E","M","M","M","R","BOSS","M","?","?","M","?","R","E","?","T","?","E","?","E","?","R","BOSS","M","M","?","M","?","R","?","R","T","$","M","R","M","E","R","BOSS","R","$","E","BOSS"],"items_purchased_type":["Card","Relic","Card","Relic","Potion"],"build_version":"2020-12-22","purchased_purges":0,"victory":true,"max_hp_per_floor":[75,75,75,75,75,75,75,75,75,75,75,75,75,75,75,75,75,75,75,75,75,75,75,75,75,75,75,75,75,75,75,75,75,75,75,75,75,75,75,75,75,75,85,85,85,85,85,85,85,85,85,85,85,85,85],"card_choices":[{"not_picked":["TheCursedMod:CursedStaff","TheCursedMod:SpitefulPlan"],"picked":"TheCursedMod:LuckyCharm","floor":1.0},{"not_picked":["TheCursedMod:Wield","TheCursedMod:CircleOfCorruption+1"],"picked":"TheCursedMod:RapidMovement+1","floor":5.0},{"not_picked":["TheCursedMod:Mangle","TheCursedMod:CursedBlade"],"picked":"TheCursedMod:DemonicPact","floor":6.0},{"not_picked":["TheCursedMod:Torture+1","TheCursedMod:Stigma"],"picked":"TheCursedMod:SpitefulPray+1","floor":8.0},{"not_picked":["TheCursedMod:CursedMace","TheCursedMod:CursedAmulet+1"],"picked":"TheCursedMod:FleshFromBone+1","floor":11.0},{"not_picked":["TheCursedMod:RapidMovement+1","TheCursedMod:SaltUponWound+1"],"picked":"TheCursedMod:NeowsMight+1","floor":12.0},{"not_picked":["TheCursedMod:CursedBlade","TheCursedMod:RavingStaff"],"picked":"TheCursedMod:Evocation+1","floor":13.0},{"not_picked":["TheCursedMod:ReleasedKnowledge+1","TheCursedMod:TacticalStrike","TheCursedMod:SurpriseAttack"],"picked":"SKIP","floor":14.0},{"not_picked":["TheCursedMod:Neurasthenia+1","TheCursedMod:UltimatePain+1"],"picked":"TheCursedMod:NeowsMight+1","floor":16.0},{"not_picked":["TheCursedMod:SpitefulStrike","TheCursedMod:TacticalStrike"],"picked":"TheCursedMod:Stigma","floor":18.0},{"not_picked":["TheCursedMod:CursedShiv","TheCursedMod:CursedMace+1"],"picked":"TheCursedMod:CircleOfWindfury+1","floor":21.0},{"not_picked":["TheCursedMod:CursedBlade+1","TheCursedMod:RavingStaff"],"picked":"TheCursedMod:CursedAmulet+1","floor":22.0},{"not_picked":["TheCursedMod:Evocation+1","TheCursedMod:CircleOfFlame+1"],"picked":"TheCursedMod:FleshFromBone+1","floor":24.0},{"not_picked":["TheCursedMod:AshesToAshes+1","TheCursedMod:Stretching+1"],"picked":"TheCursedMod:WearCloak+1","floor":28.0},{"not_picked":["TheCursedMod:FuryStrike","TheCursedMod:Stigma","TheCursedMod:Obscuration+1"],"picked":"SKIP","floor":30.0},{"not_picked":["TheCursedMod:OutForBlood","TheCursedMod:CircleOfAbyss+1"],"picked":"TheCursedMod:CollectTribute","floor":33.0},{"not_picked":["TheCursedMod:EmpowerCircles","TheCursedMod:CircleOfFlame+1"],"picked":"TheCursedMod:Grudge+1","floor":35.0},{"not_picked":["TheCursedMod:Wield+1","TheCursedMod:SurpriseAttack"],"picked":"TheCursedMod:CursedBoomerang+1","floor":36.0},{"not_picked":["TheCursedMod:SpitefulStrike+1","TheCursedMod:TacticalStrike+1"],"picked":"TheCursedMod:Grudge+1","floor":37.0},{"not_picked":["TheCursedMod:CircleOfFlame+1","TheCursedMod:FleshFromBone+1"],"picked":"TheCursedMod:Grudge+1","floor":38.0},{"not_picked":["Mind Blast","Metamorphosis+1"],"picked":"Secret Technique+1","floor":41.0},{"not_picked":["TheCursedMod:AshesToAshes+1","TheCursedMod:Stretching+1","TheCursedMod:CircleOfAmplification+1"],"picked":"SKIP","floor":45.0},{"not_picked":["TheCursedMod:WearCloak+1","TheCursedMod:CircleOfBlood+1","TheCursedMod:Wield"],"picked":"SKIP","floor":47.0},{"not_picked":["TheCursedMod:Wield+1","TheCursedMod:DemonicPact"],"picked":"TheCursedMod:SpreadPlague+1","floor":48.0},{"not_picked":["TheCursedMod:FleshFromBone+1","TheCursedMod:EmpowerCircles+1"],"picked":"TheCursedMod:Torture+1","floor":54}],"player_experience":1549927,"relics_obtained":[{"floor":3.0,"key":"Toxic Egg 2"},{"floor":6.0,"key":"Bottled Tornado"},{"floor":9.0,"key":"Shuriken"},{"floor":11.0,"key":"Pantograph"},{"floor":24.0,"key":"Centennial Puzzle"},{"floor":28.0,"key":"StoneCalendar"},{"floor":30.0,"key":"CaptainsWheel"},{"floor":37.0,"key":"TheCursedMod:SoulVessel"},{"floor":43.0,"key":"Pear"},{"floor":48.0,"key":"Pocketwatch"},{"floor":54,"key":"Kunai"}],"event_choices":[{"damage_healed":0.0,"max_hp_gain":0.0,"max_hp_loss":0.0,"gold_gain":0.0,"cards_transformed":["TheCursedMod:Defend_TheCursed"],"event_name":"Living Wall","player_choice":"Change","floor":2.0,"gold_loss":0.0,"damage_taken":0.0,"cards_obtained":["TheCursedMod:SoulCrush"]},{"damage_healed":0.0,"max_hp_gain":0.0,"max_hp_loss":0.0,"gold_gain":0.0,"event_name":"Drug Dealer","player_choice":"Inject Mutagens","floor":19.0,"gold_loss":0.0,"damage_taken":0.0,"relics_obtained":["MutagenicStrength"]},{"cards_removed":["TheCursedMod:Strike_TheCursed"],"damage_healed":0.0,"max_hp_gain":0.0,"max_hp_loss":0.0,"gold_gain":0.0,"event_name":"Wheel of Change","player_choice":"Card Removal","floor":20.0,"gold_loss":0.0,"damage_taken":0.0},{"damage_healed":0.0,"max_hp_gain":0.0,"max_hp_loss":0.0,"gold_gain":0.0,"event_name":"The Library","player_choice":"Read","floor":25.0,"gold_loss":0.0,"damage_taken":0.0,"cards_obtained":["TheCursedMod:CursedBoomerang"]},{"damage_healed":0.0,"max_hp_gain":0.0,"max_hp_loss":0.0,"gold_gain":0.0,"event_name":"Ghosts","player_choice":"Ignored","floor":27.0,"gold_loss":0.0,"damage_taken":0.0},{"damage_healed":0.0,"max_hp_gain":0.0,"max_hp_loss":0.0,"gold_gain":0.0,"event_name":"The Mausoleum","player_choice":"Opened","floor":29.0,"gold_loss":0.0,"damage_taken":0.0,"relics_obtained":["Vajra"]},{"damage_healed":0.0,"max_hp_gain":0.0,"max_hp_loss":0.0,"gold_gain":0.0,"event_name":"Addict","player_choice":"Stole Relic","floor":31.0,"gold_loss":0.0,"damage_taken":0.0,"relics_obtained":["Dream Catcher"],"cards_obtained":["Shame"]},{"damage_healed":0.0,"max_hp_gain":0.0,"max_hp_loss":0.0,"gold_gain":0.0,"event_name":"MindBloom","player_choice":"Fight","floor":37.0,"gold_loss":0.0,"damage_taken":0.0},{"cards_removed":["TheCursedMod:Defend_TheCursed"],"damage_healed":0.0,"max_hp_gain":0.0,"max_hp_loss":0.0,"gold_gain":0.0,"event_name":"Falling","player_choice":"Removed Skill","floor":39.0,"gold_loss":0.0,"damage_taken":0.0},{"damage_healed":0.0,"max_hp_gain":0.0,"max_hp_loss":0.0,"gold_gain":0.0,"event_name":"SensoryStone","player_choice":"Memory 1","floor":41.0,"gold_loss":0.0,"damage_taken":0.0}],"is_beta":false,"boss_relics":[{"not_picked":["Velvet Choker","Snecko Eye"],"picked":"TheCursedMod:BlackMagicAdvanced"},{"not_picked":["SlaversCollar","Pandora\u0027s Box"],"picked":"Coffee Dripper"}],"items_purged_floors":[],"is_endless":false,"potions_floor_spawned":[1,11,12,14,18,24,28,36,37,48],"ascension_level":3}}