{"host":"nlbr7nnijupf3yfg","time":1613078034,"event":{"mods":["AchievementEnabler","BaseMod","Colored Powertips","Hubris","Minty Spire (QoL Compilation)","Replay The Spire","StSLib","SuperFastMode"],"gold_per_floor":[110,110,129,148,148,177,177,203,203,203,203,203,241,541,541,541,541],"floor_reached":16,"language":"ENG","playtime":206,"items_purged":[],"score":168,"play_id":"179f88d1-4b1e-400f-b9d8-29a19950e23c","local_time":"20210211161354","is_ascension_mode":true,"campfire_choices":[{"floor":7,"key":"REST"},{"floor":10,"key":"REST"},{"floor":12,"key":"REST"},{"floor":15,"key":"REST"}],"circlet_count":0,"master_deck":["Strike_R+1","Strike_R+1","Strike_R","Strike_R","Strike_R","Defend_R","Defend_R","Defend_R","Defend_R","Bash","Searing Blow+1","Flex","Reaper","Spot Weakness","Injury"],"relics":["Burning Blood","NeowsBlessing","White Beast Statue","Tiny Chest","hubris:GlazedTorus","Golden Idol","Iron Hammer","Old Coin"],"acts_visited":["Exordium"],"potions_floor_usage":[16,16,16],"damage_taken":[{"damage":0,"enemies":"2 Louse","floor":1,"turns":1},{"damage":0,"enemies":"Cultist","floor":3,"turns":1},{"damage":0,"enemies":"Jaw Worm","floor":4,"turns":1},{"damage":40,"enemies":"3 Sentries","floor":6,"turns":7},{"damage":59,"enemies":"Lagavulin","floor":8,"turns":7},{"damage":36,"enemies":"Gremlin Nob","floor":13,"turns":4},{"damage":61,"enemies":"Hexaghost","floor":16,"turns":9}],"seed_played":"1208307024768089907","potions_obtained":[{"floor":4,"key":"Venom Potion"},{"floor":8,"key":"Swift Potion"},{"floor":13,"key":"Dexterity Potion"}],"is_trial":false,"path_per_floor":["M","?","M","M","?","E","R","E","T","R","?","R","E","T","R","B"],"character_chosen":"IRONCLAD","items_purchased":[],"campfire_rested":4,"item_purchase_floors":[],"current_hp_per_floor":[78,78,80,80,64,30,54,7,7,31,31,55,34,34,58,0,0],"gold":541,"neow_bonus":"THREE_ENEMY_KILL","is_daily":false,"chose_seed":false,"campfire_upgraded":0,"win_rate":0.0,"timestamp":1613078034,"path_taken":["M","?","?","M","?","E","R","E","T","R","?","R","E","?","R","BOSS"],"items_purchased_type":[],"build_version":"2020-12-22","purchased_purges":0,"victory":false,"max_hp_per_floor":[80,80,80,80,80,80,80,80,80,80,80,80,80,80,80,80,80],"card_choices":[{"not_picked":["Replay:Undeath\u0027s Touch","ReplayTheSpireMod:Muscle Training"],"picked":"Searing Blow","floor":1},{"not_picked":["Heavy Blade","Fire Breathing","ReplayTheSpireMod:Strike From Hell"],"picked":"SKIP","floor":3},{"not_picked":["Anger","Body Slam"],"picked":"Flex","floor":4},{"not_picked":["Havoc","Run Through"],"picked":"Reaper","floor":6},{"not_picked":["Rampage","Body Slam"],"picked":"Spot Weakness","floor":8},{"not_picked":["Disarm","Entrench","Warcry"],"picked":"SKIP","floor":13}],"player_experience":51454,"relics_obtained":[{"floor":6,"key":"White Beast Statue"},{"floor":8,"key":"Tiny Chest"},{"floor":9,"key":"hubris:GlazedTorus"},{"floor":13,"key":"Iron Hammer"},{"floor":14,"key":"Old Coin"}],"event_choices":[{"damage_healed":0,"gold_gain":0,"player_choice":"Upgraded","damage_taken":0,"max_hp_gain":0,"max_hp_loss":0,"event_name":"Upgrade Shrine","floor":2,"gold_loss":0,"cards_upgraded":["Searing Blow"]},{"damage_healed":0,"gold_gain":0,"player_choice":"Entered Light","damage_taken":16,"max_hp_gain":0,"max_hp_loss":0,"event_name":"Shining Light","floor":5,"gold_loss":0,"cards_upgraded":["Strike_R","Strike_R"]},{"damage_healed":0,"gold_gain":0,"player_choice":"Take Wound","damage_taken":0,"relics_obtained":["Golden Idol"],"max_hp_gain":0,"max_hp_loss":0,"event_name":"Golden Idol","floor":11,"gold_loss":0,"cards_obtained":["Injury"]}],"is_beta":false,"boss_relics":[],"items_purged_floors":[],"is_endless":false,"potions_floor_spawned":[4,8,13],"killed_by":"Hexaghost","ascension_level":9}}