{"host":"fortuna","time":1613064642,"event":{"mods":["100% Spire Juice","Act Like it!","Arknights","BaseMod","CapriCore","Gensokyo","Hallownest","Koishi","Minty Spire (QoL Compilation)","MostiFishMod","Reimu£®≤©¿ˆ¡È√Œ£©","Relic Stats","StSLib","The Animator","The Bug Knight","The Immortal","Waifu the Spire","WarShipGirlsR/’ΩΩ¢…Ÿ≈ÆR mod","Yakumo Yukari mod"],"gold_per_floor":[113,193,48,64,64,99,99,118,118,118,152,164,209,221,233,346,358,380,17,42,154,182,223,235,565,577,589,634,646,671,683,695,1465,1477,1501,1523,1535,700,731,773,785,830,842,882,1106,1145,1863,1889,1901,2524],"floor_reached":51,"language":"ZHS","playtime":1801,"items_purged":[],"score":1318,"play_id":"ee325a63-1e63-465e-ac7f-d243cf3a08b4","local_time":"20210212013042","is_ascension_mode":true,"campfire_choices":[{"data":"CardOfSanctity:ReiMu","floor":7.0,"key":"SMITH"},{"data":"RainPray2:ReiMu","floor":10.0,"key":"SMITH"},{"data":"LovePray:ReiMu","floor":15.0,"key":"SMITH"},{"data":"Crusade:ReiMu","floor":24,"key":"SMITH"},{"data":"CleanRite:ReiMu","floor":27,"key":"SMITH"},{"data":"Gensokyo:MonkeysPaw","floor":32,"key":"SMITH"},{"floor":49,"key":"REST"}],"circlet_count":0,"master_deck":["Strike_Lin:ReiMu","Defend_Lin:ReiMu","Defend_Lin:ReiMu","Defend_Lin:ReiMu","NB:ReiMu","Stagnation:ReiMu","SpreadBorder2:ReiMu","RainPray2:ReiMu+1","CardOfSanctity:ReiMu+1","AirStrike:ReiMu","LovePray:ReiMu+1","Gensokyo:CrescentMoonSlash","SubAcupoint:ReiMu","Clumsy","CleanRite:ReiMu+1","Dreaming2:ReiMu","UpKicking:ReiMu","EmergencyTakeOff:ReiMu","Crusade:ReiMu+1","Dreaming:ReiMu+1","FantasyMoon:ReiMu","FineLineFantasy:ReiMu","PhosphorusFlame:ReiMu","Gensokyo:MonkeysPaw+1","YinYang:ReiMu+1","RainPray2:ReiMu","AirManeuver:ReiMu","Gensokyo:LockedMedkit","Gensokyo:RustyChest","Gensokyo:ScrapIron","Amulet:ReiMu","Shading:ReiMu+1"],"relics":["FlyPower:ReiMu","DaveBox","BionicSphere","SynthV:TestCard","SentryEyes","Civilization","Gremlin Horn","HollowMod:StagPassRelic","MawBank","WingedGreaves","Gensokyo:NagashiBinaDoll","NightmareShop","ChiLing","Chi","Ling","BrkXgEgg","DaCapo","Pocketwatch","Oddly Smooth Stone","DianPoetry","StoneCalendar","PatriotShield","Ice Cream","CheatingSign:ReiMu","Chemical X","Strange Spoon","DiscerningMonocle","Ginger","Tea:ReiMu","Singing Bowl","ThornShield","Ancient Tea Set","Eternal Feather"],"acts_visited":["Gensokyo:Gensokyo","Gensokyo:Gensokyoer","Gensokyo:Gensokyoest"],"potions_floor_usage":[],"damage_taken":[{"damage":11.0,"enemies":"Gensokyo:2_Kodama","floor":1.0,"turns":5.0},{"damage":1.0,"enemies":"Gensokyo:Python","floor":4.0,"turns":2.0},{"damage":0.0,"enemies":"Gensokyo:Cirno","floor":6.0,"turns":4.0},{"damage":0.0,"enemies":"Gensokyo:Gryphon","floor":8.0,"turns":2.0},{"damage":0.0,"enemies":"Gensokyo:Mamizou","floor":11.0,"turns":4.0},{"damage":0.0,"enemies":"Gensokyo:Aya","floor":13.0,"turns":3.0},{"damage":12.0,"enemies":"Gensokyo:Kokoro","floor":16.0,"turns":6.0},{"damage":0.0,"enemies":"Gensokyo:3_Dogs","floor":18.0,"turns":2.0},{"damage":1,"enemies":"Gensokyo:AngelMirror","floor":20,"turns":1},{"damage":9,"enemies":"Gensokyo:AngelMirror","floor":21,"turns":5},{"damage":0,"enemies":"Gensokyo:Monolith_and_Dog","floor":22,"turns":1},{"damage":0,"enemies":"Gensokyo:Koishi","floor":23,"turns":2},{"damage":3,"enemies":"Gensokyo:Wraith","floor":25,"turns":4},{"damage":3,"enemies":"Gensokyo:Reisen","floor":28,"turns":3},{"damage":1,"enemies":"Gensokyo:Mirror_and_Dog","floor":30,"turns":2},{"damage":53,"enemies":"Gensokyo:Kaguya","floor":33,"turns":4},{"damage":0,"enemies":"Gensokyo:3_Boulders","floor":35,"turns":1},{"damage":0,"enemies":"Gensokyo:3_Bats","floor":36,"turns":2},{"damage":0,"enemies":"Gensokyo:SeedOfUnknown","floor":39,"turns":1},{"damage":1,"enemies":"Gensokyo:Kasen","floor":40,"turns":3},{"damage":2,"enemies":"Gensokyo:Marisa","floor":42,"turns":2},{"damage":2,"enemies":"Gensokyo:Kasen","floor":44,"turns":2},{"damage":0,"enemies":"Gensokyo:3_Boulders","floor":45,"turns":1},{"damage":0,"enemies":"Gensokyo:Doremy","floor":46,"turns":2},{"damage":52,"enemies":"Gensokyo:Marisa","floor":47,"turns":3},{"damage":0,"enemies":"Gensokyo:Dusk_and_Dawn","floor":48,"turns":1},{"damage":49,"enemies":"Gensokyo:Yuyuko","floor":50,"turns":2}],"seed_played":"-4451264993105696935","potions_obtained":[{"floor":1.0,"key":"Energy Potion"},{"floor":8.0,"key":"HakureiPotion:ReiMu"},{"floor":13.0,"key":"Explosive Potion"}],"is_trial":false,"path_per_floor":["M","?","$","M","?","E","R","M","T","R","E","?","E","?","R","B",null,"M","COS","M","?","M","E","R","M","T","R","E","$","M","?","R","B",null,"M","M","?","COS","M","E","?","E","T","E","M","E","E","M","R","B",null],"character_chosen":"REIMU","items_purchased":["Civilization"],"campfire_rested":1,"item_purchase_floors":[3],"current_hp_per_floor":[54,54,54,54,28,29,29,31,31,31,34,24,28,28,28,21,81,86,86,90,86,91,96,96,98,98,98,100,100,104,104,104,56,114,119,124,75,75,80,84,84,87,87,92,97,104,59,66,135,135],"gold":2536,"neow_bonus":"ONE_RARE_RELIC","is_daily":false,"chose_seed":false,"campfire_upgraded":6,"win_rate":0.0,"timestamp":1613064642,"path_taken":["M","?","$","M","?","E","R","M","T","R","E","?","E","?","R","BOSS","M","COS","?","?","M","E","R","M","T","R","E","$","?","?","R","BOSS","M","M","?","COS","?","E","?","E","T","E","M","E","E","M","R","BOSS"],"items_purchased_type":["Relic"],"build_version":"2020-12-18","purchased_purges":0,"victory":true,"max_hp_per_floor":[65,65,65,66,66,67,67,69,69,69,72,72,76,76,76,81,81,86,86,91,96,101,106,106,111,111,111,116,116,121,109,109,114,114,119,124,124,124,129,134,134,139,139,146,151,158,165,172,172,177],"relic_stats":{"Strange Spoon":[7],"Gremlin Horn":[27,28],"Singing Bowl":8,"counters":[27,68],"StoneCalendar":[0],"Eternal Feather":18,"Chemical X":[1],"Ginger":[2],"MawBank":480,"obtain_stats":[{"Ice Cream":37,"PatriotShield":34,"DaveBox":0,"Gremlin Horn":6,"Singing Bowl":43,"Chi":19,"DianPoetry":23,"DiscerningMonocle":38,"Tea:ReiMu":42,"StoneCalendar":28,"Gensokyo:NagashiBinaDoll":14,"Ginger":40,"HollowMod:StagPassRelic":9,"Ancient Tea Set":46,"Civilization":3,"Frozen Eye":23,"NightmareShop":17,"WingedGreaves":13,"DaCapo":21,"Chemical X":38,"Oddly Smooth Stone":23,"Eternal Feather":47,"BrkXgEgg":19,"MawBank":11,"ThornShield":44,"Strange Spoon":38,"Ling":19,"SynthV:TestCard":1,"BionicSphere":0,"SentryEyes":1,"CheatingSign:ReiMu":38,"FlyPower:ReiMu":0,"ChiLing":19,"Pocketwatch":21},{"Ice Cream":18,"PatriotShield":16,"DaveBox":0,"Gremlin Horn":3,"Singing Bowl":21,"Chi":8,"DianPoetry":12,"DiscerningMonocle":18,"Tea:ReiMu":21,"StoneCalendar":14,"Gensokyo:NagashiBinaDoll":6,"Ginger":20,"HollowMod:StagPassRelic":4,"Ancient Tea Set":24,"Civilization":1,"Frozen Eye":11,"NightmareShop":7,"WingedGreaves":6,"DaCapo":10,"Chemical X":18,"Oddly Smooth Stone":12,"Eternal Feather":25,"BrkXgEgg":8,"MawBank":5,"ThornShield":22,"Strange Spoon":18,"Ling":8,"SynthV:TestCard":1,"BionicSphere":0,"SentryEyes":1,"CheatingSign:ReiMu":18,"FlyPower:ReiMu":0,"ChiLing":8,"Pocketwatch":10},{"Ice Cream":51,"PatriotShield":49,"DaveBox":0,"Gremlin Horn":11,"Singing Bowl":57,"Chi":28,"DianPoetry":37,"DiscerningMonocle":51,"Tea:ReiMu":57,"StoneCalendar":43,"Gensokyo:NagashiBinaDoll":20,"Ginger":55,"HollowMod:StagPassRelic":13,"Ancient Tea Set":62,"Civilization":5,"Frozen Eye":35,"NightmareShop":26,"WingedGreaves":20,"DaCapo":34,"Chemical X":51,"Oddly Smooth Stone":37,"Eternal Feather":65,"BrkXgEgg":28,"MawBank":17,"ThornShield":59,"Strange Spoon":51,"Ling":28,"SynthV:TestCard":5,"BionicSphere":0,"SentryEyes":5,"CheatingSign:ReiMu":51,"FlyPower:ReiMu":0,"ChiLing":28,"Pocketwatch":34}],"Pocketwatch":[4]},"card_choices":[{"not_picked":["SpringWay:ReiMu","Conquer:ReiMu"],"picked":"SpreadBorder2:ReiMu","floor":1.0},{"not_picked":["Dreaming2:ReiMu","YinYangSange:ReiMu","SubAcupoint:ReiMu","SpringWay:ReiMu"],"picked":"RainPray2:ReiMu","floor":4.0},{"not_picked":["Amulet:ReiMu","LovePray:ReiMu","SubcavityInstant:ReiMu","RainPray2:ReiMu"],"picked":"CardOfSanctity:ReiMu","floor":6.0},{"not_picked":["RainPray2:ReiMu","MikOfLucky:ReiMu","AlertArray:ReiMu","EmergencyTakeOff:ReiMu"],"picked":"AirStrike:ReiMu","floor":8.0},{"not_picked":["WonderfulDomain:ReiMu","Enchanting:ReiMu","TightArray:ReiMu","Intuition:ReiMu"],"picked":"LovePray:ReiMu","floor":11.0},{"not_picked":["SubcavityInstant:ReiMu","CareerPray:ReiMu","SpreadBorder2:ReiMu","Intuition:ReiMu"],"picked":"SubAcupoint:ReiMu","floor":13.0},{"not_picked":["KyokaiOfKami:ReiMu","PrayRite:ReiMu","HakureiPhantom:ReiMu","YinYang:ReiMu"],"picked":"CleanRite:ReiMu","floor":16.0},{"not_picked":["TightArray:ReiMu","PhosphorusFlame:ReiMu","YinYangSange:ReiMu","CareerPray:ReiMu"],"picked":"Dreaming2:ReiMu","floor":18.0},{"not_picked":["AirStrike:ReiMu","CareerPray:ReiMu","RainPray2:ReiMu","SealNeedle:ReiMu"],"picked":"UpKicking:ReiMu","floor":20},{"not_picked":["Meditation:ReiMu+1","SpreadBorder2:ReiMu","Intuition:ReiMu","Amulet:ReiMu"],"picked":"EmergencyTakeOff:ReiMu","floor":21},{"not_picked":["YinYangSange:ReiMu+1","Amulet:ReiMu+1","SubAcupoint:ReiMu","Conquer:ReiMu"],"picked":"Crusade:ReiMu","floor":22},{"not_picked":["SafetyPray:ReiMu","Conquer:ReiMu","YinYangSign:ReiMu","SubAcupoint:ReiMu"],"picked":"Dreaming:ReiMu+1","floor":23},{"not_picked":["AirStrike:ReiMu","RainPray2:ReiMu+1","SafetyPray:ReiMu","Intuition:ReiMu"],"picked":"FantasyMoon:ReiMu","floor":25},{"not_picked":["Conquer:ReiMu","MikOfLucky:ReiMu","YinYangSange:ReiMu","SafetyPray:ReiMu"],"picked":"FineLineFantasy:ReiMu","floor":28},{"not_picked":["RainPray2:ReiMu","FineLineFantasy:ReiMu","ShadowOfCrow2:ReiMu","SafetyPray:ReiMu+1"],"picked":"PhosphorusFlame:ReiMu","floor":30},{"not_picked":["Gensokyo:LochNessMonster","Gensokyo:TekeTeke","Gensokyo:Doppelganger","Gensokyo:LittleGreenMen"],"picked":"Gensokyo:MonkeysPaw","floor":31},{"not_picked":["HakureiPhantom:ReiMu+1","BlastKick2:ReiMu+1","SubcavityFantasy:ReiMu+1","PrayRite:ReiMu+1"],"picked":"YinYang:ReiMu+1","floor":33},{"not_picked":["LovePray:ReiMu","Meditation:ReiMu+1","SpringWay:ReiMu+1","Crusade:ReiMu"],"picked":"RainPray2:ReiMu","floor":35},{"not_picked":["LovePray:ReiMu+1","SafetyPray:ReiMu+1","Dreaming:ReiMu+1","AlertArray:ReiMu"],"picked":"AirManeuver:ReiMu","floor":36},{"not_picked":["SubcavityInstant:ReiMu","Crusade:ReiMu+1","CareerPray:ReiMu","TightArray:ReiMu+1"],"picked":"Amulet:ReiMu","floor":39},{"not_picked":["ShadowOfCrow2:ReiMu+1","SubcavityInstant:ReiMu","Mountainwind:ReiMu","SpreadBorder2:ReiMu","AirManeuver:ReiMu"],"picked":"SKIP","floor":40},{"not_picked":["Dreaming2:ReiMu+1","EmergencyTakeOff:ReiMu+1","MikOfLucky:ReiMu","YinYangSign:ReiMu","Revelation:ReiMu"],"picked":"SKIP","floor":42},{"not_picked":["TightArray:ReiMu","FantasyMoon:ReiMu","Amulet:ReiMu+1","YinYangSange:ReiMu+1","YinYangSign:ReiMu+1"],"picked":"Singing Bowl","floor":44},{"not_picked":["PrepareRite:ReiMu+1","Meditation:ReiMu+1","EmergencyTakeOff:ReiMu","SubAcupoint:ReiMu"],"picked":"Shading:ReiMu+1","floor":45},{"not_picked":["Gathering:ReiMu+1","Dreaming:ReiMu+1","OctopathBindingBorder2:ReiMu","SafetyPray:ReiMu","ForcedLanding:ReiMu+1"],"picked":"Singing Bowl","floor":46},{"not_picked":["Enchanting:ReiMu+1","TightArray:ReiMu","ManaGlint:ReiMu+1","Amulet:ReiMu+1","SpreadBorder2:ReiMu+1"],"picked":"Singing Bowl","floor":47},{"not_picked":["Meditation:ReiMu+1","WonderfulDomain:ReiMu","BarrageOfMoneybags:ReiMu","SpreadBorder2:ReiMu","Amulet:ReiMu+1"],"picked":"Singing Bowl","floor":48}],"player_experience":367555,"relics_obtained":[{"floor":1.0,"key":"SynthV:TestCard"},{"floor":6.0,"key":"Gremlin Horn"},{"floor":9.0,"key":"HollowMod:StagPassRelic"},{"floor":11.0,"key":"MawBank"},{"floor":13.0,"key":"WingedGreaves"},{"floor":21,"key":"DaCapo"},{"floor":21,"key":"Pocketwatch"},{"floor":23,"key":"DianPoetry"},{"floor":28,"key":"StoneCalendar"},{"floor":40,"key":"Ginger"},{"floor":42,"key":"Tea:ReiMu"},{"floor":43,"key":"Singing Bowl"},{"floor":44,"key":"ThornShield"},{"floor":46,"key":"Ancient Tea Set"},{"floor":47,"key":"Eternal Feather"}],"event_choices":[],"is_beta":true,"boss_relics":[{"not_picked":["Calling Bell","Runic Pyramid"],"picked":"NightmareShop"},{"not_picked":["ChiXiaoBlade","OneHitWonderSystem"],"picked":"PatriotShield"}],"items_purged_floors":[],"is_endless":false,"potions_floor_spawned":[1,8,13,23,28,30,39,42,45],"ascension_level":1}}