{"host":"w14xfy17z3c5mpoi","time":1613016398,"event":{"mods":["AchievementEnabler","BaseMod","Minty Spire (QoL Compilation)","Relic Stats"],"gold_per_floor":[116,66,77,77,91,123,10,41,41,18,18,118,129,149,149,149,149],"floor_reached":16,"language":"ENG","playtime":412,"items_purged":["Strike_B"],"score":143,"play_id":"3b3fb9bf-84c5-4397-b8ce-4c18e874733b","local_time":"20210210230638","is_ascension_mode":true,"campfire_choices":[{"floor":15,"key":"REST"}],"circlet_count":0,"master_deck":["Strike_B","Defend_B","Defend_B","Defend_B","Defend_B","Zap","Dualcast","Rip and Tear","Go for the Eyes","Beam Cell","Gash","Gash","Self Repair","Fusion","Parasite","FTL","Beam Cell"],"relics":["Cracked Core","NeowsBlessing","Sundial","Centennial Puzzle","Toxic Egg 2"],"acts_visited":["Exordium"],"potions_floor_usage":[6],"damage_taken":[{"damage":0,"enemies":"Jaw Worm","floor":1,"turns":1},{"damage":0,"enemies":"Small Slimes","floor":3,"turns":1},{"damage":0,"enemies":"Cultist","floor":5,"turns":1},{"damage":29,"enemies":"3 Sentries","floor":6,"turns":8},{"damage":36,"enemies":"Gremlin Nob","floor":8,"turns":5},{"damage":13,"enemies":"Large Slime","floor":13,"turns":4},{"damage":6,"enemies":"Looter","floor":14,"turns":3},{"damage":49,"enemies":"Slime Boss","floor":16,"turns":8}],"seed_played":"-5567771812479618783","potions_obtained":[{"floor":1,"key":"Dexterity Potion"},{"floor":8,"key":"FocusPotion"}],"is_trial":false,"path_per_floor":["M","?","M","?","M","E","$","E","T","?","?","?","M","M","R","B"],"character_chosen":"DEFECT","items_purchased":["Self Repair"],"campfire_rested":1,"item_purchase_floors":[7],"current_hp_per_floor":[68,68,68,68,68,39,39,10,10,10,28,28,22,16,38,0,0],"gold":149,"neow_bonus":"THREE_ENEMY_KILL","is_daily":false,"chose_seed":false,"campfire_upgraded":0,"win_rate":0.0,"timestamp":1613016398,"path_taken":["M","?","M","?","?","E","$","E","T","?","?","?","M","M","R","BOSS"],"items_purchased_type":["Card"],"build_version":"2020-12-22","purchased_purges":1,"victory":false,"max_hp_per_floor":[75,75,75,75,75,75,75,75,75,75,75,75,75,75,75,75,75],"relic_stats":{"Centennial Puzzle":[9],"counters":[8,31],"Sundial":[4],"obtain_stats":[{"Centennial Puzzle":8,"NeowsBlessing":0,"Sundial":6,"Toxic Egg 2":9,"Cracked Core":0},{"Centennial Puzzle":5,"NeowsBlessing":0,"Sundial":4,"Toxic Egg 2":5,"Cracked Core":0},{"Centennial Puzzle":16,"NeowsBlessing":0,"Sundial":11,"Toxic Egg 2":16,"Cracked Core":0}]},"card_choices":[{"not_picked":["Chill","Go for the Eyes"],"picked":"Rip and Tear","floor":1},{"not_picked":["Turbo","Skim"],"picked":"Go for the Eyes","floor":3},{"not_picked":["Sweeping Beam","Force Field"],"picked":"Gash","floor":5},{"not_picked":["Beam Cell","Cold Snap"],"picked":"Gash","floor":6},{"not_picked":["Double Energy","Skim"],"picked":"Fusion","floor":8},{"not_picked":["Multi-Cast+1","Redo+1"],"picked":"FTL","floor":13},{"not_picked":["Compile Driver","Blizzard"],"picked":"Beam Cell","floor":14}],"player_experience":623360,"relics_obtained":[{"floor":6,"key":"Sundial"},{"floor":8,"key":"Centennial Puzzle"},{"floor":9,"key":"Toxic Egg 2"}],"event_choices":[{"cards_removed":["Strike_B"],"damage_healed":0,"gold_gain":0,"player_choice":"Card Removal","damage_taken":0,"max_hp_gain":0,"max_hp_loss":0,"event_name":"The Cleric","floor":2,"gold_loss":50},{"damage_healed":0,"gold_gain":0,"cards_transformed":["Strike_B"],"player_choice":"Transformed","damage_taken":0,"max_hp_gain":0,"max_hp_loss":0,"event_name":"Transmorgrifier","floor":4,"gold_loss":0,"cards_obtained":["Beam Cell"]},{"damage_healed":0,"gold_gain":0,"player_choice":"Left Gold","damage_taken":0,"max_hp_gain":0,"max_hp_loss":0,"event_name":"World of Goop","floor":10,"gold_loss":23},{"damage_healed":18,"gold_gain":0,"player_choice":"Healed and dodged fight","damage_taken":0,"max_hp_gain":0,"max_hp_loss":0,"event_name":"Mushrooms","floor":11,"gold_loss":0,"cards_obtained":["Parasite"]},{"damage_healed":0,"gold_gain":100,"player_choice":"Pray","damage_taken":0,"max_hp_gain":0,"max_hp_loss":0,"event_name":"Golden Shrine","floor":12,"gold_loss":0}],"is_beta":false,"boss_relics":[],"items_purged_floors":[7],"is_endless":false,"potions_floor_spawned":[1,8],"killed_by":"Slime Boss","ascension_level":6}}