{"host":"f7jml7vkwn3tj7tu","time":1613075113,"event":{"mods":["BaseMod","Block Reminder","Minty Spire (QoL Compilation)","Relic Stats","Slay-I"],"gold_per_floor":[117,67,67,67,82,82,111,111,138,170,170,39,39,39],"floor_reached":13,"language":"ENG","playtime":374,"items_purged":[],"score":98,"play_id":"86daeb22-3d7b-4c81-861c-c2dfe4118735","local_time":"20210211152513","is_ascension_mode":true,"campfire_choices":[{"data":"MasterReality","floor":6,"key":"PURGE"},{"data":"Vigilance","floor":8,"key":"SMITH"}],"circlet_count":0,"master_deck":["Strike_P","Strike_P","Strike_P","Defend_P","Defend_P","Defend_P","Defend_P","Eruption","Vigilance+1","Conclude","Wireheading","DeusExMachina","BattleHymn","CutThroughFate","Tantrum"],"relics":["PureWater","Prayer Wheel","Peace Pipe","Orichalcum","Boot","Blood Vial"],"acts_visited":["Exordium"],"potions_floor_usage":[13],"damage_taken":[{"damage":5,"enemies":"Small Slimes","floor":1,"turns":7},{"damage":2,"enemies":"Jaw Worm","floor":5,"turns":2},{"damage":27,"enemies":"Gremlin Nob","floor":7,"turns":3},{"damage":12,"enemies":"3 Sentries","floor":10,"turns":2},{"damage":14,"enemies":"Gremlin Nob","floor":13,"turns":2}],"seed_played":"-6010664376123513718","potions_obtained":[{"floor":10,"key":"SpeedPotion"}],"is_trial":false,"path_per_floor":["M","?","T","?","M","R","E","R","T","E","?","$","E"],"character_chosen":"WATCHER","items_purchased":["Fire Potion","Tantrum"],"campfire_rested":0,"item_purchase_floors":[12,12],"current_hp_per_floor":[67,67,67,67,65,65,38,38,38,26,8,8,0,0],"gold":39,"neow_bonus":"ONE_RARE_RELIC","is_daily":false,"chose_seed":false,"campfire_upgraded":1,"win_rate":0.0,"timestamp":1613075113,"path_taken":["M","?","?","?","M","R","E","R","T","E","?","$","E"],"items_purchased_type":["Potion","Card"],"build_version":"2020-12-22","purchased_purges":0,"victory":false,"max_hp_per_floor":[72,72,72,72,72,72,72,72,72,72,72,72,72,72],"relic_stats":{"Peace Pipe":1,"Blood Vial":2,"counters":[5,16],"Prayer Wheel":2,"Orichalcum":[12],"Boot":[0],"obtain_stats":[{"Peace Pipe":3,"Blood Vial":10,"Prayer Wheel":0,"PureWater":0,"Orichalcum":7,"Boot":9},{"Peace Pipe":1,"Blood Vial":4,"Prayer Wheel":0,"PureWater":0,"Orichalcum":3,"Boot":3},{"Peace Pipe":7,"Blood Vial":14,"Prayer Wheel":0,"PureWater":0,"Orichalcum":12,"Boot":12}]},"card_choices":[{"not_picked":["JustLucky","FlurryOfBlows"],"picked":"Conclude","floor":1},{"not_picked":["FlyingSleeves","Wallop","SashWhip"],"picked":"SKIP","floor":1},{"not_picked":["WaveOfTheHand","JustLucky"],"picked":"Wireheading","floor":5},{"not_picked":["CarveReality","Perseverance"],"picked":"DeusExMachina","floor":5},{"not_picked":["Pray","EmptyBody"],"picked":"BattleHymn","floor":7},{"not_picked":["Protect","Prostrate"],"picked":"CutThroughFate","floor":10}],"player_experience":609007,"relics_obtained":[{"floor":3,"key":"Peace Pipe"},{"floor":7,"key":"Orichalcum"},{"floor":9,"key":"Boot"},{"floor":10,"key":"Blood Vial"}],"event_choices":[{"cards_removed":["Writhe"],"damage_healed":0,"gold_gain":0,"player_choice":"Card Removal","damage_taken":0,"max_hp_gain":0,"max_hp_loss":0,"event_name":"The Cleric","floor":2,"gold_loss":50},{"damage_healed":0,"gold_gain":0,"cards_transformed":["Strike_P"],"player_choice":"Change","damage_taken":0,"max_hp_gain":0,"max_hp_loss":0,"event_name":"Living Wall","floor":4,"gold_loss":0,"cards_obtained":["MasterReality"]},{"damage_healed":0,"gold_gain":0,"player_choice":"Fled","damage_taken":18,"max_hp_gain":0,"max_hp_loss":0,"event_name":"Scrap Ooze","floor":11,"gold_loss":0}],"is_beta":false,"boss_relics":[],"items_purged_floors":[],"is_endless":false,"potions_floor_spawned":[10],"killed_by":"Gremlin Nob","ascension_level":2}}