{"host":"vex7walpoxzv48nx","time":1613079680,"event":{"mods":["AchievementEnabler","BaseMod","Highlight Path","Minty Spire (QoL Compilation)","Permanent Neow","Quick Restart","StSLib","UnlockEverythingMod"],"gold_per_floor":[368,380,380,17,31,31,66,78,104,104,104],"floor_reached":10,"language":"ENG","playtime":494,"items_purged":["Strike_R"],"score":136,"play_id":"7d75f308-8678-41d6-84cf-3cca2d314047","local_time":"20210211224120","is_ascension_mode":true,"campfire_choices":[{"floor":6,"key":"REST"}],"circlet_count":0,"master_deck":["AscendersBane","Strike_R","Strike_R","Strike_R+1","Strike_R","Defend_R","Defend_R","Defend_R","Defend_R+1","Bash","Second Wind","Cleave","Shockwave","Armaments"],"relics":["Burning Blood","Paper Frog","Toy Ornithopter","Omamori"],"acts_visited":["Exordium"],"potions_floor_usage":[7],"damage_taken":[{"damage":19.0,"enemies":"Small Slimes","floor":1.0,"turns":5.0},{"damage":26,"enemies":"Jaw Worm","floor":2,"turns":5},{"damage":2,"enemies":"Cultist","floor":5,"turns":4},{"damage":32,"enemies":"Lagavulin","floor":7,"turns":6},{"damage":4,"enemies":"Blue Slaver","floor":8,"turns":5},{"damage":15,"enemies":"3 Sentries","floor":10,"turns":2}],"seed_played":"430301923698307405","potions_obtained":[{"floor":2,"key":"DuplicationPotion"},{"floor":8,"key":"Ancient Potion"}],"is_trial":false,"path_per_floor":["M","M","?","$","M","R","E","M","T","E"],"character_chosen":"IRONCLAD","items_purchased":["Paper Frog"],"campfire_rested":1,"item_purchase_floors":[4],"current_hp_per_floor":[55,35,15,15,19,39,13,15,15,0,0],"gold":104,"neow_bonus":"TWO_FIFTY_GOLD","is_daily":false,"chose_seed":false,"campfire_upgraded":0,"win_rate":0.0,"timestamp":1613079680,"path_taken":["M","M","?","$","M","R","E","M","T","E"],"items_purchased_type":["Relic"],"build_version":"2020-12-22","purchased_purges":1,"victory":false,"max_hp_per_floor":[68,68,68,68,68,68,68,68,68,68,68],"card_choices":[{"not_picked":["Warcry","True Grit","Rage"],"picked":"SKIP","floor":1.0},{"not_picked":["Feel No Pain","Clash"],"picked":"Second Wind","floor":2},{"not_picked":["Iron Wave","Headbutt"],"picked":"Cleave","floor":5},{"not_picked":["Pommel Strike","Headbutt"],"picked":"Shockwave","floor":7},{"not_picked":["Rupture","Bloodletting"],"picked":"Armaments","floor":8}],"player_experience":305199,"relics_obtained":[{"floor":7,"key":"Toy Ornithopter"},{"floor":9,"key":"Omamori"}],"event_choices":[{"damage_healed":0,"gold_gain":0,"player_choice":"Entered Light","damage_taken":20,"max_hp_gain":0,"max_hp_loss":0,"event_name":"Shining Light","floor":3,"gold_loss":0,"cards_upgraded":["Defend_R","Strike_R"]}],"is_beta":false,"boss_relics":[],"items_purged_floors":[4],"is_endless":false,"potions_floor_spawned":[2,8],"killed_by":"3 Sentries","ascension_level":20}}