{"host":"gc0hqzwg2gd3zszy","time":1613004861,"event":{"mods":["BaseMod","DeckTracker","Minty Spire (QoL Compilation)","Relic Stats","SuperFastMode"],"gold_per_floor":[114,128,44,62,81,107,107,133,133,133,162,162,162,173,173,173,173],"floor_reached":16,"language":"KOR","playtime":523,"items_purged":[],"score":220,"play_id":"e84f8078-5deb-4bb9-a7ae-4772132ed12e","local_time":"20210211095421","is_ascension_mode":true,"campfire_choices":[{"data":"Demon Form","floor":7.0,"key":"SMITH"},{"floor":10.0,"key":"REST"},{"floor":13.0,"key":"REST"},{"data":"Evolve","floor":15.0,"key":"SMITH"}],"circlet_count":0,"master_deck":["AscendersBane","Strike_R","Strike_R","Strike_R","Strike_R","Strike_R","Defend_R","Defend_R","Defend_R","Defend_R","Bash","Shrug It Off","Wild Strike","Ghostly Armor","Combust","Evolve+1","Demon Form+1","Burning Pact","Thunderclap","Corruption","Flame Barrier","Disarm"],"relics":["Burning Blood","Potion Belt","Odd Mushroom","Akabeko","Darkstone Periapt"],"acts_visited":["Exordium"],"potions_floor_usage":[16],"damage_taken":[{"damage":3.0,"enemies":"Cultist","floor":1.0,"turns":4.0},{"damage":7.0,"enemies":"Small Slimes","floor":2.0,"turns":4.0},{"damage":8.0,"enemies":"2 Louse","floor":4.0,"turns":2.0},{"damage":14.0,"enemies":"Blue Slaver","floor":5.0,"turns":6.0},{"damage":35.0,"enemies":"Gremlin Nob","floor":6.0,"turns":4.0},{"damage":30.0,"enemies":"The Mushroom Lair","floor":8.0,"turns":4.0},{"damage":27.0,"enemies":"3 Sentries","floor":11.0,"turns":7.0},{"damage":11.0,"enemies":"Gremlin Gang","floor":14.0,"turns":3.0},{"damage":21,"enemies":"Slime Boss","floor":16,"turns":6}],"seed_played":"-4622655034738139226","potions_obtained":[{"floor":2.0,"key":"Swift Potion"},{"floor":4.0,"key":"Block Potion"},{"floor":6.0,"key":"LiquidMemories"},{"floor":14.0,"key":"Strength Potion"}],"is_trial":false,"path_per_floor":["M","M","$","M","M","E","R","?","T","R","E","?","R","M","R","B"],"character_chosen":"IRONCLAD","items_purchased":["Combust"],"campfire_rested":2,"item_purchase_floors":[3],"current_hp_per_floor":[71,70,70,68,60,31,31,7,7,29,8,8,30,25,25,4,4],"gold":173,"neow_bonus":"THREE_CARDS","is_daily":false,"chose_seed":false,"campfire_upgraded":2,"win_rate":0.0,"timestamp":1613004861,"path_taken":["M","M","$","M","M","E","R","?","T","R","E","?","R","?","R","BOSS"],"items_purchased_type":["Card"],"build_version":"2020-12-22","purchased_purges":0,"victory":false,"max_hp_per_floor":[75,75,75,75,75,75,75,75,75,75,75,75,75,75,75,75,75],"relic_stats":{"Darkstone Periapt":0,"counters":[9,40],"obtain_stats":[{"Potion Belt":6,"Darkstone Periapt":11,"Odd Mushroom":8,"Burning Blood":0,"Akabeko":9},{"Potion Belt":5,"Darkstone Periapt":7,"Odd Mushroom":6,"Burning Blood":0,"Akabeko":6},{"Potion Belt":20,"Darkstone Periapt":31,"Odd Mushroom":24,"Burning Blood":0,"Akabeko":24}],"Burning Blood":48},"card_choices":[{"not_picked":["Pummel","Dark Embrace"],"picked":"Shrug It Off","floor":0.0},{"not_picked":["Headbutt","Thunderclap"],"picked":"Wild Strike","floor":1.0},{"not_picked":["Havoc","Wild Strike"],"picked":"Ghostly Armor","floor":2.0},{"not_picked":["Carnage","Infernal Blade"],"picked":"Evolve","floor":4.0},{"not_picked":["Warcry","Heavy Blade"],"picked":"Demon Form","floor":5.0},{"not_picked":["Spot Weakness","Pummel"],"picked":"Burning Pact","floor":6.0},{"not_picked":["Flex","Searing Blow"],"picked":"Thunderclap","floor":8.0},{"not_picked":["Clash","Inflame","Pommel Strike"],"picked":"SKIP","floor":11.0},{"not_picked":["Clothesline","Thunderclap"],"picked":"Disarm","floor":14.0}],"player_experience":1390242,"relics_obtained":[{"floor":6.0,"key":"Potion Belt"},{"floor":8.0,"key":"Odd Mushroom"},{"floor":9.0,"key":"Akabeko"},{"floor":11.0,"key":"Darkstone Periapt"}],"event_choices":[{"damage_healed":0.0,"max_hp_gain":0.0,"max_hp_loss":0.0,"gold_gain":0.0,"event_name":"Mushrooms","player_choice":"Fought Mushrooms","floor":8.0,"gold_loss":0.0,"damage_taken":0.0},{"damage_healed":0.0,"max_hp_gain":0.0,"max_hp_loss":0.0,"gold_gain":0.0,"event_name":"Match and Keep!","player_choice":"2 cards matched","floor":12.0,"gold_loss":0.0,"damage_taken":0.0,"cards_obtained":["Corruption","Flame Barrier"]}],"is_beta":false,"boss_relics":[],"items_purged_floors":[],"is_endless":false,"potions_floor_spawned":[2,4,6,14],"killed_by":"Slime Boss","ascension_level":20}}