{"host":"2q4w55ev63ot6isg","time":1613071519,"event":{"mods":["Aspiration","BaseMod","Downfall","Hubris","Marisa????????","Minty Spire (QoL Compilation)","Replay The Spire","StSLib","The Cursed","The Jungle","The Servant 0.9.4"],"gold_per_floor":[115,115,74,149,149,149,74,74,97,97,114,132,132,162,162,263,263,252,0,0,10,10,10,37,54,54,64,10,35,35,35,135,135,135],"floor_reached":33,"language":"ENG","playtime":989,"items_purged":["Pain","Strike_B"],"score":337,"play_id":"15e8f7dc-2511-466f-9939-c1dba3a0de01","local_time":"20210211112519","is_ascension_mode":true,"campfire_choices":[{"data":"Defragment","floor":6,"key":"SMITH"},{"data":"Zap","floor":8,"key":"SMITH"},{"data":"Dualcast","floor":10,"key":"SMITH"},{"data":"Loop","floor":13,"key":"SMITH"},{"data":"Self Repair","floor":15,"key":"SMITH"},{"floor":23,"key":"REST"}],"circlet_count":0,"master_deck":["Strike_B","Strike_B","Strike_B","Defend_B","Defend_B","Defend_B","Defend_B","Zap+1","Dualcast+1","Ball Lightning+1","Defragment+1","Loop+1","Ball Lightning+1","Self Repair+1","Machine Learning","Undo","Redo","Decay","FTL","Conserve Battery","Sweeping Beam+1","Conserve Battery"],"relics":["hubris:Towel","WarpedTongs","hexamod:BolsterEngine","Replay:Bottled Eggs","Black Star","Toolbox","Pocketwatch","hubris:MedicalManual","Symbiotic Virus","Bag of Preparation","Nloth\u0027s Gift"],"acts_visited":["Exordium","TheCity"],"potions_floor_usage":[33],"damage_taken":[{"damage":0,"enemies":"Small Slimes","floor":1,"turns":2},{"damage":0,"enemies":"2 Louse","floor":11,"turns":2},{"damage":0,"enemies":"Cultist","floor":12,"turns":2},{"damage":18,"enemies":"Gremlin Nob","floor":14,"turns":3},{"damage":3,"enemies":"Fading Forest","floor":16,"turns":11},{"damage":23,"enemies":"2 Thieves","floor":18,"turns":4},{"damage":2,"enemies":"Shell Parasite","floor":21,"turns":6},{"damage":63,"enemies":"Slavers","floor":24,"turns":5},{"damage":2,"enemies":"Cultist and Chosen","floor":25,"turns":5},{"damage":23,"enemies":"Centurion and Healer","floor":27,"turns":5},{"damage":20,"enemies":"Pondfish","floor":33,"turns":7}],"seed_played":"-9115600183325415893","potions_obtained":[{"floor":14,"key":"Strength Potion"},{"floor":18,"key":"Elixir"}],"is_trial":false,"path_per_floor":["M","?","$","?","?","R","$","R","T","R","M","M","R","E","R","B",null,"M","$","?","M","?","R","E","M","T","M","$","T","$","?","R","B"],"character_chosen":"DEFECT","items_purchased":["Defragment","Toolbox","Conserve Battery"],"campfire_rested":1,"item_purchase_floors":[3,19,28],"current_hp_per_floor":[68,68,68,57,57,57,57,57,57,57,57,57,57,39,39,54,70,57,57,43,51,51,75,22,30,30,17,17,17,17,17,17,0,0],"gold":135,"neow_bonus":"BOSS_RELIC","is_daily":false,"chose_seed":false,"campfire_upgraded":5,"win_rate":0.0,"timestamp":1613071519,"path_taken":["M","?","$","?","?","R","$","R","T","R","M","M","R","E","R","BOSS","M","?","?","M","?","R","E","M","T","?","$","?","$","?","R","BOSS"],"items_purchased_type":["Card","Relic","Card"],"build_version":"2020-12-22","purchased_purges":2,"victory":false,"max_hp_per_floor":[75,75,75,75,75,75,75,75,75,75,75,75,75,75,75,75,75,75,75,80,80,80,80,80,80,80,80,80,80,80,80,80,80,80],"card_choices":[{"not_picked":["Tempest","Beam Cell","Turbo"],"picked":"Ball Lightning","floor":1},{"not_picked":["Reinforced Body","hubris:Ukulele","Redo"],"picked":"Loop","floor":11},{"not_picked":["Gash","Cold Snap","Doom and Gloom"],"picked":"Ball Lightning","floor":12},{"not_picked":["Glacier","Aggregate","Panic Button"],"picked":"Self Repair","floor":14},{"not_picked":["Hyperbeam","Mirror Shield","hubris:DoWhile"],"picked":"Machine Learning","floor":16},{"not_picked":["Hello World+1","Turbo","Melter"],"picked":"Undo","floor":18},{"not_picked":["BasicCrystalCard","Cold Snap","Sweeping Beam"],"picked":"Redo","floor":21},{"not_picked":["hubris:Prefetch","Steam","Barrage"],"picked":"FTL","floor":24},{"not_picked":["Reinforced Body","Compile Driver","ReplaySolidLightProjector"],"picked":"Conserve Battery","floor":25},{"not_picked":["Amplify","Go for the Eyes","Compile Driver"],"picked":"Sweeping Beam+1","floor":27}],"player_experience":242202,"relics_obtained":[{"floor":9,"key":"hexamod:BolsterEngine"},{"floor":14,"key":"Replay:Bottled Eggs"},{"floor":24,"key":"Pocketwatch"},{"floor":24,"key":"hubris:MedicalManual"},{"floor":26,"key":"Symbiotic Virus"},{"floor":29,"key":"Bag of Preparation"}],"event_choices":[{"damage_healed":0,"gold_gain":75,"player_choice":"Gather Gold","damage_taken":11,"max_hp_gain":0,"max_hp_loss":0,"event_name":"World of Goop","floor":4,"gold_loss":0},{"damage_healed":0,"gold_gain":0,"player_choice":"Rummage","damage_taken":0,"relics_obtained":["WarpedTongs"],"max_hp_gain":0,"max_hp_loss":0,"event_name":"Accursed Blacksmith","floor":5,"gold_loss":0,"cards_obtained":["Pain"]},{"damage_healed":0,"gold_gain":0,"player_choice":"Shed Blood","damage_taken":19,"max_hp_gain":5,"max_hp_loss":0,"event_name":"Forgotten Altar","floor":20,"gold_loss":0},{"damage_healed":0,"gold_gain":0,"player_choice":"Cursed","damage_taken":0,"max_hp_gain":0,"max_hp_loss":0,"event_name":"Wheel of Change","floor":22,"gold_loss":0,"cards_obtained":["Decay"]},{"damage_healed":0,"gold_gain":0,"player_choice":"Traded Relic","damage_taken":0,"relics_obtained":["Nloth\u0027s Gift"],"max_hp_gain":0,"max_hp_loss":0,"event_name":"N\u0027loth","floor":31,"relics_lost":["Honey Jar"],"gold_loss":0},{"damage_healed":0,"gold_gain":100,"player_choice":"Pray","damage_taken":0,"max_hp_gain":0,"max_hp_loss":0,"event_name":"Golden Shrine","floor":32,"gold_loss":0}],"is_beta":false,"boss_relics":[{"not_picked":["SacredBark","hubris:VirtuousBlindfold"],"picked":"Black Star"}],"items_purged_floors":[7,19],"is_endless":false,"potions_floor_spawned":[14,18],"killed_by":"Pondfish","ascension_level":6}}