{"host":"suw5tyb7z6zbnnfs","time":1613086723,"event":{"mods":["AchievementEnabler","BaseMod","Colored Map","Minty Spire (QoL Compilation)"],"gold_per_floor":[114,126,201,218,218,218,218,63,87,87,122,122,143,158,158,279,279,300,125,143,38,38,38,69,69,119,83,117,137,168,168,168,299,299,319,343,443,462,33,33,72,72,96,134,134,150,150,150],"floor_reached":47,"language":"ENG","playtime":8384,"items_purged":["Defend_B","Defend_B","Strike_B"],"score":782,"play_id":"3c045d46-b230-4d79-a247-bd348e98e417","local_time":"20210211183843","is_ascension_mode":true,"campfire_choices":[{"data":"Dualcast","floor":6.0,"key":"SMITH"},{"data":"Zap","floor":10.0,"key":"SMITH"},{"data":"Go for the Eyes","floor":12.0,"key":"SMITH"},{"data":"Defragment","floor":15.0,"key":"SMITH"},{"data":"Echo Form","floor":23.0,"key":"SMITH"},{"data":"Hologram","floor":25.0,"key":"SMITH"},{"data":"Defragment","floor":32.0,"key":"SMITH"},{"data":"Coolheaded","floor":40,"key":"SMITH"},{"data":"Loop","floor":42,"key":"SMITH"},{"floor":45,"key":"REST"}],"circlet_count":0,"master_deck":["Strike_B","Strike_B+1","Defend_B","Defend_B","Zap+1","Dualcast+1","Glacier","Self Repair","Streamline+1","Defragment+1","Go for the Eyes+1","Conserve Battery","Defragment+1","Echo Form+1","Hologram+1","Loop+1","Coolheaded+1","Defragment","Echo Form","Hologram+1","Echo Form+1","Steam Power+1","BootSequence+1"],"relics":["FrozenCore","Golden Idol","Pen Nib","Question Card","Nuclear Battery","Bag of Marbles","MealTicket","Art of War","Toy Ornithopter","Kunai","DollysMirror","Vajra","Whetstone","Ancient Tea Set","PreservedInsect"],"acts_visited":["Exordium","TheCity","TheBeyond"],"potions_floor_usage":[38,41],"damage_taken":[{"damage":7.0,"enemies":"Small Slimes","floor":1.0,"turns":2.0},{"damage":2.0,"enemies":"2 Louse","floor":2.0,"turns":3.0},{"damage":1.0,"enemies":"Cultist","floor":4.0,"turns":4.0},{"damage":5.0,"enemies":"Lagavulin","floor":11.0,"turns":7.0},{"damage":2.0,"enemies":"2 Fungi Beasts","floor":13.0,"turns":3.0},{"damage":7.0,"enemies":"Exordium Thugs","floor":14.0,"turns":5.0},{"damage":4.0,"enemies":"Slime Boss","floor":16.0,"turns":15.0},{"damage":10.0,"enemies":"Chosen","floor":18.0,"turns":5.0},{"damage":3.0,"enemies":"Spheric Guardian","floor":20.0,"turns":5.0},{"damage":38.0,"enemies":"Gremlin Leader","floor":24.0,"turns":7.0},{"damage":29.0,"enemies":"Slavers","floor":28.0,"turns":7.0},{"damage":4.0,"enemies":"3 Cultists","floor":29.0,"turns":7.0},{"damage":13.0,"enemies":"Book of Stabbing","floor":30.0,"turns":6.0},{"damage":28.0,"enemies":"Collector","floor":33.0,"turns":12.0},{"damage":10.0,"enemies":"Orb Walker","floor":35.0,"turns":7.0},{"damage":41,"enemies":"3 Shapes","floor":36,"turns":6},{"damage":8,"enemies":"3 Darklings","floor":38,"turns":7},{"damage":59,"enemies":"Reptomancer","floor":41,"turns":10},{"damage":25,"enemies":"Giant Head","floor":44,"turns":10},{"damage":7,"enemies":"Writhing Mass","floor":46,"turns":6},{"damage":51,"enemies":"4 Shapes","floor":47,"turns":3}],"seed_played":"8493870979223223404","potions_obtained":[{"floor":1.0,"key":"Fire Potion"},{"floor":2.0,"key":"Block Potion"},{"floor":11.0,"key":"CultistPotion"},{"floor":13.0,"key":"EssenceOfSteel"},{"floor":14.0,"key":"DuplicationPotion"},{"floor":24.0,"key":"PotionOfCapacity"},{"floor":28.0,"key":"SpeedPotion"},{"floor":31.0,"key":"Ancient Potion"},{"floor":31.0,"key":"Fruit Juice"},{"floor":31.0,"key":"FearPotion"},{"floor":33.0,"key":"SpeedPotion"},{"floor":35,"key":"Block Potion"},{"floor":46,"key":"Explosive Potion"}],"is_trial":false,"path_per_floor":["M","M","?","M","?","R","?","$","T","R","E","R","M","M","R","B",null,"M","$","M","?","$","R","E","R","T","$","E","M","E","?","R","B",null,"M","M","?","M","$","R","E","R","T","E","R","M","M"],"character_chosen":"DEFECT","items_purchased":["Defragment","Loop","Defragment","DollysMirror","Vajra"],"campfire_rested":1,"item_purchase_floors":[8,19,27,39,39],"current_hp_per_floor":[68,66,55,61,61,61,61,61,61,61,63,63,68,68,68,71,75,72,72,76,76,76,76,45,45,45,60,45,60,61,71,71,60,76,73,46,46,57,72,72,32,32,32,21,45,45,0,0],"gold":150,"neow_bonus":"TEN_PERCENT_HP_BONUS","is_daily":false,"chose_seed":false,"campfire_upgraded":9,"win_rate":0.0,"timestamp":1613086723,"path_taken":["M","M","?","M","?","R","?","$","T","R","E","R","?","M","R","BOSS","M","$","M","?","?","R","E","R","T","$","E","M","E","?","R","BOSS","M","M","?","M","$","R","E","R","T","E","R","?","M"],"items_purchased_type":["Card","Card","Card","Relic","Relic"],"build_version":"2020-12-22","purchased_purges":3,"victory":false,"max_hp_per_floor":[82,82,82,82,76,76,76,76,76,76,76,76,76,76,76,76,76,76,76,76,76,76,76,76,76,76,76,76,76,76,81,81,81,81,81,81,81,81,81,81,81,81,81,81,81,81,81,81],"card_choices":[{"not_picked":["Turbo","Steam"],"picked":"Glacier","floor":1.0},{"not_picked":["Compile Driver","Heatsinks"],"picked":"Self Repair","floor":2.0},{"not_picked":["Compile Driver","Melter"],"picked":"Streamline","floor":4.0},{"not_picked":["Reprogram","Meteor Strike"],"picked":"Go for the Eyes","floor":11.0},{"not_picked":["Steam Power","Aggregate","Compile Driver"],"picked":"Conserve Battery","floor":13.0},{"not_picked":["Recycle","Redo","Go for the Eyes"],"picked":"Defragment","floor":14.0},{"not_picked":["Thunder Strike","All For One","Hyperbeam"],"picked":"Echo Form","floor":16.0},{"not_picked":["Steam+1","Static Discharge","Genetic Algorithm"],"picked":"Hologram","floor":18.0},{"not_picked":["Skim","Go for the Eyes+1","Beam Cell+1","Darkness+1"],"picked":"SKIP","floor":20.0},{"not_picked":["Leap","Doom and Gloom","Heatsinks+1"],"picked":"Coolheaded","floor":24.0},{"not_picked":["Gash+1","Conserve Battery","Reprogram","Sweeping Beam"],"picked":"SKIP","floor":28.0},{"not_picked":["Reinforced Body","Defragment","Go for the Eyes+1","Steam+1"],"picked":"SKIP","floor":29.0},{"not_picked":["Loop","Steam","Double Energy+1","Compile Driver+1"],"picked":"SKIP","floor":30.0},{"not_picked":["Core Surge","Reboot","Buffer"],"picked":"Echo Form","floor":33.0},{"not_picked":["Tempest","Stack+1","Sweeping Beam","Hello World"],"picked":"SKIP","floor":35},{"not_picked":["Streamline","Steam Power+1","Redo"],"picked":"Hologram+1","floor":36},{"not_picked":["Doom and Gloom+1","Redo","Beam Cell","Stack+1"],"picked":"SKIP","floor":38},{"not_picked":["Blizzard+1","Echo Form","Darkness+1","Turbo"],"picked":"SKIP","floor":41},{"not_picked":["Electrodynamics","Stack+1","Machine Learning"],"picked":"Steam Power+1","floor":44},{"not_picked":["Static Discharge+1","Conserve Battery+1","Fusion+1"],"picked":"BootSequence+1","floor":46}],"player_experience":882724,"relics_obtained":[{"floor":9.0,"key":"Pen Nib"},{"floor":11.0,"key":"Question Card"},{"floor":24.0,"key":"MealTicket"},{"floor":26.0,"key":"Art of War"},{"floor":28.0,"key":"Toy Ornithopter"},{"floor":30.0,"key":"Kunai"},{"floor":41,"key":"Whetstone"},{"floor":43,"key":"Ancient Tea Set"},{"floor":44,"key":"PreservedInsect"}],"event_choices":[{"damage_healed":0.0,"max_hp_gain":0.0,"max_hp_loss":0.0,"gold_gain":75.0,"event_name":"World of Goop","player_choice":"Gather Gold","floor":3.0,"gold_loss":0.0,"damage_taken":11.0},{"damage_healed":0.0,"max_hp_gain":0.0,"max_hp_loss":6.0,"gold_gain":0.0,"event_name":"Golden Idol","player_choice":"Lose Max HP","floor":5.0,"gold_loss":0.0,"damage_taken":0.0,"relics_obtained":["Golden Idol"]},{"cards_removed":["Strike_B"],"damage_healed":0.0,"max_hp_gain":0.0,"max_hp_loss":0.0,"gold_gain":0.0,"event_name":"Purifier","player_choice":"Purged","floor":7.0,"gold_loss":0.0,"damage_taken":0.0},{"damage_healed":0.0,"max_hp_gain":0.0,"max_hp_loss":0.0,"gold_gain":0.0,"event_name":"WeMeetAgain","player_choice":"Paid Gold","floor":21.0,"gold_loss":105.0,"damage_taken":0.0,"relics_obtained":["Bag of Marbles"]},{"damage_healed":0.0,"max_hp_gain":0.0,"max_hp_loss":0.0,"gold_gain":0.0,"event_name":"Lab","player_choice":"Got Potions","floor":31.0,"gold_loss":0.0,"damage_taken":0.0},{"damage_healed":0,"gold_gain":100,"player_choice":"Pray","damage_taken":0,"max_hp_gain":0,"max_hp_loss":0,"event_name":"Golden Shrine","floor":37,"gold_loss":0}],"is_beta":false,"boss_relics":[{"not_picked":["Philosopher\u0027s Stone","Astrolabe"],"picked":"Nuclear Battery"},{"not_picked":["Calling Bell","Black Star"],"picked":"FrozenCore"}],"items_purged_floors":[8,19,39],"is_endless":false,"potions_floor_spawned":[1,2,11,13,14,24,28,33,35,46],"killed_by":"4 Shapes","ascension_level":9}}