{"host":"hl3ams4am2ku5u4p","time":1613082521,"event":{"mods":["AchievementEnabler","Act Like it!","Aspiration","BaseMod","Beaked The Cultist","BetterRewards","CatGirl Mod","Colored Map","Colored Powertips","Conspire","Downfall","Energized Spire","Halation","Hallownest","HornydragonMod","Hubris","Infinite Spire","Mad Scientist","Magitek Elite","Minty Spire (QoL Compilation)","READ ME - Guardian Mod","Replay The Spire","Spikes Relics","StSLib","SuperFastMode","The Blackbeard","The Bug Knight","The Construct","The Disciple","The Jungle","The Mystic","The Necromancer","The Senshi"],"gold_per_floor":[116,116,136,136,146,146,164,177,223,223,223,249,269,8,8,108,108,121,139,139,139,205,205,224,224,251,66,86,99,99,115,115,215,215,229,229,11,11,25,25,39,50,50,50,82,97,97,108,108,108],"floor_reached":51,"language":"FRA","playtime":2696,"items_purged":["Hallucinations","Defend_G"],"score":1078,"play_id":"6ca1eb17-75c9-429f-83cb-bace1d3a19eb","local_time":"20210211232841","is_ascension_mode":true,"campfire_choices":[{"data":"Accuracy","floor":6,"key":"SMITH"},{"data":"Neutralize","floor":11,"key":"SMITH"},{"floor":15,"key":"REST"},{"data":"Survivor","floor":23,"key":"SMITH"},{"data":"Strike_G","floor":25,"key":"SMITH"},{"data":"Strike_G","floor":30,"key":"SMITH"},{"floor":32,"key":"REST"},{"floor":40,"key":"REST"},{"data":"Strike_G","floor":44,"key":"SMITH"},{"floor":47,"key":"REST"},{"data":"Strike_G","floor":49,"key":"SMITH"}],"circlet_count":0,"master_deck":["Strike_G","Strike_G+1","Strike_G+1","Strike_G+1","Strike_G+1","Defend_G","Defend_G","Defend_G","Defend_G","Survivor+1","Neutralize+1","Accuracy+1","Blade Dance+1","Infinite Blades+1","Leg Sweep+1","Cloak And Dagger+1","hubris:Sniper+1","Burst+1","SwitchThreat","Corpse Explosion+1","Blade Dance+1","Storm of Steel+1","Dagger Throw+1","Replay:Dark Deal+1","Finisher+1","Choke+1","Footwork+1"],"relics":["Ring of the Snake","Question Card","Toxic Egg 2","Strawberry","Ancient Tea Set","Kunai","Replay:Ancient Bell","Blood Vial","Gremlin Horn","hubris:GlazedTorus","ReplayTheSpireMod:Lightbulb","HollowMod:PaleOreRelic","Membership Card","Sozu","hubris:SlimyHat","halation:EternalFortune","Mercury Hourglass","aspiration:VileToxins"],"acts_visited":["Exordium","Hallownest:Greenpath","Hallownest:CityofTears"],"potions_floor_usage":[16,16,33,35,50],"damage_taken":[{"damage":0,"enemies":"2_ Uuma","floor":1,"turns":3},{"damage":0,"enemies":"Hallownest:2_MossCreeps","floor":3,"turns":4},{"damage":0,"enemies":"Hallownest:monsterHuskGuard","floor":5,"turns":4},{"damage":0,"enemies":"Hallownest:monsterAspidMother","floor":7,"turns":2},{"damage":0,"enemies":"Hallownest:Guard_and_Warrior","floor":8,"turns":5},{"damage":3,"enemies":"Hallownest:1_Baldur_1_Crawlid_1_Warrior","floor":13,"turns":3},{"damage":0,"enemies":"Hallownest:BossHornet","floor":16,"turns":10},{"damage":1,"enemies":"Hallownest:3_Youths","floor":18,"turns":8},{"damage":0,"enemies":"Hallownest:2_Mistakes","floor":19,"turns":4},{"damage":19,"enemies":"Hallownest:Glutton_and_Coward","floor":22,"turns":3},{"damage":0,"enemies":"Hallownest:Warrior_and_Youth","floor":24,"turns":4},{"damage":0,"enemies":"Hallownest:Master_and_Novice","floor":28,"turns":3},{"damage":7,"enemies":"Hallownest:monsterShrumalOgre","floor":29,"turns":5},{"damage":4,"enemies":"Hallownest:2_Husk_Sentries","floor":31,"turns":3},{"damage":12,"enemies":"Hallownest:BossGrimm","floor":33,"turns":8},{"damage":0,"enemies":"Hallownest:Shield_Heavy","floor":35,"turns":2},{"damage":41,"enemies":"Hallownest:2_Littles","floor":39,"turns":6},{"damage":0,"enemies":"Hallownest:2_Great","floor":41,"turns":4},{"damage":0,"enemies":"Hallownest:2_Soldiers_and_1_Guardian","floor":42,"turns":3},{"damage":0,"enemies":"Hallownest:StalkingDevout","floor":45,"turns":4},{"damage":15,"enemies":"Hallownest:2_Wing_and_1_Kings","floor":46,"turns":4},{"damage":4,"enemies":"Hallownest:2_Great","floor":48,"turns":4},{"damage":41,"enemies":"Hallownest:BossHollowKnight","floor":50,"turns":8}],"seed_played":"-6959894076682561799","potions_obtained":[{"floor":5,"key":"Block Potion"},{"floor":13,"key":"Adrenaline Potion"},{"floor":16,"key":"sneckomod:MuddlingPotion"},{"floor":18,"key":"PowerPotion"},{"floor":19,"key":"Ancient Potion"}],"is_trial":false,"path_per_floor":["M","?","M","?","M","R","M","M","T","?","R","T","M","$","R","B",null,"M","M","T","?","M","R","M","R","T","$","M","M","R","M","R","B",null,"M","?","$","?","M","R","M","M","T","R","E","M","R","M","R","B",null],"character_chosen":"THE_SILENT","items_purchased":["Question Card","Toxic Egg 2","Accuracy","Blade Dance+1","Strength Potion","Kunai","Membership Card","hubris:SlimyHat","Replay:Dark Deal+1"],"campfire_rested":4,"item_purchase_floors":[0,0,0,0,0,14,27,37,37],"current_hp_per_floor":[56,56,56,47,47,47,47,47,54,54,54,54,51,51,74,74,77,76,77,77,77,58,58,60,60,60,60,62,57,57,55,77,65,77,77,77,77,80,39,63,65,67,67,67,69,56,80,76,76,37],"gold":108,"neow_bonus":"","is_daily":false,"chose_seed":false,"campfire_upgraded":7,"win_rate":0.0,"timestamp":1613082521,"path_taken":["M","?","M","?","M","R","M","M","T","?","R","?","?","?","R","BOSS","M","M","?","?","M","R","?","R","T","$","M","M","R","M","R","BOSS","M","?","$","?","M","R","M","M","T","R","E","M","R","M","R","BOSS"],"items_purchased_type":["Relic","Relic","Card","Card","Potion","Relic","Relic","Relic","Card"],"build_version":"2020-12-22","purchased_purges":2,"victory":true,"max_hp_per_floor":[70,70,70,70,70,70,70,70,77,77,77,77,77,77,77,77,77,77,77,77,77,77,77,77,77,77,77,77,77,77,77,77,77,77,77,77,77,80,80,80,80,80,80,80,80,80,80,80,80,80],"card_choices":[{"not_picked":["Deflect+1","ShadowRift","Heel Hook"],"picked":"Infinite Blades","floor":1},{"not_picked":["Bane","Dagger Spray","hubris:Counter"],"picked":"Leg Sweep+1","floor":3},{"not_picked":["Acrobatics+1","Quick Slash","Doppelganger+1"],"picked":"Cloak And Dagger+1","floor":5},{"not_picked":["Underhanded Strike","Quick Slash","Backflip+1","Tools of the Trade"],"picked":"SKIP","floor":7},{"not_picked":["Cloak And Dagger+1","ReplayTheSpireMod:Scrap Shanks","Prepared+1"],"picked":"hubris:Sniper+1","floor":8},{"not_picked":["PiercingWail+1","Bane","Slice","Hidden Blade+1"],"picked":"SKIP","floor":13},{"not_picked":["Wraith Form v2","Venomology+1","A Thousand Cuts"],"picked":"Burst+1","floor":16},{"not_picked":["Notoriety","Flag","hubris:Lust"],"picked":"SwitchThreat","floor":17},{"not_picked":["downfall:Haunted","hubris:Wrath","downfall:Bewildered"],"picked":"Hallucinations","floor":17},{"not_picked":["Shame","Hatred","Regret"],"picked":"Mistake","floor":17},{"not_picked":["Slice","hubris:TrickCloak+1","Quick Slash+1","ShadowRift"],"picked":"SKIP","floor":18},{"not_picked":["Dodge and Roll+1","Deflect+1","Eviscerate+1"],"picked":"Corpse Explosion+1","floor":19},{"not_picked":["Poisoned Stab","Heel Hook","Deadly Poison+1"],"picked":"Blade Dance+1","floor":22},{"not_picked":["PiercingWail+1","ReplayTheSpireMod:Tripwire+1","Dagger Spray","Underhanded Strike"],"picked":"SKIP","floor":24},{"not_picked":["Night Terror+1","Pace+1","Backflip+1","Blade Dance+1"],"picked":"SKIP","floor":28},{"not_picked":["Noxious Fumes","Hidden Blade+1","Escape Plan+1","Outmaneuver+1"],"picked":"SKIP","floor":29},{"not_picked":["Blade Dance+1","Well Laid Plans","Dagger Throw","Underhanded Strike"],"picked":"SKIP","floor":31},{"not_picked":["Doppelganger+1","ReplayTheSpireMod:Necrosis+1","Burst+1"],"picked":"Storm of Steel+1","floor":33},{"not_picked":["Toxin Wave+1","Tactician+1","Flying Knee+1"],"picked":"Dagger Throw+1","floor":35},{"not_picked":["Dodge and Roll+1","Eviscerate+1","Underhanded Strike"],"picked":"Finisher+1","floor":39},{"not_picked":["Poisoned Stab+1","Slice","Outmaneuver+1","Endless Agony+1"],"picked":"SKIP","floor":41},{"not_picked":["hubris:TrickCloak+1","PiercingWail+1","Bane+1"],"picked":"Choke+1","floor":42},{"not_picked":["ReplayTheSpireMod:Exploit Weakness+1","hubris:TrickCloak+1","Tactician+1","Replay:Poison Smokescreen+1"],"picked":"SKIP","floor":45},{"not_picked":["Outmaneuver+1","Dagger Spray+1","hubris:SlightOfHand+1"],"picked":"Footwork+1","floor":46},{"not_picked":["Sucker Punch+1","Dagger Spray+1","Underhanded Strike","Wraith Form v2"],"picked":"SKIP","floor":48}],"player_experience":55902,"relics_obtained":[{"floor":9,"key":"Strawberry"},{"floor":12,"key":"Ancient Tea Set"},{"floor":20,"key":"ReplayTheSpireMod:Lightbulb"},{"floor":26,"key":"HollowMod:PaleOreRelic"},{"floor":43,"key":"Mercury Hourglass"},{"floor":45,"key":"aspiration:VileToxins"}],"event_choices":[],"is_beta":false,"boss_relics":[{"not_picked":["ReplayTheSpireMod:SealedPack","Busted Crown"],"picked":"Replay:Ancient Bell"},{"not_picked":["halation:KoshaPiece","Replay:Rubber Ducky"],"picked":"Blood Vial"},{"not_picked":["HollowMod:LifeEnderRelic","HollowMod:StagPassRelic"],"picked":"Gremlin Horn"},{"not_picked":["Shovel","WizardHat"],"picked":"hubris:GlazedTorus"},{"not_picked":["energizedSpire:StickyHand","energizedSpire:RedRose"],"picked":"Sozu"}],"items_purged_floors":[27,37],"is_endless":false,"potions_floor_spawned":[5,13,16,18,19,31,41,42,45],"ascension_level":3}}