{"host":"¿à÷økuyou","time":1613014246,"event":{"mods":["ATMod(°¢èªMod)","Act Like it!","BaseMod","BetterRewards","Minty Spire (QoL Compilation)","Quick Restart","StSLib"],"gold_per_floor":[114,189,39,39,54,54,69,69,69,84,24,39,104,169,169,169,169],"floor_reached":16,"language":"ZHS","playtime":532,"items_purged":["Strike_P"],"score":94,"play_id":"8c017341-b519-4094-b2d4-ed07433c7dca","local_time":"20210211113046","daily_mods":["Allstar","Vintage","Binary"],"is_ascension_mode":false,"campfire_choices":[{"data":"AT_FamilyPortrait","floor":6.0,"key":"SMITH"},{"data":"AT_DiedThrough","floor":15.0,"key":"SMITH"}],"circlet_count":0,"master_deck":["Strike_P","Strike_P","Strike_P","Defend_P","Defend_P","Defend_P","Defend_P","Eruption","Vigilance","Good Instincts","AT_LightSaberMaster","AT_FamilyPortrait+1","Master of Strategy","AT_DiedThrough+1","Panacea"],"relics":["PureWater","AT_ATBox","Shuriken","AT_BellDemon","Omamori","Vajra","Tiny Chest","Centennial Puzzle","The Courier","Anchor","Molten Egg 2","AT_MibuBalloonWealth","Gambling Chip","Kunai","Damaru","Letter Opener","AT_ForceNature"],"acts_visited":["Exordium"],"potions_floor_usage":[16],"damage_taken":[{"damage":0.0,"enemies":"2 Louse","floor":1.0,"turns":2.0},{"damage":30.0,"enemies":"Jaw Worm","floor":5.0,"turns":5.0},{"damage":3.0,"enemies":"Cultist","floor":7.0,"turns":6.0},{"damage":3.0,"enemies":"Exordium Wildlife","floor":10.0,"turns":4.0},{"damage":0.0,"enemies":"Looter","floor":12.0,"turns":4.0},{"damage":0.0,"enemies":"Large Slime","floor":13.0,"turns":5.0},{"damage":0.0,"enemies":"Exordium Thugs","floor":14.0,"turns":3.0},{"damage":29,"enemies":"Hexaghost","floor":16,"turns":4}],"seed_played":"-587577638262706789","potions_obtained":[{"floor":1.0,"key":"StancePotion"},{"floor":14.0,"key":"PowerPotion"}],"is_trial":false,"path_per_floor":["M","?","$","?","M","R","M","$","T","M","$","M","M","M","R","B"],"character_chosen":"WATCHER","items_purchased":["AT_BellDemon"],"campfire_rested":0,"item_purchase_floors":[3],"current_hp_per_floor":[72,61,61,61,31,31,32,32,32,29,29,29,29,29,29,0,0],"gold":169,"neow_bonus":"","is_daily":true,"chose_seed":false,"campfire_upgraded":2,"win_rate":0.0,"timestamp":1613014246,"path_taken":["M","?","$","?","M","R","M","$","T","M","?","M","M","?","R","BOSS"],"items_purchased_type":["Relic"],"build_version":"2020-12-18","purchased_purges":1,"victory":false,"max_hp_per_floor":[72,72,72,72,72,72,72,72,72,72,72,72,72,72,72,72,72],"card_choices":[],"player_experience":209390,"relics_obtained":[{"floor":1.0,"key":"Shuriken"},{"floor":5.0,"key":"Omamori"},{"floor":5.0,"key":"Vajra"},{"floor":7.0,"key":"Tiny Chest"},{"floor":7.0,"key":"Centennial Puzzle"},{"floor":9.0,"key":"The Courier"},{"floor":10.0,"key":"Anchor"},{"floor":10.0,"key":"Molten Egg 2"},{"floor":12.0,"key":"AT_MibuBalloonWealth"},{"floor":12.0,"key":"Gambling Chip"},{"floor":13.0,"key":"Kunai"},{"floor":13.0,"key":"Damaru"},{"floor":14.0,"key":"Letter Opener"},{"floor":14.0,"key":"AT_ForceNature"}],"event_choices":[{"damage_healed":0.0,"max_hp_gain":0.0,"max_hp_loss":0.0,"gold_gain":75.0,"event_name":"World of Goop","player_choice":"Gather Gold","floor":2.0,"gold_loss":0.0,"damage_taken":11.0},{"damage_healed":0.0,"max_hp_gain":0.0,"max_hp_loss":0.0,"gold_gain":0.0,"cards_transformed":["AT_PowerWithin"],"event_name":"Living Wall","player_choice":"Change","floor":4.0,"gold_loss":0.0,"damage_taken":0.0,"cards_obtained":["Panacea"]}],"is_beta":true,"boss_relics":[],"items_purged_floors":[11],"is_endless":false,"potions_floor_spawned":[1,14],"killed_by":"Hexaghost","ascension_level":0}}