{"host":"9eojso4kl4lidi9b","time":1613007115,"event":{"mods":["BaseMod","Beaked The Cultist","Better Skull","Colored Map","Colored Powertips","Conspire","Downfall","GifTheSpireLib","Minty Spire (QoL Compilation)","Random Character Button","Small Relic Pack","StSLib","Stuff the Spire","The Blackbeard","The Necromancer","The Poker Player","The Wild Card","Trackpad","Unceasing Turn Reminder","Yuri Mod"],"gold_per_floor":[99,99,114,114,129,144,144,144,159,174,174,204,204,234,249,349,349,349,414,464,479,494,509,509,263,288,368,362,362,412,462,462],"floor_reached":31,"language":"ENG","playtime":1771,"items_purged":["StuffTheSpire:ForEach"],"score":385,"play_id":"d77ea5df-47bd-4dd4-8991-311e7950790e","local_time":"20210210193155","daily_mods":["Shiny","Blue Cards","DeadlyEvents"],"is_ascension_mode":false,"campfire_choices":[{"data":"Meteor Strike","floor":1,"key":"SMITH"},{"floor":8,"key":"REST"},{"data":"Omniscience","floor":11,"key":"SMITH"},{"data":"1","floor":13,"key":"LIFT"},{"data":"ConjureBlade","floor":18,"key":"SMITH"}],"circlet_count":0,"master_deck":["Hyperbeam","StuffTheSpire:EventHorizon","Machine Learning","Buffer","All For One","Core Surge","Multi-Cast+1","Thunder Strike","Electrodynamics","Rainbow","Seek","StuffTheSpire:LaunchingStrike","Echo Form","Reboot","Fission","StuffTheSpire:Purify","Biased Cognition","Meteor Strike+1","Amplify","Creative AI","Devotion","LessonLearned","Vault","Establishment","Judgement","MasterReality","Blasphemy","Scrawl","Wish","Brilliance","Alpha","DeusExMachina","ConjureBlade+1","Ragnarok","Omniscience+1","SpiritShield","DevaForm","Beam Cell","Stack","StuffTheSpire:Coldhearted","Gash","Ball Lightning","CrushJoints","Fusion","Go for the Eyes","StuffTheSpire:LaunchingStrike","StuffTheSpire:NuclearReactor","FlyingSleeves","Ball Lightning","Wallop","Leap","expansioncontent:PolyBeam","Skim","Sweeping Beam+1","Melter","expansioncontent:DashGenerateEvil","StuffTheSpire:Synthwave"],"relics":["PureWater","Girya","conspire:DeflatedDodgeball","Smiling Mask","Tiny Chest","relicPack:KazumaCape","sneckomod:BlankCard","StrikeDummy","Ancient Tea Set","PreservedInsect","Orichalcum"],"acts_visited":["Exordium","TheCity"],"potions_floor_usage":[12,15,22,23,28,28,30],"damage_taken":[{"damage":0,"enemies":"Small Slimes","floor":3,"turns":3},{"damage":13,"enemies":"2 Louse","floor":5,"turns":2},{"damage":0,"enemies":"Jaw Worm","floor":6,"turns":1},{"damage":0,"enemies":"Red Slaver","floor":9,"turns":1},{"damage":0,"enemies":"Exordium Wildlife","floor":10,"turns":4},{"damage":0,"enemies":"3 Sentries","floor":12,"turns":2},{"damage":9,"enemies":"Lagavulin","floor":14,"turns":7},{"damage":0,"enemies":"Blue Slaver","floor":15,"turns":1},{"damage":38,"enemies":"Hexaghost","floor":16,"turns":8},{"damage":0,"enemies":"conspire:FuzzyDice","floor":19,"turns":3},{"damage":0,"enemies":"Spheric Guardian","floor":21,"turns":3},{"damage":31,"enemies":"Snake Plant","floor":22,"turns":3},{"damage":18,"enemies":"Cultist and Chosen","floor":23,"turns":5},{"damage":4,"enemies":"downfall:FleeingMerchant","floor":25,"turns":5},{"damage":6,"enemies":"Book of Stabbing","floor":27,"turns":4},{"damage":9,"enemies":"downfall:FleeingMerchant","floor":28,"turns":4},{"damage":0,"enemies":"Gremlin Leader","floor":30,"turns":1},{"damage":9,"enemies":"Snecko","floor":31,"turns":2}],"seed_played":"-587577638262706789","potions_obtained":[{"floor":3,"key":"SneckoOil"},{"floor":9,"key":"Explosive Potion"},{"floor":10,"key":"champ:CounterPotion"},{"floor":16,"key":"Swift Potion"}],"is_trial":false,"path_per_floor":["R","?","M","?","M","M","T","R","M","M","R","E","R","E","M","B",null,"R","M","T","M","M","M","T","$","T","E","$","?","E","M"],"character_chosen":"WATCHER","items_purchased":["Ancient Tea Set","expansioncontent:PolyBeam","Melter","expansioncontent:DashGenerateEvil","StuffTheSpire:Synthwave"],"campfire_rested":1,"item_purchase_floors":[25,25,28,28,28],"current_hp_per_floor":[72,69,69,69,56,56,56,72,72,72,72,72,72,63,63,25,72,72,72,72,72,41,23,23,19,19,13,4,4,4,0,0],"gold":462,"neow_bonus":"","is_daily":true,"chose_seed":false,"campfire_upgraded":3,"win_rate":0.0,"timestamp":1613007115,"path_taken":["R","?","M","?","M","M","T","R","M","M","R","E","R","?","M","BOSS","R","M","?","M","?","M","T","?","?","?","$","?","?","M"],"items_purchased_type":["Relic","Card","Card","Card","Card"],"build_version":"2020-12-22","purchased_purges":1,"victory":false,"max_hp_per_floor":[72,72,72,72,72,72,72,72,72,72,72,72,72,72,72,72,72,72,72,72,72,72,72,72,72,72,72,72,72,72,72,72],"card_choices":[{"not_picked":["CutThroughFate","StuffTheSpire:GlassShard"],"picked":"Beam Cell","floor":3},{"not_picked":["Heatsinks","Redo"],"picked":"Stack","floor":5},{"not_picked":["Conclude","Halt"],"picked":"StuffTheSpire:Coldhearted","floor":6},{"not_picked":["ThirdEye","CutThroughFate"],"picked":"Gash","floor":9},{"not_picked":["CutThroughFate","Static Discharge"],"picked":"Ball Lightning","floor":10},{"not_picked":["StuffTheSpire:ForEach","StuffTheSpire:Purify"],"picked":"CrushJoints","floor":12},{"not_picked":["Cold Snap","Genetic Algorithm"],"picked":"Fusion","floor":14},{"not_picked":["Halt","WaveOfTheHand"],"picked":"Go for the Eyes","floor":15},{"not_picked":["Thunder Strike","Brilliance"],"picked":"StuffTheSpire:LaunchingStrike","floor":16},{"not_picked":["Gash","StuffTheSpire:NuclearReactor","StuffTheSpire:GlassShard"],"picked":"SKIP","floor":19},{"not_picked":["Gash","StuffTheSpire:GlassShard"],"picked":"StuffTheSpire:NuclearReactor","floor":19},{"not_picked":["Prostrate","Reinforced Body"],"picked":"FlyingSleeves","floor":21},{"not_picked":["Go for the Eyes","Heatsinks"],"picked":"Ball Lightning","floor":22},{"not_picked":["Prostrate","Defragment"],"picked":"Wallop","floor":23},{"not_picked":["FlyingSleeves","Rebound"],"picked":"Leap","floor":25},{"not_picked":["Wallop","Chaos"],"picked":"Skim","floor":27},{"not_picked":["BowlingBash","Storm"],"picked":"Sweeping Beam+1","floor":28}],"player_experience":1099792,"relics_obtained":[{"floor":7,"key":"conspire:DeflatedDodgeball"},{"floor":12,"key":"Smiling Mask"},{"floor":14,"key":"Tiny Chest"},{"floor":20,"key":"sneckomod:BlankCard"},{"floor":24,"key":"StrikeDummy"},{"floor":26,"key":"PreservedInsect"},{"floor":27,"key":"Orichalcum"}],"event_choices":[{"damage_healed":0,"gold_gain":0,"player_choice":"Success","damage_taken":3,"relics_obtained":["Girya"],"max_hp_gain":0,"max_hp_loss":0,"event_name":"Scrap Ooze","floor":2,"gold_loss":0},{"damage_healed":0,"gold_gain":0,"player_choice":"Leave","damage_taken":0,"max_hp_gain":0,"max_hp_loss":0,"event_name":"conspire:Investor","floor":4,"gold_loss":0}],"is_beta":false,"boss_relics":[{"not_picked":["Coffee Dripper","Empty Cage"],"picked":"relicPack:KazumaCape"}],"items_purged_floors":[28],"is_endless":false,"potions_floor_spawned":[3,9,10,16,21,30],"killed_by":"Snecko","ascension_level":0}}