{"host":"9ij7vlqro2mzmyov","time":1613053095,"event":{"mods":["BaseMod","Colored Map","DeckTracker","Minty Spire (QoL Compilation)","Permanent Neow","SuperFastMode"],"gold_per_floor":[114,64,77,90,104,104,120,120,120,120,45,377,377,390,390,487,487,468,483,398,398,398],"floor_reached":21,"language":"KOR","playtime":756,"items_purged":["Strike_B"],"score":226,"play_id":"3e148d01-c39a-477b-92f0-04d1ba8f78ba","local_time":"20210211231815","is_ascension_mode":true,"campfire_choices":[{"data":"Genetic Algorithm","floor":6.0,"key":"SMITH"},{"data":"Coolheaded","floor":8.0,"key":"SMITH"},{"data":"Zap","floor":10.0,"key":"SMITH"},{"data":"Go for the Eyes","floor":15.0,"key":"SMITH"}],"circlet_count":0,"master_deck":["Strike_B","Strike_B","Defend_B","Defend_B","Defend_B","Defend_B","Zap+1","Dualcast","Ball Lightning","Coolheaded+1","Streamline","Genetic Algorithm+1","Ball Lightning","Go for the Eyes+1","All For One","Seek","Conserve Battery","Turbo+1"],"relics":["Cracked Core","MealTicket","Unceasing Top","Old Coin","Black Star","Eternal Feather"],"acts_visited":["Exordium","TheCity"],"potions_floor_usage":[21,21,21],"damage_taken":[{"damage":4.0,"enemies":"Small Slimes","floor":1.0,"turns":3.0},{"damage":4.0,"enemies":"2 Louse","floor":3.0,"turns":2.0},{"damage":2.0,"enemies":"Jaw Worm","floor":4.0,"turns":3.0},{"damage":13.0,"enemies":"Large Slime","floor":5.0,"turns":5.0},{"damage":0.0,"enemies":"Lots of Slimes","floor":7.0,"turns":1.0},{"damage":33.0,"enemies":"3 Sentries","floor":12.0,"turns":6.0},{"damage":0.0,"enemies":"Gremlin Gang","floor":14.0,"turns":4.0},{"damage":6.0,"enemies":"Slime Boss","floor":16.0,"turns":7.0},{"damage":21.0,"enemies":"2 Thieves","floor":18.0,"turns":4.0},{"damage":19.0,"enemies":"Spheric Guardian","floor":19.0,"turns":4.0},{"damage":25,"enemies":"Centurion and Healer","floor":21,"turns":3}],"seed_played":"6884776250251287825","potions_obtained":[{"floor":4.0,"key":"Explosive Potion"},{"floor":14.0,"key":"FearPotion"},{"floor":16.0,"key":"Energy Potion"},{"floor":19.0,"key":"Weak Potion"}],"is_trial":false,"path_per_floor":["M","?","M","M","M","R","M","R","T","R","$","E","?","M","R","B",null,"M","M","?","M"],"character_chosen":"DEFECT","items_purchased":[],"campfire_rested":0,"item_purchase_floors":[],"current_hp_per_floor":[71,71,67,65,52,52,52,52,52,52,67,34,34,34,34,28,63,42,23,23,0,0],"gold":398,"neow_bonus":"RANDOM_COMMON_RELIC","is_daily":false,"chose_seed":false,"campfire_upgraded":4,"win_rate":0.0,"timestamp":1613053095,"path_taken":["M","?","M","M","M","R","M","R","T","R","$","E","?","M","R","BOSS","M","M","?","M"],"items_purchased_type":[],"build_version":"2020-12-22","purchased_purges":1,"victory":false,"max_hp_per_floor":[75,75,75,75,75,75,75,75,75,75,75,75,75,75,75,75,75,75,75,75,75,75],"card_choices":[{"not_picked":["Blizzard","Steam"],"picked":"Ball Lightning","floor":1.0},{"not_picked":["Cold Snap","Lockon"],"picked":"Coolheaded","floor":3.0},{"not_picked":["Force Field","Self Repair"],"picked":"Streamline","floor":4.0},{"not_picked":["Compile Driver","Heatsinks"],"picked":"Genetic Algorithm","floor":5.0},{"not_picked":["Creative AI","Aggregate"],"picked":"Ball Lightning","floor":7.0},{"not_picked":["Stack","Coolheaded"],"picked":"Go for the Eyes","floor":12.0},{"not_picked":["Steam","Recycle"],"picked":"All For One","floor":14.0},{"not_picked":["Amplify","Biased Cognition"],"picked":"Seek","floor":16.0},{"not_picked":["Leap","Sunder"],"picked":"Conserve Battery","floor":18.0},{"not_picked":["Ball Lightning","Rebound"],"picked":"Turbo+1","floor":19.0}],"player_experience":276369,"relics_obtained":[{"floor":9.0,"key":"Unceasing Top"},{"floor":12.0,"key":"Old Coin"}],"event_choices":[{"cards_removed":["Strike_B"],"damage_healed":0.0,"max_hp_gain":0.0,"max_hp_loss":0.0,"gold_gain":0.0,"event_name":"The Cleric","player_choice":"Card Removal","floor":2.0,"gold_loss":50.0,"damage_taken":0.0},{"damage_healed":0.0,"max_hp_gain":0.0,"max_hp_loss":0.0,"gold_gain":0.0,"event_name":"Liars Game","player_choice":"Ignored","floor":13.0,"gold_loss":0.0,"damage_taken":0.0},{"damage_healed":0.0,"max_hp_gain":0.0,"max_hp_loss":0.0,"gold_gain":0.0,"event_name":"Addict","player_choice":"Obtained Relic","floor":20.0,"gold_loss":85.0,"damage_taken":0.0,"relics_obtained":["Eternal Feather"]}],"is_beta":false,"boss_relics":[{"not_picked":["Coffee Dripper","Philosopher\u0027s Stone"],"picked":"Black Star"}],"items_purged_floors":[11],"is_endless":false,"potions_floor_spawned":[4,14,16,19],"killed_by":"Centurion and Healer","ascension_level":5}}