{"host":"37uvkxgs6qebn1sk","time":1613025543,"event":{"mods":["BaseMod","Better Third Choice","Minty Spire (QoL Compilation)","Replay The Spire","StSLib"],"gold_per_floor":[117,34,46,46,121,151,151,179,233,244,258,272,272,153,153,232,232,244,260,6,25,41,41,74,74,74,90,109,109,109,83,83,158,158,170,183,183,2,20,20,55,55,79,35,50,50,66,82,82,82],"floor_reached":51,"language":"ZHS","playtime":2411,"items_purged":["Strike_P","Defend_P","Strike_P+1"],"score":1074,"play_id":"310f6c7e-3cfe-4bbe-b22b-d1003471b617","local_time":"20210211143903","is_ascension_mode":true,"campfire_choices":[{"data":"Adaptation","floor":7.0,"key":"SMITH"},{"floor":13.0,"key":"REST"},{"data":"Perseverance","floor":15.0,"key":"SMITH"},{"data":"CrushJoints","floor":23.0,"key":"SMITH"},{"floor":25.0,"key":"REST"},{"floor":32.0,"key":"DIG"},{"floor":40.0,"key":"DIG"},{"floor":42.0,"key":"DIG"},{"data":"Adaptation","floor":46.0,"key":"SMITH"}],"circlet_count":0,"master_deck":["AscendersBane","Strike_P+1","Strike_P+1","Defend_P+1","Defend_P+1","Eruption+1","Vigilance+1","Perseverance+1","Adaptation+1","Wallop+1","Sanctity+1","CrushJoints+1","CrushJoints+1","LessonLearned+1","FollowUp+1","Establishment+1","Replay:BluntJabs+1","Scrawl+1","FlyingSleeves+1","DeusExMachina+1","DeceiveReality","Scrawl+1","EmptyBody+1","Adaptation+1","FollowUp+1"],"relics":["PureWater","ReplayFunnel","Bag of Preparation","Regal Pillow","Sozu","Red Mask","Replay:Multitool","Shovel","Empty Cage","Potion Belt","Snack Pack","CeramicFish","Whetstone"],"acts_visited":["Exordium","TheCity","TheBeyond"],"potions_floor_usage":[],"damage_taken":[{"damage":0.0,"enemies":"Small Slimes","floor":1.0,"turns":3.0},{"damage":0.0,"enemies":"2 Louse","floor":3.0,"turns":2.0},{"damage":25.0,"enemies":"Lagavulin","floor":6.0,"turns":6.0},{"damage":0.0,"enemies":"Gremlin Nob","floor":8.0,"turns":3.0},{"damage":0.0,"enemies":"Cultist","floor":10.0,"turns":4.0},{"damage":13.0,"enemies":"2 Fungi Beasts","floor":11.0,"turns":4.0},{"damage":1.0,"enemies":"3 Louse","floor":12.0,"turns":2.0},{"damage":17.0,"enemies":"Slime Boss","floor":16.0,"turns":9.0},{"damage":12.0,"enemies":"3 Byrds","floor":18.0,"turns":6.0},{"damage":8.0,"enemies":"Shell Parasite","floor":19.0,"turns":6.0},{"damage":0.0,"enemies":"Snecko","floor":21.0,"turns":5.0},{"damage":0.0,"enemies":"Cultist and Chosen","floor":22.0,"turns":3.0},{"damage":42.0,"enemies":"Masked Bandits","floor":24.0,"turns":4.0},{"damage":0.0,"enemies":"Centurion and Healer","floor":27.0,"turns":5.0},{"damage":11.0,"enemies":"Snecko","floor":28.0,"turns":6.0},{"damage":29.0,"enemies":"Automaton","floor":33.0,"turns":10.0},{"damage":3.0,"enemies":"Orb Walker","floor":35.0,"turns":2.0},{"damage":0.0,"enemies":"3 Shapes","floor":36.0,"turns":4.0},{"damage":4.0,"enemies":"Sphere and 2 Shapes","floor":39.0,"turns":7.0},{"damage":0.0,"enemies":"Giant Head","floor":41.0,"turns":5.0},{"damage":0.0,"enemies":"Transient","floor":45.0,"turns":6.0},{"damage":6.0,"enemies":"4 Shapes","floor":47.0,"turns":4.0},{"damage":11.0,"enemies":"Spire Growth","floor":48.0,"turns":4.0},{"damage":36,"enemies":"Replay:Hell Engine","floor":50,"turns":12}],"seed_played":"3761815881351381223","potions_obtained":[{"floor":1.0,"key":"Swift Potion"},{"floor":3.0,"key":"PowerPotion"},{"floor":11.0,"key":"Cursed Concoction"},{"floor":12.0,"key":"EssenceOfSteel"},{"floor":16.0,"key":"Adrenaline Potion"}],"is_trial":false,"path_per_floor":["M","$","M","?","?","E","R","E","T","M","M","M","R","$","R","B",null,"M","M","$","M","M","R","?","R","T","M","M","R","?","$","R","B",null,"M","M","?","$","M","R","E","R","T","$","M","R","M","M","R","B",null],"character_chosen":"WATCHER","items_purchased":["Adaptation","CrushJoints","Establishment","FlyingSleeves","EmptyBody","FollowUp"],"campfire_rested":2,"item_purchase_floors":[2,14,20,31,38,44],"current_hp_per_floor":[61,61,61,66,55,30,30,30,30,30,17,16,52,52,52,35,64,52,44,44,44,44,44,2,38,38,38,27,63,63,63,63,34,63,60,60,60,60,56,56,56,56,56,56,66,66,64,57,73,50],"gold":82,"neow_bonus":"RANDOM_EVENT","is_daily":false,"chose_seed":false,"campfire_upgraded":4,"win_rate":0.0,"timestamp":1613025543,"path_taken":["M","$","M","?","?","E","R","E","T","M","M","M","R","$","R","BOSS","M","M","$","M","M","R","?","R","T","M","M","R","?","$","R","BOSS","M","M","?","$","M","R","E","R","T","$","?","R","M","M","R","BOSS"],"items_purchased_type":["Card","Card","Card","Card","Card","Card"],"build_version":"2020-12-22","purchased_purges":3,"victory":true,"max_hp_per_floor":[68,68,68,73,73,73,73,73,73,73,73,73,73,73,73,73,73,73,73,73,73,73,73,73,73,73,73,73,73,73,73,73,73,73,73,73,73,73,73,73,73,73,73,73,73,73,73,73,73,73],"card_choices":[{"not_picked":["Crescendo","Consecrate"],"picked":"Perseverance","floor":1.0},{"not_picked":["Replay:BluntJabs","Replay:DivineShield"],"picked":"Wallop","floor":3.0},{"not_picked":["Halt","EmptyBody"],"picked":"LessonLearned","floor":6.0},{"not_picked":["DeceiveReality","Pray"],"picked":"Sanctity","floor":8.0},{"not_picked":["EmptyBody","ThirdEye","Worship"],"picked":"SKIP","floor":10.0},{"not_picked":["Study","ThirdEye","JustLucky"],"picked":"SKIP","floor":11.0},{"not_picked":["Study","ThirdEye","JustLucky"],"picked":"SKIP","floor":11.0},{"not_picked":["WindmillStrike","Halt","Replay:Vibes"],"picked":"SKIP","floor":12.0},{"not_picked":["Scrawl","Brilliance"],"picked":"LessonLearned","floor":16.0},{"not_picked":["Replay:Cycle","Sanctity"],"picked":"FollowUp+1","floor":18.0},{"not_picked":["Protect","PathToVictory","Prostrate"],"picked":"SKIP","floor":19.0},{"not_picked":["EmptyFist","BowlingBash+1","FearNoEvil"],"picked":"SKIP","floor":21.0},{"not_picked":["FearNoEvil","WheelKick","Nirvana"],"picked":"SKIP","floor":22.0},{"not_picked":["Halt","Swivel"],"picked":"Replay:BluntJabs","floor":27.0},{"not_picked":["DeceiveReality","CutThroughFate","Replay:Anticipation"],"picked":"SKIP","floor":28.0},{"not_picked":["Judgement","Establishment"],"picked":"DeusExMachina","floor":33.0},{"not_picked":["WaveOfTheHand","InnerPeace"],"picked":"DeceiveReality","floor":35.0},{"not_picked":["WaveOfTheHand","Prostrate","Evaluate"],"picked":"SKIP","floor":36.0},{"not_picked":["EmptyFist","Prostrate+1"],"picked":"Adaptation","floor":39.0},{"not_picked":["JustLucky","EmptyBody","Replay:AtTheReady"],"picked":"SKIP","floor":41.0},{"not_picked":["Fasting2","FollowUp","Consecrate+1"],"picked":"SKIP","floor":45.0},{"not_picked":["PathToVictory","ReachHeaven+1","Crescendo"],"picked":"SKIP","floor":47.0},{"not_picked":["PathToVictory","ReachHeaven+1","Crescendo"],"picked":"SKIP","floor":47.0},{"not_picked":["Halt","Omniscience","JustLucky"],"picked":"SKIP","floor":48.0}],"player_experience":974129,"relics_obtained":[{"floor":6.0,"key":"ReplayFunnel"},{"floor":8.0,"key":"Bag of Preparation"},{"floor":9.0,"key":"Regal Pillow"},{"floor":24.0,"key":"Red Mask"},{"floor":26.0,"key":"Replay:Multitool"},{"floor":32.0,"key":"Shovel"},{"floor":40.0,"key":"Potion Belt"},{"floor":41.0,"key":"Snack Pack"},{"floor":42.0,"key":"CeramicFish"},{"floor":43.0,"key":"Whetstone"}],"event_choices":[{"damage_healed":0.0,"max_hp_gain":0.0,"max_hp_loss":0.0,"gold_gain":0.0,"event_name":"Living Wall","player_choice":"Grow","floor":0.0,"gold_loss":0.0,"damage_taken":0.0,"cards_upgraded":["Eruption"]},{"damage_healed":0.0,"max_hp_gain":5.0,"max_hp_loss":0.0,"gold_gain":0.0,"event_name":"Big Fish","player_choice":"Donut","floor":4.0,"gold_loss":0.0,"damage_taken":0.0},{"damage_healed":0.0,"max_hp_gain":0.0,"max_hp_loss":0.0,"gold_gain":75.0,"event_name":"betterThird:BetterGoop","player_choice":"Gold","floor":5.0,"gold_loss":0.0,"damage_taken":11.0},{"damage_healed":0.0,"max_hp_gain":0.0,"max_hp_loss":0.0,"gold_gain":0.0,"event_name":"Masked Bandits","player_choice":"Fought Bandits","floor":24.0,"gold_loss":0.0,"damage_taken":0.0},{"damage_healed":0.0,"max_hp_gain":0.0,"max_hp_loss":0.0,"gold_gain":0.0,"event_name":"The Library","player_choice":"Read","floor":30.0,"gold_loss":0.0,"damage_taken":0.0,"cards_obtained":["Scrawl"]},{"damage_healed":0.0,"max_hp_gain":0.0,"max_hp_loss":0.0,"gold_gain":0.0,"event_name":"Duplicator","player_choice":"Copied","floor":37.0,"gold_loss":0.0,"damage_taken":0.0,"cards_obtained":["Scrawl"]}],"is_beta":false,"boss_relics":[{"not_picked":["Kintsugi","Ring of Chaos"],"picked":"Sozu"},{"not_picked":["Calling Bell","Snecko Eye"],"picked":"Empty Cage"}],"items_purged_floors":[14,20,38],"is_endless":false,"potions_floor_spawned":[1,3,11,12,16,18,27,33,35,36,39],"ascension_level":18}}