{"host":"xp5rvh2jwe2ejyfm","time":1613008994,"event":{"mods":["2.2 Compatiblity","Aspiration","BaseMod","Better Altar","Better Match","Better Note","Better Sensory Stone","Better Skull","BetterRewards","Colored Powertips","Conspire","Downfall","GifTheSpireLib","Gremlin Mod","GungeonMod","Hermit","Hubris","Jorbs\u0027s Wanderer Trilogy","Minty Spire (QoL Compilation)","Potionbrewer","Quick Restart","Replay The Spire","Robot Space Explorer","Shade Mod","Somnambulant","StSLib","The Bug Knight","The Clintock","The Construct","The Cursed","The Disciple","The Forsaken","The Hierophant","The Necromancer","The Runesmith","The Servant 0.9.4","The Valiant","The Witch","TheFirefly","thorton"],"gold_per_floor":[111,75,75,1,1,11,11,26,26,26,55,55,70,82,82,184,184,203,203,222,237,140,172,18,47,47,65,65,29,29,45,45,45,45],"floor_reached":33,"language":"ENG","playtime":1275,"items_purged":[],"score":285,"play_id":"be426cad-ed31-4981-9087-98154bf2093d","local_time":"20210210210314","is_ascension_mode":false,"campfire_choices":[{"floor":7,"key":"RECALL"},{"floor":15,"key":"REST"},{"floor":28,"key":"REST"},{"floor":32,"key":"REST"}],"circlet_count":0,"master_deck":["Shade:Strike_Shade","Shade:Strike_Shade","Shade:Strike_Shade","Shade:Strike_Shade","Shade:Defend_Shade","Shade:Defend_Shade","Shade:Defend_Shade","Shade:Defend_Shade","Shade:AnimateDead","Shade:CarefulCut","Shade:Brains","Shade:OpenGraves","Shade:Bite_Shade","Shade:CallWraith","Shade:CloudOfShrapnel","Shade:FreshBones","Shade:CommandSoldier","Shade:CommandSoldier","Shade:Coordination","Shade:SensePrey+1","Footwork","Prepared","Draining Mist","Shade:FreshBones","Bouncing Flask","Shade:SoulPierce","Shade:Carnophage","Poisoned Stab","Poisoned Stab","Shade:SkeletonArmy+1"],"relics":["Shade:YorickSkull","NeowsBlessing","hubris:Towel","hubris:Icosahedron","aspiration:HummingbirdHeart","aspiration:ArtOfWarUpgrade","aspiration:SilentSkillbook","aspiration:HiddenCompartment","Blood Vial","Prayer Beads"],"acts_visited":["Exordium","TheCity"],"potions_floor_usage":[11,11,11,13,23,33],"damage_taken":[{"damage":0,"enemies":"conspire:RoseBush","floor":1,"turns":1},{"damage":0,"enemies":"2 Louse","floor":6,"turns":1},{"damage":0,"enemies":"Jaw Worm","floor":8,"turns":1},{"damage":39,"enemies":"Lagavulin","floor":11,"turns":7},{"damage":0,"enemies":"Looter","floor":13,"turns":3},{"damage":5,"enemies":"Exordium Wildlife","floor":14,"turns":3},{"damage":43,"enemies":"Slime Boss","floor":16,"turns":10},{"damage":8,"enemies":"3 Byrds","floor":18,"turns":4},{"damage":22,"enemies":"Spheric Guardian","floor":20,"turns":4},{"damage":18,"enemies":"3 Cultists","floor":21,"turns":5},{"damage":2,"enemies":"HollowMod:Nosk","floor":23,"turns":9},{"damage":8,"enemies":"Gremlin Leader","floor":25,"turns":5},{"damage":12,"enemies":"Centurion and Healer","floor":27,"turns":8},{"damage":35,"enemies":"Shelled Parasite and Fungi","floor":31,"turns":8},{"damage":29,"enemies":"Champ","floor":33,"turns":6}],"seed_played":"5426094318078990105","potions_obtained":[{"floor":6,"key":"potionbrewer:ToxicPotion"},{"floor":8,"key":"potionbrewer:BarricadePotion"},{"floor":11,"key":"PowerPotion"},{"floor":21,"key":"Block Potion"},{"floor":25,"key":"Elixir"},{"floor":27,"key":"Dexterity Potion"}],"is_trial":false,"path_per_floor":["M","$","?","$","?","M","R","M","T","$","E","R","M","M","R","B",null,"M","?","M","M","$","E","$","E","T","M","R","$","R","M","R","B"],"character_chosen":"SHADE","items_purchased":["Shade:OpenGraves","Shade:Bite_Shade","Draining Mist","Shade:FreshBones","Blood Vial","Poisoned Stab"],"campfire_rested":3,"item_purchase_floors":[2,4,22,22,24,29],"current_hp_per_floor":[65,65,65,65,65,65,65,65,65,65,28,28,30,27,46,7,65,59,59,39,23,23,25,25,21,21,17,36,36,36,7,26,0,0],"gold":45,"neow_bonus":"THREE_ENEMY_KILL","is_daily":false,"chose_seed":false,"campfire_upgraded":0,"win_rate":0.0,"timestamp":1613008994,"path_taken":["M","$","?","$","?","M","R","M","T","?","E","R","M","M","R","BOSS","M","?","M","?","$","E","$","E","T","M","R","$","R","M","R","BOSS"],"items_purchased_type":["Card","Card","Card","Card","Relic","Card"],"build_version":"2020-12-22","purchased_purges":0,"victory":false,"max_hp_per_floor":[65,65,65,65,65,65,65,65,65,65,65,65,65,65,65,65,65,65,65,65,65,65,65,65,65,65,65,65,65,65,65,65,65,65],"card_choices":[{"not_picked":["Shade:FingerOfDeath","Shade:ExtraLimbs"],"picked":"Shade:Brains","floor":1},{"not_picked":["Shade:FuneraryArmor","Shade:SpontaneousRitual"],"picked":"Shade:CallWraith","floor":6},{"not_picked":["Shade:AblativeArmor","Shade:Asphyxiate"],"picked":"Shade:CloudOfShrapnel","floor":8},{"not_picked":["Shade:ExtraLimbs","Shade:SoulToxin"],"picked":"Shade:FreshBones","floor":11},{"not_picked":["Shade:Premonition","Shade:Trample"],"picked":"Shade:CommandSoldier","floor":13},{"not_picked":["Shade:FuneraryArmor","Shade:OneIsEnough"],"picked":"Shade:CommandSoldier","floor":14},{"not_picked":["Shade:OneIsEnough","Shade:Consume"],"picked":"Shade:Coordination","floor":16},{"not_picked":["Shade:WallOfFlesh","PiercingWail","Replay:Poison Smokescreen"],"picked":"Shade:SensePrey+1","floor":18},{"not_picked":["Shade:Carnophage","conspire:DoublingDagger","Prepared+1"],"picked":"Footwork","floor":20},{"not_picked":["Shade:CallWraith","Shade:CoffinDance","Shade:BoneShards"],"picked":"Prepared","floor":21},{"not_picked":["ReplayTheSpireMod:Exploit Weakness","Acrobatics","Quick Slash"],"picked":"Bouncing Flask","floor":23},{"not_picked":["Sucker Punch","Skewer","Quick Slash"],"picked":"Shade:SoulPierce","floor":25},{"not_picked":["Dodge and Roll","Draining Mist","Slice"],"picked":"Shade:Carnophage","floor":27},{"not_picked":["Accuracy","Shade:Trample","Dodge and Roll"],"picked":"Shade:SkeletonArmy+1","floor":31}],"player_experience":483307,"relics_obtained":[{"floor":9,"key":"aspiration:HummingbirdHeart"},{"floor":11,"key":"Art of War"},{"floor":23,"key":"DemoMod:WeirdEgg"},{"floor":25,"key":"Prayer Beads"}],"event_choices":[{"damage_healed":0,"gold_gain":0,"player_choice":"Ignored","damage_taken":0,"max_hp_gain":0,"max_hp_loss":0,"event_name":"betterNote:BetterNote","floor":19,"gold_loss":0,"cards_obtained":["Shade:AnimateDead"]}],"is_beta":false,"boss_relics":[{"not_picked":["aspiration:WatcherSkillbook","Snecko Eye"],"picked":"aspiration:SilentSkillbook"}],"items_purged_floors":[],"is_endless":false,"potions_floor_spawned":[6,8,11,21,25,27],"killed_by":"Champ","ascension_level":0}}