{"host":"0m9qzqwuh9r40nrk","time":1613038640,"event":{"mods":["BaseMod","Conspire","Downfall","Hermit","Hubris","Infinite Spire","Jorbs\u0027s Wanderer Trilogy","Minty Spire (QoL Compilation)","Quick Restart","Replay The Spire","Shop Mod","StSLib","The Animator","The Construct","The Cursed","The Disciple","The Hierophant","The Necromancer","The Runesmith","everything is the same but u backflip on backflip"],"gold_per_floor":[117,131,141,41,41,41,69,69,95,9,55,55,81,115,115,233,233,265,297,297,323,349,391,391,391,416,515,62,62,62,80,80,190,190,222,222,260,160,194,222,264,296,296,150,190,190,190,217,217,237],"floor_reached":51,"language":"ENG","playtime":17980,"items_purged":[],"score":975,"play_id":"3d798683-3ceb-450c-856d-990b7ade809f","local_time":"20210211021720","daily_mods":["SealedDeck"],"is_ascension_mode":true,"campfire_choices":[{"data":"Guardian:BaubleBeam","floor":6,"key":"SMITH"},{"data":"Ghostly","floor":8,"key":"SMITH"},{"data":"Guardian:TimeBomb","floor":12,"key":"SMITH"},{"data":"Guardian:Emergency","floor":15,"key":"SMITH"},{"data":"Guardian:VentSteam","floor":24,"key":"SMITH"},{"data":"infinitespire:Collect","floor":30,"key":"SMITH"},{"data":"Secret Technique","floor":32,"key":"SMITH"},{"floor":49,"key":"DIG"}],"circlet_count":0,"master_deck":["Guardian:Preprogram","Guardian:WalkerClaw","Guardian:Incinerate","Guardian:PrimingBeam","Guardian:Reroute","Guardian:Suspension","Guardian:BronzeOrb","Guardian:Emergency+1","Guardian:TimeBomb+1","Guardian:BaubleBeam+1","Ghostly+1","Guardian:CrystalBeam","Guardian:TimeSifter","Guardian:Clone+1","Guardian:VentSteam+1","Secret Technique+1","Guardian:BaubleBeam+1","Guardian:PiercingHide","Guardian:PiercingHide","infinitespire:Collect+1","infinitespire:TheBestDefense","Guardian:StasisStrike","Guardian:ShieldCharger","Guardian:Reroute+1","Guardian:BronzeOrb+1","Guardian:BodySlam+1","Guardian:CrystalBeam","Guardian:Suspension","Guardian:ConstructionForm","infinitespire:Execution","Guardian:Emergency+1"],"relics":["Guardian:ModeShifter","Gremlin Food","hubris:OldNail","Replay:Bandana","Meat on the Bone","sneckomod:BlankCard","conspire:SlowCooker","Torii","Bag of Preparation","DollysMirror","Potion Belt","Fusion Hammer","Pantograph","ReplayTheSpireMod:Ninjato","Shuriken","hubris:DeckOfHolding"],"acts_visited":["Exordium","TheCity","TheBeyond"],"potions_floor_usage":[7,7,14,33,41,50,50],"damage_taken":[{"damage":7,"enemies":"Jaw Worm","floor":1,"turns":3},{"damage":0,"enemies":"2 Louse","floor":2,"turns":2},{"damage":12,"enemies":"Small Slimes","floor":3,"turns":3},{"damage":15,"enemies":"Lagavulin","floor":7,"turns":5},{"damage":18,"enemies":"Gremlin Nob","floor":11,"turns":4},{"damage":15,"enemies":"Gremlin Gang","floor":13,"turns":4},{"damage":5,"enemies":"3 Sentries","floor":14,"turns":2},{"damage":6,"enemies":"Hexaghost","floor":16,"turns":5},{"damage":26,"enemies":"conspire:FuzzyDice","floor":18,"turns":3},{"damage":13,"enemies":"Shell Parasite","floor":19,"turns":4},{"damage":7,"enemies":"Centurion and Healer","floor":21,"turns":4},{"damage":9,"enemies":"Cultist and Chosen","floor":22,"turns":6},{"damage":0,"enemies":"conspire:Head Lice","floor":23,"turns":5},{"damage":0,"enemies":"Chosen and Byrds","floor":31,"turns":4},{"damage":1,"enemies":"Champ","floor":33,"turns":6},{"damage":3,"enemies":"3 Darklings","floor":35,"turns":3},{"damage":0,"enemies":"Orb Walker","floor":37,"turns":3},{"damage":0,"enemies":"Spire Growth","floor":39,"turns":2},{"damage":0,"enemies":"3 Darklings","floor":40,"turns":3},{"damage":0,"enemies":"Nemesis","floor":41,"turns":3},{"damage":1,"enemies":"4 Shapes","floor":42,"turns":3},{"damage":0,"enemies":"Transient","floor":45,"turns":4},{"damage":0,"enemies":"3 Darklings","floor":48,"turns":2},{"damage":0,"enemies":"Donu and Deca","floor":50,"turns":4}],"seed_played":"3991693724202017150","potions_obtained":[{"floor":1,"key":"Fire Potion"},{"floor":3,"key":"Weak Potion"},{"floor":13,"key":"Milkshake"},{"floor":19,"key":"Flashbang"},{"floor":22,"key":"Guardian:DefensiveModePotion"},{"floor":33,"key":"Weak Potion"},{"floor":35,"key":"conspire:TimeTravelPotion"},{"floor":41,"key":"Languid Potion"},{"floor":42,"key":"Reflective Coating"},{"floor":48,"key":"Swift Potion"}],"is_trial":true,"path_per_floor":["M","M","M","?","?","R","E","R","T","$","E","R","M","E","R","B",null,"M","M","?","M","M","E","R","?","T","?","$","AVR","R","M","R","B",null,"M","?","M","NS","M","M","E","M","T","$","M","?","AVR","M","R","B",null],"character_chosen":"GUARDIAN","items_purchased":["Guardian:Gem_Green","Guardian:Suspension","Secret Technique","DollysMirror","Guardian:PiercingHide","Guardian:Gem_Lightblue","Energy Potion","Guardian:Gem_Fragmented","Guardian:CrystalBeam","Guardian:Suspension"],"campfire_rested":0,"item_purchase_floors":[10,10,28,28,28,28,28,44,44,44],"current_hp_per_floor":[73,73,61,61,58,58,43,43,43,43,25,25,22,29,29,35,80,54,41,41,46,49,49,49,49,49,49,49,49,49,49,49,48,80,77,77,77,77,77,77,77,76,76,76,76,57,57,57,57,80],"gold":237,"neow_bonus":"","is_daily":false,"chose_seed":false,"campfire_upgraded":7,"win_rate":0.0,"timestamp":1613038640,"path_taken":["M","M","M","?","?","R","E","R","T","$","E","R","M","E","R","BOSS","M","M","?","M","M","E","R","?","T","?","?","AVR","R","M","R","BOSS","M","?","?","NS","M","M","E","M","T","?","M","?","AVR","M","R","BOSS"],"items_purchased_type":["Card","Card","Card","Relic","Card","Card","Potion","Card","Card","Card"],"build_version":"2020-12-22","purchased_purges":0,"victory":true,"max_hp_per_floor":[80,80,80,80,80,80,80,80,80,80,80,80,80,80,80,80,80,80,80,80,80,80,80,80,80,80,80,80,80,80,80,80,80,80,80,80,80,80,80,80,80,80,80,80,80,80,80,80,80,80],"card_choices":[{"not_picked":["Guardian:CrystalBeam","Guardian:TemporalShield"],"picked":"Guardian:Emergency","floor":1},{"not_picked":["Guardian:Gem_Green","Guardian:PiercingHide"],"picked":"Guardian:TimeBomb","floor":2},{"not_picked":["Guardian:BronzeOrb","Guardian:VentSteam"],"picked":"Guardian:BaubleBeam","floor":3},{"not_picked":["Guardian:RollAttack","Guardian:Emergency"],"picked":"Guardian:CrystalBeam","floor":7},{"not_picked":["Guardian:Planning","Guardian:VentSteam"],"picked":"Guardian:Gem_Red","floor":11},{"not_picked":["Guardian:CrystalBeam","Guardian:PrismaticBeam"],"picked":"Guardian:Gem_Yellow","floor":13},{"not_picked":["Guardian:Preprogram","Guardian:BodySlam"],"picked":"Guardian:Gem_Yellow","floor":14},{"not_picked":["Guardian:SphericShield","Guardian:AncientConstruct"],"picked":"Guardian:TimeSifter","floor":16},{"not_picked":["Guardian:DonusPower+1","Guardian:Emergency+1"],"picked":"Guardian:Gem_Red","floor":18},{"not_picked":["Guardian:Gem_Lightblue","Guardian:WalkerClaw"],"picked":"Guardian:Clone+1","floor":19},{"not_picked":["Guardian:Suspension","Guardian:PrimingBeam"],"picked":"Guardian:VentSteam","floor":21},{"not_picked":["Guardian:TimeCapacitor","Guardian:ChargeCore"],"picked":"Guardian:Gem_Red","floor":22},{"not_picked":["Guardian:RollAttack+1","Guardian:TemporalStrike"],"picked":"Guardian:Gem_White","floor":23},{"not_picked":["Guardian:WalkerClaw","Guardian:VentSteam+1"],"picked":"Guardian:ChargeCore+1","floor":31},{"not_picked":["Guardian:Gem_Synthetic","Guardian:AncientConstruct"],"picked":"Guardian:StasisStrike","floor":33},{"not_picked":["Guardian:SpikerProtocol","Guardian:TemporalShield+1"],"picked":"Guardian:Recover+1","floor":35},{"not_picked":["Guardian:Repulse","Guardian:RefractedBeam"],"picked":"Guardian:ShieldCharger","floor":37},{"not_picked":["Guardian:PrimingBeam","Guardian:Suspension+1"],"picked":"Guardian:Gem_White","floor":39},{"not_picked":["Guardian:TemporalStrike","Guardian:Gem_Green"],"picked":"Guardian:Reroute+1","floor":40},{"not_picked":["Guardian:PolyBeam","Guardian:ShieldCharger"],"picked":"Guardian:BronzeOrb+1","floor":41},{"not_picked":["Guardian:RollAttack+1","Guardian:Emergency"],"picked":"Guardian:BodySlam+1","floor":42},{"not_picked":["Guardian:RefractedBeam","Guardian:Incinerate"],"picked":"Guardian:ConstructionForm","floor":45},{"not_picked":["infinitespire:DeathsTouch","infinitespire:SevenWalls"],"picked":"infinitespire:Execution","floor":46},{"not_picked":["Guardian:Planning+1","Guardian:TemporalStrike+1"],"picked":"Guardian:Emergency+1","floor":48}],"player_experience":578644,"relics_obtained":[{"floor":7,"key":"hubris:OldNail"},{"floor":9,"key":"Replay:Bandana"},{"floor":11,"key":"Meat on the Bone"},{"floor":14,"key":"sneckomod:BlankCard"},{"floor":23,"key":"Torii"},{"floor":26,"key":"Bag of Preparation"},{"floor":41,"key":"Pantograph"},{"floor":43,"key":"ReplayTheSpireMod:Ninjato"},{"floor":49,"key":"hubris:DeckOfHolding"}],"event_choices":[{"damage_healed":0,"gold_gain":0,"player_choice":"Argue","damage_taken":0,"max_hp_gain":0,"max_hp_loss":0,"event_name":"conspire:LoneGhost","floor":4,"gold_loss":0},{"damage_healed":0,"gold_gain":0,"player_choice":"Success","damage_taken":3,"relics_obtained":["Gremlin Food"],"max_hp_gain":0,"max_hp_loss":0,"event_name":"Scrap Ooze","floor":5,"gold_loss":0},{"damage_healed":0,"gold_gain":99,"player_choice":"Stole From Cult","damage_taken":0,"max_hp_gain":0,"max_hp_loss":0,"event_name":"Nest","floor":27,"gold_loss":0},{"damage_healed":0,"gold_gain":0,"player_choice":"0 cards matched","damage_taken":0,"max_hp_gain":0,"max_hp_loss":0,"event_name":"Match and Keep!","floor":36,"gold_loss":0,"cards_obtained":[]}],"is_beta":false,"boss_relics":[{"not_picked":["bronze:MakeshiftBattery","Black Star"],"picked":"conspire:SlowCooker"},{"not_picked":["hubris:GrandSneckoEye","Calling Bell"],"picked":"Fusion Hammer"}],"items_purged_floors":[],"is_endless":false,"potions_floor_spawned":[1,3,13,19,22,33,35,41,42,48],"ascension_level":4}}