{"host":"2rbn7ywmirq5y689","time":1613032787,"event":{"mods":["BaseMod","Colored Map","Colored Powertips","Highlight Path","Minty Spire (QoL Compilation)","Rare Cards Sparkle","Relic Stats","StSLib"],"gold_per_floor":[118,135,135,147,67,98,98,98,98,116,129,129,156,170,170,274,274,292,341,119,119,119],"floor_reached":21,"language":"ENG","playtime":1318,"items_purged":["Pain"],"score":252,"play_id":"521cb310-2be7-4d8f-bfba-5c3540ba09b0","local_time":"20210211163947","is_ascension_mode":true,"campfire_choices":[{"data":"Eruption","floor":7,"key":"SMITH"},{"floor":15,"key":"REST"}],"circlet_count":0,"master_deck":["Strike_P","Strike_P","Strike_P","Defend_P","Defend_P","Defend_P","Defend_P","Eruption+1","Vigilance","BattleHymn","Crescendo","Prostrate","Wallop","BowlingBash","Evaluate","CutThroughFate","DevaForm","FollowUp"],"relics":["SlaversCollar","Tiny Chest","Letter Opener","Bottled Lightning","Juzu Bracelet","Cursed Key","PreservedInsect","Damaru"],"acts_visited":["Exordium","TheCity"],"potions_floor_usage":[16,16],"damage_taken":[{"damage":18,"enemies":"Small Slimes","floor":1,"turns":5},{"damage":0,"enemies":"Cultist","floor":2,"turns":4},{"damage":2,"enemies":"Jaw Worm","floor":4,"turns":3},{"damage":17,"enemies":"3 Sentries","floor":6,"turns":4},{"damage":0,"enemies":"Red Slaver","floor":10,"turns":3},{"damage":25,"enemies":"Lots of Slimes","floor":11,"turns":5},{"damage":9,"enemies":"Large Slime","floor":14,"turns":3},{"damage":0,"enemies":"Slime Boss","floor":16,"turns":7},{"damage":43,"enemies":"3 Byrds","floor":18,"turns":5},{"damage":47,"enemies":"Masked Bandits","floor":21,"turns":3}],"seed_played":"-8927812664824675114","potions_obtained":[{"floor":1,"key":"SkillPotion"},{"floor":2,"key":"Regen Potion"},{"floor":11,"key":"Strength Potion"},{"floor":18,"key":"Ancient Potion"}],"is_trial":false,"path_per_floor":["M","M","?","M","$","E","R","T","T","M","M","$","T","M","R","B",null,"M","T","$","?"],"character_chosen":"WATCHER","items_purchased":["Wallop","Damaru"],"campfire_rested":1,"item_purchase_floors":[5,20],"current_hp_per_floor":[54,54,54,52,52,35,35,35,35,35,10,10,10,1,22,36,72,29,29,29,0,0],"gold":119,"neow_bonus":"BOSS_RELIC","is_daily":false,"chose_seed":false,"campfire_upgraded":1,"win_rate":0.0,"timestamp":1613032787,"path_taken":["M","M","?","M","?","E","R","?","T","M","?","$","?","M","R","BOSS","M","?","$","?"],"items_purchased_type":["Card","Relic"],"build_version":"2020-12-22","purchased_purges":1,"victory":false,"max_hp_per_floor":[72,72,72,72,72,72,72,72,72,72,72,72,72,72,72,72,72,72,72,72,72,72],"relic_stats":{"counters":[10,42],"Tiny Chest":1,"PreservedInsect":0,"Juzu Bracelet":0,"Letter Opener":[15],"Cursed Key":1,"obtain_stats":[{"SlaversCollar":0,"Damaru":20,"Tiny Chest":6,"PreservedInsect":19,"Juzu Bracelet":13,"Letter Opener":8,"Bottled Lightning":9,"PureWater":0,"Cursed Key":17},{"SlaversCollar":0,"Damaru":9,"Tiny Chest":4,"PreservedInsect":9,"Juzu Bracelet":6,"Letter Opener":4,"Bottled Lightning":4,"PureWater":0,"Cursed Key":8},{"SlaversCollar":0,"Damaru":39,"Tiny Chest":16,"PreservedInsect":39,"Juzu Bracelet":24,"Letter Opener":16,"Bottled Lightning":16,"PureWater":0,"Cursed Key":34}]},"card_choices":[{"not_picked":["BowlingBash","EmptyBody"],"picked":"BattleHymn","floor":1},{"not_picked":["EmptyMind","Meditate"],"picked":"Crescendo","floor":2},{"not_picked":["BowlingBash","ReachHeaven"],"picked":"Prostrate","floor":4},{"not_picked":["Blasphemy","FlyingSleeves"],"picked":"BowlingBash","floor":6},{"not_picked":["CarveReality","Sanctity"],"picked":"Evaluate","floor":10},{"not_picked":["BowlingBash","ThirdEye"],"picked":"CutThroughFate","floor":11},{"not_picked":["Halt","WaveOfTheHand","SashWhip"],"picked":"SKIP","floor":14},{"not_picked":["LessonLearned","SpiritShield"],"picked":"DevaForm","floor":16},{"not_picked":["JustLucky","SashWhip"],"picked":"FollowUp","floor":18}],"player_experience":203595,"relics_obtained":[{"floor":6,"key":"Tiny Chest"},{"floor":8,"key":"Letter Opener"},{"floor":9,"key":"Bottled Lightning"},{"floor":13,"key":"Juzu Bracelet"},{"floor":19,"key":"PreservedInsect"}],"event_choices":[{"cards_removed":["Strike_P"],"damage_healed":0,"gold_gain":0,"player_choice":"Offered Basic","damage_taken":0,"max_hp_gain":0,"max_hp_loss":0,"event_name":"Bonfire Elementals","floor":3,"gold_loss":0},{"damage_healed":0,"gold_gain":0,"player_choice":"Fought Bandits","damage_taken":0,"max_hp_gain":0,"max_hp_loss":0,"event_name":"Masked Bandits","floor":21,"gold_loss":0}],"is_beta":false,"boss_relics":[{"not_picked":["Runic Pyramid","Pandora\u0027s Box"],"picked":"Cursed Key"}],"items_purged_floors":[20],"is_endless":false,"potions_floor_spawned":[1,2,11,14,18],"killed_by":"Masked Bandits","ascension_level":2}}