{"host":"vt6dr1xq3iy14a3e","time":1613054462,"event":{"mods":["AchievementEnabler","BaseMod","Colored Map","DeckTracker","Minty Spire (QoL Compilation)","Replay The Spire","StSLib","SuperFastMode"],"gold_per_floor":[109,184,184,18,18,18,34,34,59,59,70,70,70],"floor_reached":12,"language":"KOR","playtime":595,"items_purged":["Languid"],"score":99,"play_id":"6791fc90-8643-4f80-918d-0daa0c4e868d","local_time":"20210211234102","is_ascension_mode":true,"campfire_choices":[{"floor":6,"key":"REST"},{"data":"Footwork","floor":10,"key":"SMITH"}],"circlet_count":0,"master_deck":["AscendersBane","Strike_G","Strike_G","Defend_G","Defend_G","Defend_G","Neutralize","Writhe","Hidden Blade","Replay:Poison Smokescreen+1","Accuracy","Cloak And Dagger","Delirium","Footwork+1","Sneak Up"],"relics":["Kintsugi","ReplayTheSpireMod:Ring of Collecting","Ring of Peace","Gremlin Horn","Ring of Panic","Juzu Bracelet"],"acts_visited":["Exordium"],"potions_floor_usage":[12],"damage_taken":[{"damage":39,"enemies":"Cultist","floor":1,"turns":9},{"damage":0,"enemies":"2 Louse","floor":7,"turns":3},{"damage":0,"enemies":"Small Slimes","floor":11,"turns":5},{"damage":35,"enemies":"3 Sentries","floor":12,"turns":9}],"seed_played":"-756439496612284204","potions_obtained":[{"floor":7,"key":"ColorlessPotion"}],"is_trial":false,"path_per_floor":["M","?","?","$","?","R","M","?","T","R","M","E"],"character_chosen":"THE_SILENT","items_purchased":["Accuracy","Cloak And Dagger"],"campfire_rested":1,"item_purchase_floors":[4,4],"current_hp_per_floor":[24,13,13,13,13,34,34,34,34,34,34,0,0],"gold":70,"neow_bonus":"BOSS_RELIC","is_daily":false,"chose_seed":false,"campfire_upgraded":1,"win_rate":0.0,"timestamp":1613054462,"path_taken":["M","?","?","$","?","R","M","?","T","R","M","E"],"items_purchased_type":["Card","Card"],"build_version":"2020-12-22","purchased_purges":1,"victory":false,"max_hp_per_floor":[70,70,70,70,70,70,70,70,70,70,70,70,70],"card_choices":[{"not_picked":["Cloak And Dagger","ReplayTheSpireMod:Scrap Shanks"],"picked":"Hidden Blade","floor":1},{"not_picked":["Infinite Blades","Hidden Blade"],"picked":"Footwork","floor":7},{"not_picked":["PiercingWail","Reflex"],"picked":"Sneak Up","floor":11}],"player_experience":1059592,"relics_obtained":[{"floor":5,"key":"ReplayTheSpireMod:Ring of Collecting"},{"floor":5,"key":"Ring of Peace"},{"floor":9,"key":"Ring of Panic"},{"floor":9,"key":"Juzu Bracelet"}],"event_choices":[{"damage_healed":0,"gold_gain":75,"player_choice":"Gather Gold","damage_taken":11,"max_hp_gain":0,"max_hp_loss":0,"event_name":"World of Goop","floor":2,"gold_loss":0},{"damage_healed":0,"gold_gain":0,"player_choice":"Searched \u00272\u0027 times","damage_taken":0,"relics_obtained":["Gremlin Horn"],"max_hp_gain":0,"max_hp_loss":0,"event_name":"Dead Adventurer","floor":8,"gold_loss":0}],"is_beta":false,"boss_relics":[],"items_purged_floors":[4],"is_endless":false,"potions_floor_spawned":[7],"killed_by":"3 Sentries","ascension_level":10}}