{"host":"5m2js577gj4e7pak","time":1613081098,"event":{"mods":["AchievementEnabler","Act Like it!","BaseMod","Better Match","Better Note","Better Third Choice","BetterRewards","Bossed Relics","Colored Map","Colored Powertips","Duelist Mod","Googly Eyes","Hero for Fun","Highlight Path","Hubris","Infinite Spire","Lobotomy","LobotomyExtend","Minty Spire (QoL Compilation)","Quick Restart","Relic Filter","Replay The Spire","Shop Mod","Spicy Shops","StSLib","slay the spire mod where everything is the same but ironclad has a cowboy hat"],"gold_per_floor":[17,17,17,29,29,54,71,71,119,153,153,153,153,153,165,194,206,324,336,354,366,378,390,402,414,112,112,112,145,145,260,260,185,185,437,437,453,453,453,453,453,453,453,453,480,480,503,553,657,657,660,665,676,693,693,754,754,834,884,884,917,917,1014,1014,1037,1156,1156],"floor_reached":73,"language":"ENG","playtime":1347,"items_purged":[],"score":1492,"play_id":"c28c91d1-75fd-416b-af9d-0fd58512623d","local_time":"20210211230458","is_ascension_mode":false,"campfire_choices":[{"data":"Consecutive_Normal_Punch","floor":8,"key":"SMITH"},{"data":"Consecutive_Normal_Punch","floor":11,"key":"SMITH"},{"floor":15,"key":"DIG"},{"floor":17,"key":"DIG"},{"floor":25,"key":"DIG"},{"floor":34,"key":"DIG"},{"data":"Strike_Y","floor":43,"key":"PURGE"},{"data":"Strike_Y","floor":46,"key":"PURGE"},{"data":"Strike_Y","floor":49,"key":"PURGE"},{"data":"Strike_Y","floor":51,"key":"PURGE"},{"data":"Defend_Y","floor":64,"key":"PURGE"},{"data":"Defend_Y","floor":68,"key":"PURGE"}],"circlet_count":0,"master_deck":["ApocalypseBird","PunishingBird","LongBird","BigBird","WhiteNight","Defend_Y","Defend_Y","Defend_Y","LittleHelper","Consecutive_Normal_Punch+1","Wear_Disguise","Normal_Punch","WallGazer","Consecutive_Normal_Punch+1","Consecutive_Normal_Punch+1","infinitespire:Gouge+1","hubris:DuctTapeCard","Pot Of Greed+1","Pot Of Greed","QueenOfHatred","HereticApostle","Terrifying_Presence","Pot Of Greed+1","infinitespire:DeathsTouch+1","Get_Hopes_Up+1","Side_Hop+1","Normal_Punch+1","Consecutive_Normal_Punch+1","Dramatic Entrance+1","Yawn+1","Oh+1","Writhe","Pot Of Greed+1","BlueStar","Side_Hop+1","QueenBee","Yawn+1","BodiesMountain","BlackArmy","Apotheosis+1","NothingThere","FieryBird","BigBadWolf","Yawn+1","HappyTeddy","Pot Of Greed+1"],"relics":["Cape","CogitoBucket","LetterFromLob","HonorFeather","MagicBullet_r","hubris:Reverence","Boot","Incense Burner","infinitespire:CheckeredPen","Replay:Bandana","Orichalcum","Chameleon Ring","Cauldron","hubris:EvacipatedBox","hubris:FruitBowl","hubris:Macrotransations","hubris:KleinBottle","HandDrill","Oddly Smooth Stone","infinitespire:Lucky Rock","StoneCalendar","Peace Pipe","Omamori","hubris:MysteriousPyramids","Replay:Bottled Eggs","Mirror","infinitespire:Lychee Nut","Replay:Bottled Steam","Lantern","Vajra","Replay:Kaleidoscope","hubris:DuctTape","Replay:Rubber Ducky","Bag of Preparation","Grinning Jar","Toxic Egg 2","ReplayFunnel","Calipers","infinitespire:Joker Card","hubris:CrystalStatue","Counterbalance","hubris:TinFlute","Happy Flower","Ancient Tea Set","Quantum Egg","ReplayTheSpireMod:TigerMarble","Strawberry","infinitespire:Eraser","hubris:MedicalManual","MawBank","Potion Belt","Toy Ornithopter","Gremlin Food","Pantograph","hubris:OldNail","Pocketwatch","Blue Doll","Shovel","Whetstone","hubris:SlimyHat","Onion Ring","infinitespire:Satchel","Kunai","infinitespire:PuzzleCube","hubris:CuriousFeather","PreservedInsect","Replay:Ringing Soul","infinitespire:WardingShard","Regal Pillow","Molten Egg 2","infinitespire:Beetle Shell","HellTrain","Juzu Bracelet","Calling Bell","ReplayTheSpireMod:Lightbulb","infinitespire:FocusingShard","Unceasing Top","Moonlight_r","Ornamental Fan","infinitespire:Magic Flask","ReplayTheSpireMod:Shallot","Replay:Towering Pillar of Hats","Lizard Tail","Ice Cream","Replay:Arrowhead","hubris:MobiusCoin","Bag of Marbles","Replay:PocketPolymizer","ReplayTheSpireMod:Ninjato","hubris:64BitClover","Letter Opener","Centennial Puzzle","HornCleat","Mango","Pen Nib","Golden Egg","Simple Rune","InkBottle","infinitespire:Golems Mask","Replay:Multitool","White Beast Statue","Blood Vial","War Paint","Replay:Wax Seal","hubris:BundleOfHerbs","Snack Pack","Bottled Lightning","WingedGreaves","Matryoshka","hubris:ToyBattleship","Replay:Baseball","Anchor","Sundial","hubris:TenFootPole","Shuriken","infinitespire:ShieldingShard","infinitespire:CursedDice","Mummified Hand","hubris:SphereOfDissonance","Darkstone Periapt","hubris:DisguiseKit","Eternal Feather","infinitespire:Broken Mirror","Meat on the Bone","hubris:Teleporter","hubris:BlackHole","DeathAngel","hubris:BottledRain","Replay:Accelerometer","hubris:PeanutButter","AspirationHeart","ChewingGum","Twilight","BackwardClock","Pear","hubris:Icosahedron","Garlic","hubris:GlazedTorus","Nunchaku","Replay:Grab Bag","hubris:Backtick","theDuelist:SailingToken"],"acts_visited":["Exordium","TheCity","TheBeyond","Exordium","TheCity"],"potions_floor_usage":[10],"damage_taken":[{"damage":0,"enemies":"2 Louse","floor":1,"turns":1},{"damage":0,"enemies":"2 Louse","floor":2,"turns":1},{"damage":0,"enemies":"Cultist","floor":4,"turns":7},{"damage":0,"enemies":"infinitespire:Voidling","floor":5,"turns":1},{"damage":0,"enemies":"3 Sentries","floor":6,"turns":1},{"damage":0,"enemies":"Looter","floor":7,"turns":1},{"damage":0,"enemies":"Lagavulin","floor":10,"turns":1},{"damage":0,"enemies":"Gremlin Gang","floor":16,"turns":1},{"damage":0,"enemies":"Hexaghost","floor":18,"turns":1},{"damage":0,"enemies":"Nightmare","floor":29,"turns":1},{"damage":0,"enemies":"Collector","floor":35,"turns":1},{"damage":0,"enemies":"3 Darklings","floor":37,"turns":1},{"damage":0,"enemies":"R_Hoarder","floor":48,"turns":1},{"damage":0,"enemies":"3 Darklings","floor":50,"turns":4},{"damage":0,"enemies":"infinitespire:MassOfShapes","floor":52,"turns":1},{"damage":0,"enemies":"Small Slimes","floor":54,"turns":1},{"damage":0,"enemies":"2 Louse","floor":55,"turns":1},{"damage":0,"enemies":"2 Louse","floor":56,"turns":1},{"damage":0,"enemies":"Jaw Worm","floor":57,"turns":1},{"damage":0,"enemies":"Lagavulin Event","floor":60,"turns":1},{"damage":0,"enemies":"Lagavulin","floor":66,"turns":1},{"damage":0,"enemies":"The Guardian","floor":69,"turns":1},{"damage":0,"enemies":"2 Thieves","floor":71,"turns":1},{"damage":0,"enemies":"3 Byrds","floor":73,"turns":1}],"seed_played":"4783727272883834816","potions_obtained":[{"floor":4,"key":"ColorlessPotion"},{"floor":7,"key":"AttackPotion"},{"floor":10,"key":"Fruit Juice"},{"floor":14,"key":"DistilledChaos"},{"floor":14,"key":"Swift Potion"},{"floor":14,"key":"DuplicationPotion"},{"floor":14,"key":"Explosive Potion"},{"floor":14,"key":"Fire Potion"},{"floor":18,"key":"LifebloodPotion"},{"floor":24,"key":"Fire Potion"},{"floor":35,"key":"GamblersBrew"},{"floor":71,"key":"Adrenaline Potion"}],"is_trial":false,"path_per_floor":["M","?","$","M","M","E","M","R","T","E","R","PTL","PTL","$","R","M","R","B",null,"M","?","AVR","?","?","R","$","T","T","NM","$","?","?","?","R","B",null,"M","?","?","R","?","T","R","?","E","R","M","R","B",null,"M","M","M","M","?","?","?","T","R","?","E","R_BF","B",null,"M","M"],"character_chosen":"OPM","items_purchased":["infinitespire:CheckeredPen","Replay:Bandana","Orichalcum","Chameleon Ring","Cauldron","hubris:EvacipatedBox","hubris:FruitBowl","hubris:Macrotransations","hubris:KleinBottle","HandDrill","Oddly Smooth Stone","infinitespire:Lucky Rock","StoneCalendar","Peace Pipe","Omamori","hubris:MysteriousPyramids","Replay:Bottled Eggs","Mirror","infinitespire:Lychee Nut","Replay:Bottled Steam","Lantern","Vajra","Replay:Kaleidoscope","hubris:DuctTape","Replay:Rubber Ducky","Bag of Preparation","Grinning Jar","Toxic Egg 2","ReplayFunnel","Calipers","infinitespire:Joker Card","hubris:CrystalStatue","Counterbalance","hubris:TinFlute","Happy Flower","Ancient Tea Set","Quantum Egg","ReplayTheSpireMod:TigerMarble","Strawberry","infinitespire:Eraser","hubris:MedicalManual","MawBank","Potion Belt","Toy Ornithopter","Gremlin Food","Pantograph","hubris:OldNail","Pocketwatch","Blue Doll","Shovel","Whetstone","hubris:SlimyHat","Onion Ring","infinitespire:Satchel","Kunai","infinitespire:PuzzleCube","hubris:CuriousFeather","PreservedInsect","Replay:Ringing Soul","infinitespire:WardingShard","Regal Pillow","Molten Egg 2","infinitespire:Magic Flask","Ice Cream","Replay:Arrowhead","hubris:MobiusCoin","Bag of Marbles","Replay:PocketPolymizer","ReplayTheSpireMod:Ninjato","hubris:64BitClover","Dream Catcher","Letter Opener","Centennial Puzzle","HornCleat","Mango","Pen Nib","Golden Egg","Simple Rune","InkBottle","infinitespire:Golems Mask","Replay:Multitool","White Beast Statue","Blood Vial","War Paint","Replay:Wax Seal","hubris:BundleOfHerbs","Snack Pack","Bottled Lightning","WingedGreaves","Matryoshka","hubris:ToyBattleship","Replay:Baseball","Anchor","Sundial","hubris:TenFootPole","Shuriken","infinitespire:ShieldingShard","infinitespire:CursedDice","Mummified Hand","hubris:SphereOfDissonance","Darkstone Periapt","hubris:DisguiseKit"],"campfire_rested":0,"item_purchase_floors":[14,14,14,14,14,14,14,14,14,14,14,14,14,14,14,14,14,14,14,14,14,14,14,14,14,14,14,14,14,14,14,14,14,14,14,14,14,14,14,14,14,14,14,14,14,14,14,14,14,14,14,14,14,14,14,14,14,14,14,14,14,14,26,30,30,30,30,30,30,30,30,30,30,30,30,30,30,30,30,30,30,30,30,30,30,30,30,30,30,30,30,30,30,30,30,30,30,30,30,30,30,30],"current_hp_per_floor":[999,999,999,999,999,999,999,999,999,1004,1004,1004,1004,50,638,642,642,646,646,646,646,646,646,646,646,646,646,646,650,85,92,95,102,679,683,683,683,683,683,683,683,683,683,683,688,688,696,696,704,704,711,715,719,723,723,727,727,727,727,727,733,733,738,738,744,753,753],"gold":1156,"neow_bonus":"","is_daily":false,"chose_seed":false,"campfire_upgraded":2,"win_rate":0.0,"timestamp":1613081098,"path_taken":["M","?","$","M","M","E","M","R","T","E","R","PTL","PTL","?","R","M","R","BOSS","M","?","AVR","?","?","R","$","?","T","NM","?","?","?","?","R","BOSS","M","?","?","R","?","T","R","?","E","R","M","R","BOSS","M","M","M","M","?","?","?","T","R","?","E","R_BF","BOSS","M","M"],"items_purchased_type":["Relic","Relic","Relic","Relic","Relic","Relic","Relic","Relic","Relic","Relic","Relic","Relic","Relic","Relic","Relic","Relic","Relic","Relic","Relic","Relic","Card","Relic","Relic","Relic","Relic","Relic","Relic","Relic","Relic","Relic","Relic","Relic","Relic","Relic","Relic","Relic","Relic","Relic","Relic","Relic","Relic","Relic","Relic","Relic","Relic","Relic","Relic","Relic","Relic","Relic","Relic","Relic","Relic","Relic","Relic","Relic","Relic","Relic","Relic","Relic","Relic","Relic","Relic","Relic","Relic","Relic","Relic","Relic","Relic","Relic","Relic","Relic","Relic","Relic","Relic","Relic","Relic","Relic","Relic","Relic","Relic","Relic","Relic","Relic","Relic","Relic","Relic","Relic","Relic","Relic","Relic","Relic","Relic","Relic","Relic","Relic","Relic","Relic","Relic","Relic","Relic","Relic"],"build_version":"2020-12-22","purchased_purges":0,"victory":false,"max_hp_per_floor":[999,999,999,999,999,999,999,999,999,1004,1004,1004,1004,638,638,642,642,646,646,646,646,646,646,646,646,646,646,646,650,671,675,675,679,679,683,683,683,683,683,683,696,696,696,696,696,696,711,711,711,711,715,719,723,727,727,746,746,746,746,750,754,754,758,758,762,766,766],"card_choices":[{"not_picked":["MHz","PunishingBird"],"picked":"LittleHelper","floor":1},{"not_picked":["Normal_Punch","Do_Nothing"],"picked":"Consecutive_Normal_Punch","floor":1},{"not_picked":["BlackSwan","BlackArmy"],"picked":"LongBird","floor":4},{"not_picked":["Consecutive_Normal_Punch","Do_Nothing"],"picked":"Wear_Disguise","floor":4},{"not_picked":["Woodsman","Yin","MHz"],"picked":"Singing Bowl","floor":5},{"not_picked":["Toss_Stone","Ignore"],"picked":"Consecutive_Normal_Punch","floor":5},{"not_picked":["Bloodbath","SpiderBud","WallGazer"],"picked":"Singing Bowl","floor":6},{"not_picked":["CrumblingArmor","Wellcheers"],"picked":"PunishingBird","floor":6},{"not_picked":["Side_Hop","Do_Nothing"],"picked":"Normal_Punch","floor":6},{"not_picked":["Murderer","WallGazer","OSAHOGD"],"picked":"Singing Bowl","floor":7},{"not_picked":["WhitesApple","Scarecrow"],"picked":"WallGazer","floor":7},{"not_picked":["Wear_Disguise","Toss_Stone"],"picked":"Consecutive_Normal_Punch","floor":7},{"not_picked":["ShyLook","CrumblingArmor","Scarecrow"],"picked":"Singing Bowl","floor":10},{"not_picked":["Ignore","Hop"],"picked":"Consecutive_Normal_Punch","floor":10},{"not_picked":["infinitespire:Starlight","infinitespire:Punishment"],"picked":"infinitespire:Gouge","floor":14},{"not_picked":["RedShoes","CrumblingArmor","GreedKing"],"picked":"Singing Bowl","floor":16},{"not_picked":["UniverseFragment","Murderer"],"picked":"QueenOfHatred","floor":16},{"not_picked":["Hop+1","Ignore+1"],"picked":"Normal_Punch+1","floor":16},{"not_picked":["BigBadWolf","CrumblingArmor","GalaxyChild"],"picked":"Singing Bowl","floor":18},{"not_picked":["Serious_Punch+1","Get_Hopes_Up+1"],"picked":"Terrifying_Presence","floor":18},{"not_picked":["SingingMachine","Variant","UniverseFragment"],"picked":"Singing Bowl","floor":29},{"not_picked":["BigBadWolf","OSAHOGD"],"picked":"PunishingBird","floor":29},{"not_picked":["Replay:Fractal Strike","infinitespire:Collect"],"picked":"infinitespire:DeathsTouch","floor":29},{"not_picked":["Toss_Stone+1","Consecutive_Normal_Punch+1"],"picked":"Get_Hopes_Up+1","floor":29},{"not_picked":["Ignore+1","Yawn+1","hubris:ReadiedAction"],"picked":"Side_Hop+1","floor":31},{"not_picked":["Toss_Stone+1","Ignore+1","Twin Strike"],"picked":"Normal_Punch+1","floor":31},{"not_picked":["Slap+1","Ignore+1","hubris:CleavingFinish"],"picked":"Consecutive_Normal_Punch+1","floor":31},{"not_picked":["Side_Hop","Slap","Ignore"],"picked":"Yawn","floor":33},{"not_picked":["Impatience","Deep Breath","Dark Shackles"],"picked":"Dramatic Entrance","floor":33},{"not_picked":["Side_Hop","Slap","Ignore"],"picked":"Yawn+1","floor":33},{"not_picked":["Yin","GalaxyChild","HappyTeddy"],"picked":"Singing Bowl","floor":35},{"not_picked":["ShyLook","HeroicMonk"],"picked":"PlagueDoctor","floor":35},{"not_picked":["Terrifying_Presence","Serious_Punch+1","Corruption"],"picked":"Oh","floor":35},{"not_picked":["VoidDream","NakedNest","FairyFestival"],"picked":"Singing Bowl","floor":37},{"not_picked":["Funeral","Scarecrow","GalaxyChild"],"picked":"Singing Bowl","floor":48},{"not_picked":["Side_Hop+1","Do_Nothing+1","Toss_Stone+1","Thunderclap"],"picked":"SKIP","floor":48},{"not_picked":["Rudolta","QueenBee","SnowQueen"],"picked":"Singing Bowl","floor":50},{"not_picked":["Yawn+1","Ignore+1","Hop+1","Bloodletting"],"picked":"SKIP","floor":50},{"not_picked":["RedShoes","MeltingLove","Freischutz"],"picked":"Singing Bowl","floor":52},{"not_picked":["BodiesMountain","HeroicMonk"],"picked":"BigBird","floor":54},{"not_picked":["Ignore+1","Side_Hop+1","Hop+1","infinitespire:OneForAll"],"picked":"SKIP","floor":54},{"not_picked":["Woodsman","DespairKnight","MeltingLove"],"picked":"Singing Bowl","floor":55},{"not_picked":["BodiesMountain","CENSORED"],"picked":"BlueStar","floor":55},{"not_picked":["Yawn+1","Hop+1","Run Through"],"picked":"Side_Hop+1","floor":55},{"not_picked":["LittlePrince","HappyTeddy"],"picked":"QueenBee","floor":56},{"not_picked":["Normal_Punch+1","Hop+1","Clothesline"],"picked":"Yawn+1","floor":56},{"not_picked":["Variant","HeroicMonk","WhitesApple"],"picked":"Singing Bowl","floor":57},{"not_picked":["Woodsman","Yin"],"picked":"BodiesMountain","floor":57},{"not_picked":["Get_Hopes_Up+1","Hop+1","Toss_Stone+1","ReplayTheSpireMod:Strike From Hell"],"picked":"SKIP","floor":57},{"not_picked":["BigBadWolf","Laetitia"],"picked":"BlackArmy","floor":60},{"not_picked":["WhitesApple","MeltingLove"],"picked":"NothingThere","floor":66},{"not_picked":["Terrifying_Presence","Slap+1","Yawn+1","Shrug It Off"],"picked":"SKIP","floor":66},{"not_picked":["Yin","DreamingCurrent","GreedKing"],"picked":"Singing Bowl","floor":69},{"not_picked":["GalaxyChild","SnowQueen"],"picked":"FieryBird","floor":69},{"not_picked":["Variant","DreamingCurrent"],"picked":"BigBadWolf","floor":71},{"not_picked":["Wear_Disguise","Side_Hop+1","Body Slam"],"picked":"Yawn+1","floor":71},{"not_picked":["BlackSwan","Alriune","WhitesApple"],"picked":"Singing Bowl","floor":73},{"not_picked":["NakedNest","Porccubus"],"picked":"HappyTeddy","floor":73}],"player_experience":70665,"relics_obtained":[{"floor":1,"key":"LetterFromLob"},{"floor":6,"key":"hubris:Reverence"},{"floor":9,"key":"Boot"},{"floor":10,"key":"Incense Burner"},{"floor":15,"key":"infinitespire:Beetle Shell"},{"floor":17,"key":"Juzu Bracelet"},{"floor":19,"key":"ReplayTheSpireMod:Lightbulb"},{"floor":19,"key":"infinitespire:FocusingShard"},{"floor":19,"key":"Unceasing Top"},{"floor":25,"key":"Ornamental Fan"},{"floor":27,"key":"ReplayTheSpireMod:Shallot"},{"floor":28,"key":"Replay:Towering Pillar of Hats"},{"floor":29,"key":"Lizard Tail"},{"floor":31,"key":"Eternal Feather"},{"floor":31,"key":"infinitespire:Broken Mirror"},{"floor":34,"key":"hubris:Teleporter"},{"floor":37,"key":"DeathAngel"},{"floor":45,"key":"hubris:BottledRain"},{"floor":45,"key":"Replay:Accelerometer"},{"floor":48,"key":"hubris:PeanutButter"},{"floor":55,"key":"Twilight"},{"floor":60,"key":"Pear"},{"floor":62,"key":"Garlic"},{"floor":66,"key":"hubris:GlazedTorus"},{"floor":69,"key":"Nunchaku"}],"event_choices":[{"cards_removed":["Consecutive_Normal_Punch"],"damage_healed":0,"gold_gain":0,"player_choice":"Give","damage_taken":0,"max_hp_gain":0,"max_hp_loss":0,"event_name":"betterNote:BetterNote","floor":21,"gold_loss":0,"cards_obtained":["Pain"]},{"damage_healed":0,"gold_gain":0,"player_choice":"Simplicity","damage_taken":0,"max_hp_gain":0,"max_hp_loss":7,"event_name":"betterThird:BetterWriting","floor":23,"gold_loss":0},{"damage_healed":0,"gold_gain":0,"player_choice":"Got Potions","damage_taken":0,"max_hp_gain":0,"max_hp_loss":0,"event_name":"Lab","floor":24,"gold_loss":0},{"damage_healed":0,"gold_gain":0,"player_choice":"Gave Potion","damage_taken":0,"relics_obtained":["Meat on the Bone"],"max_hp_gain":0,"max_hp_loss":0,"event_name":"WeMeetAgain","floor":32,"gold_loss":0},{"damage_healed":0,"gold_gain":0,"player_choice":"1","damage_taken":0,"max_hp_gain":0,"max_hp_loss":0,"event_name":"betterMatch:BetterMatch","floor":33,"gold_loss":0,"cards_obtained":["betterMatch:CommonCard","betterMatch:ColorlessUncommonCard","betterMatch:CommonCard"]},{"cards_removed":["Yawn"],"damage_healed":5,"gold_gain":0,"player_choice":"Offered Common","damage_taken":0,"max_hp_gain":0,"max_hp_loss":0,"event_name":"Bonfire Elementals","floor":39,"gold_loss":0},{"cards_removed":["Yawn"],"damage_healed":5,"gold_gain":0,"player_choice":"Offered Special","damage_taken":0,"max_hp_gain":0,"max_hp_loss":0,"event_name":"Bonfire Elementals","floor":39,"gold_loss":0},{"damage_healed":0,"gold_gain":0,"player_choice":"Memory 3","damage_taken":10,"max_hp_gain":0,"max_hp_loss":0,"event_name":"SensoryStone","floor":41,"gold_loss":0},{"damage_healed":171,"gold_gain":0,"player_choice":"Writhe","damage_taken":0,"max_hp_gain":0,"max_hp_loss":0,"event_name":"Winding Halls","floor":44,"gold_loss":0,"cards_obtained":["Writhe"]},{"damage_healed":0,"gold_gain":0,"player_choice":"3","damage_taken":0,"max_hp_gain":0,"max_hp_loss":0,"event_name":"betterMatch:BetterMatch","floor":47,"gold_loss":0,"cards_obtained":[]},{"damage_healed":0,"gold_gain":30,"player_choice":"Searched \u00272\u0027 times","damage_taken":0,"max_hp_gain":0,"max_hp_loss":0,"event_name":"Dead Adventurer","floor":60,"gold_loss":0},{"damage_healed":727,"gold_gain":0,"player_choice":"Protect","damage_taken":0,"max_hp_gain":0,"max_hp_loss":746,"event_name":"betterThird:BetterShining","floor":65,"gold_loss":1}],"is_beta":false,"boss_relics":[{"not_picked":["Fusion Hammer","Sozu","SacredBark"],"picked":"Calling Bell"},{"not_picked":["hubris:ScarierMask","Painkiller Herb","ReplayTheSpireMod:SealedPack"],"picked":"hubris:BlackHole"},{"not_picked":["Coffee Dripper","Ring of Chaos","Philosopher\u0027s Stone"],"picked":"ChewingGum"},{"not_picked":["SacredBark","Cursed Key","Honey Jar"],"picked":"Replay:Grab Bag"},{"not_picked":["infinitespire:Cupcake","Painkiller Herb","Replay:Bronze Core"],"picked":"hubris:Backtick"}],"items_purged_floors":[],"is_endless":true,"potions_floor_spawned":[4,7,10,18,35,37,48,50,52,54,55,56,57,60,66,69,71,73],"killed_by":"3 Byrds","ascension_level":0}}