{"host":"8d3fefv2347kqkpz","time":1613054409,"event":{"mods":["AchievementEnabler","Act Like it!","BaseMod","Better Vampires","Colored Map","Colored Powertips","Downfall","GifTheSpireLib","Highlight Path","Minty Spire (QoL Compilation)","Quick Restart","Rare Cards Sparkle","Relic Stats","Replay The Spire","Spicy Shops","StSLib","Waifu the Spire"],"gold_per_floor":[109,109,126,138,138,171,171,196,251,251,268,280,301,4,4,105,105,120,141,164,177,177,177,77,77,131,145,145,145,145,20,20,120,120,136,191,41,61,79,79,79],"floor_reached":40,"language":"ZHS","playtime":1600,"items_purged":["SpiritShield","Strike_P","Replay:Cycle+1","Strike_P"],"score":463,"play_id":"86fc3520-2523-4221-b900-a59fca359c7b","local_time":"20210211224009","is_ascension_mode":false,"campfire_choices":[{"floor":7.0,"key":"REST"},{"data":"ClearTheMind","floor":10.0,"key":"SMITH"},{"floor":15.0,"key":"REST"},{"floor":23.0,"key":"REST"},{"data":"Vigilance","floor":25.0,"key":"SMITH"},{"data":"Vengeance","floor":28.0,"key":"SMITH"},{"floor":32.0,"key":"REST"}],"circlet_count":0,"master_deck":["Defend_P","Defend_P","Eruption+1","Vigilance+1","Adaptation+1","Tantrum","Vengeance+1","ClearTheMind+1","FlurryOfBlows","FlurryOfBlows","CrushJoints","EmptyMind+1"],"relics":["PureWater","Pen Nib","Toy Ornithopter","CeramicFish","Guide Book","Empty Cage","Runic Dome","Bottled Lightning"],"acts_visited":["Exordium","TheCity","TheBeyond"],"potions_floor_usage":[],"damage_taken":[{"damage":0.0,"enemies":"2 Louse","floor":1.0,"turns":2.0},{"damage":0.0,"enemies":"Jaw Worm","floor":3.0,"turns":4.0},{"damage":0.0,"enemies":"Cultist","floor":4.0,"turns":2.0},{"damage":28.0,"enemies":"3 Sentries","floor":6.0,"turns":9.0},{"damage":17.0,"enemies":"Exordium Thugs","floor":11.0,"turns":5.0},{"damage":11.0,"enemies":"Large Slime","floor":12.0,"turns":4.0},{"damage":0.0,"enemies":"Blue Slaver","floor":13.0,"turns":3.0},{"damage":0.0,"enemies":"Slime Boss","floor":16.0,"turns":5.0},{"damage":0.0,"enemies":"Chosen","floor":18.0,"turns":3.0},{"damage":13.0,"enemies":"3 Byrds","floor":19.0,"turns":4.0},{"damage":18.0,"enemies":"Snake Plant","floor":20.0,"turns":4.0},{"damage":19.0,"enemies":"3 Cultists","floor":21.0,"turns":3.0},{"damage":8.0,"enemies":"Centurion and Healer","floor":27.0,"turns":3.0},{"damage":23.0,"enemies":"Colosseum Slavers","floor":29.0,"turns":4.0},{"damage":37.0,"enemies":"Automaton","floor":33.0,"turns":7.0},{"damage":9.0,"enemies":"3 Shapes","floor":35.0,"turns":3.0},{"damage":8.0,"enemies":"3 Darklings","floor":38.0,"turns":3.0},{"damage":0,"enemies":"Transient","floor":39,"turns":5},{"damage":44,"enemies":"Reptomancer","floor":40,"turns":2}],"seed_played":"3806369954295108909","potions_obtained":[{"floor":1.0,"key":"Explosive Potion"},{"floor":3.0,"key":"Weak Potion"},{"floor":12.0,"key":"Block Potion"},{"floor":19.0,"key":"BottledMiracle"},{"floor":21.0,"key":"Strength Potion"},{"floor":36.0,"key":"Fire Potion"},{"floor":38.0,"key":"Strength Potion"}],"is_trial":false,"path_per_floor":["M","?","M","M","?","E","R","T","T","R","M","M","M","$","R","B",null,"M","M","M","M","?","R","$","R","T","M","R","?","?","$","R","B",null,"M","?","$","M","M","E"],"character_chosen":"WATCHER","items_purchased":["FlurryOfBlows","Guide Book"],"campfire_rested":4,"item_purchase_floors":[14,14],"current_hp_per_floor":[65,65,65,65,65,37,56,56,56,56,39,28,28,28,47,47,65,65,52,39,20,20,39,39,39,39,36,36,13,13,13,32,5,65,56,40,40,32,32,0,0],"gold":79,"neow_bonus":"TRANSFORM_TWO_CARDS","is_daily":false,"chose_seed":false,"campfire_upgraded":3,"win_rate":0.0,"timestamp":1613054409,"path_taken":["M","?","M","M","?","E","R","?","T","R","M","M","M","$","R","BOSS","M","?","M","M","?","R","$","R","T","M","R","?","?","$","R","BOSS","M","?","$","M","M","E"],"items_purchased_type":["Card","Relic"],"build_version":"2020-12-22","purchased_purges":4,"victory":false,"max_hp_per_floor":[65,65,65,65,65,65,65,65,65,65,65,65,65,65,65,65,65,65,65,65,65,65,65,65,65,65,65,65,65,65,65,65,65,65,65,65,65,65,65,65,65],"relic_stats":{"counters":[19,75],"CeramicFish":36,"Pen Nib":[24],"obtain_stats":[{"Runic Dome":34,"CeramicFish":9,"Guide Book":14,"Pen Nib":6,"Bottled Lightning":36,"PureWater":0,"Empty Cage":17,"Toy Ornithopter":8},{"Runic Dome":15,"CeramicFish":4,"Guide Book":7,"Pen Nib":4,"Bottled Lightning":16,"PureWater":0,"Empty Cage":8,"Toy Ornithopter":4},{"Runic Dome":62,"CeramicFish":17,"Guide Book":29,"Pen Nib":17,"Bottled Lightning":65,"PureWater":0,"Empty Cage":34,"Toy Ornithopter":17}],"Toy Ornithopter":20},"card_choices":[{"not_picked":["EmptyBody","Worship"],"picked":"Adaptation","floor":1.0},{"not_picked":["ClearTheMind","SashWhip"],"picked":"Tantrum","floor":3.0},{"not_picked":["CarveReality","WheelKick"],"picked":"Vengeance","floor":4.0},{"not_picked":["EmptyMind","FlurryOfBlows"],"picked":"ClearTheMind","floor":6.0},{"not_picked":["WheelKick","Meditate","Replay:Vibes"],"picked":"SKIP","floor":11.0},{"not_picked":["Replay:Battleflow","Indignation","Tantrum"],"picked":"SKIP","floor":12.0},{"not_picked":["CutThroughFate","ClearTheMind"],"picked":"FlurryOfBlows","floor":13.0},{"not_picked":["FlurryOfBlows+1","Tantrum+1","Sanctity"],"picked":"SKIP","floor":18.0},{"not_picked":["ThirdEye","EmptyMind"],"picked":"CrushJoints","floor":19.0},{"not_picked":["SandsOfTime","ThirdEye"],"picked":"EmptyMind+1","floor":20.0},{"not_picked":["Replay:BluntJabs+1","Replay:AtTheReady","EmptyBody"],"picked":"SKIP","floor":21.0},{"not_picked":["Pray","Alpha","Nirvana"],"picked":"SKIP","floor":27.0},{"not_picked":["EmptyBody","Conclude","Replay:BluntJabs+1"],"picked":"SKIP","floor":35.0},{"not_picked":["EmptyFist","Crescendo","BowlingBash+1"],"picked":"SKIP","floor":38.0},{"not_picked":["EmptyFist","CrushJoints","Nirvana"],"picked":"SKIP","floor":39}],"player_experience":352121,"relics_obtained":[{"floor":6.0,"key":"Pen Nib"},{"floor":8.0,"key":"Toy Ornithopter"},{"floor":9.0,"key":"CeramicFish"},{"floor":36.0,"key":"Bottled Lightning"}],"event_choices":[{"damage_healed":0.0,"max_hp_gain":0.0,"max_hp_loss":0.0,"gold_gain":0.0,"event_name":"Living Wall","player_choice":"Grow","floor":2.0,"gold_loss":0.0,"damage_taken":0.0,"cards_upgraded":["Eruption"]},{"damage_healed":0.0,"max_hp_gain":0.0,"max_hp_loss":0.0,"gold_gain":0.0,"event_name":"The Mausoleum","player_choice":"Ignored","floor":22.0,"gold_loss":0.0,"damage_taken":0.0},{"damage_healed":0.0,"max_hp_gain":0.0,"max_hp_loss":0.0,"gold_gain":0.0,"event_name":"Colosseum","player_choice":"Fight","floor":29.0,"gold_loss":0.0,"damage_taken":0.0},{"damage_healed":0.0,"max_hp_gain":0.0,"max_hp_loss":0.0,"gold_gain":0.0,"event_name":"Colosseum","player_choice":"Fled From Nobs","floor":29.0,"gold_loss":0.0,"damage_taken":0.0}],"is_beta":false,"boss_relics":[{"not_picked":["Replay:Grab Bag","Ring of Chaos"],"picked":"Empty Cage"},{"not_picked":["bronze:MakeshiftBattery","Coffee Dripper"],"picked":"Runic Dome"}],"items_purged_floors":[14,24,31,37],"is_endless":false,"potions_floor_spawned":[1,3,12,19,21,29,38],"killed_by":"Reptomancer","ascension_level":0}}