{"host":"lq2h7q9ca6uwu60x","time":1613047035,"event":{"mods":["Act Like it!","BaseMod","Gensokyo","Minty Spire (QoL Compilation)","StSLib","Yakumo Yukari mod"],"gold_per_floor":[130,145,145,160,0,0,19,19,44,44,54,101,31,31,31,31,31],"floor_reached":16,"language":"ZHS","playtime":657,"items_purged":[],"score":120,"play_id":"083ac854-2b93-45b7-a0a0-0d689e2e71e7","local_time":"20210211203715","is_ascension_mode":true,"campfire_choices":[{"data":"DimensionStaggered_purple","floor":6,"key":"SMITH"},{"data":"Observe_purple_2","floor":8,"key":"SMITH"},{"data":"Observe_purple_1","floor":10,"key":"SMITH"},{"floor":15,"key":"RECALL"}],"circlet_count":0,"master_deck":["AT_purpleEX","AT_purpleEX+1","AT_purpleEX","Defend_purpleEX","Defend_purpleEX","Defend_purpleEX","Observe_purple_1+1","Observe_purple_2+1","DimensionStaggered_purple+1","Mirror_Drifter_purple+1"],"relics":["Memoryfragments_purpleEX","Seventeenyearold_girl_Forever","Gensokyo:LunaticRedEyes","Gensokyo:BookOfSpecters","Omamori"],"acts_visited":["Exordium"],"potions_floor_usage":[11],"damage_taken":[{"damage":0,"enemies":"Gensokyo:Python","floor":1,"turns":4},{"damage":6,"enemies":"Gensokyo:2_Kodama","floor":2,"turns":6},{"damage":14,"enemies":"Gensokyo:3_Fairies","floor":4,"turns":6},{"damage":19,"enemies":"Gensokyo:Kitsune","floor":7,"turns":5},{"damage":3,"enemies":"Gensokyo:2_Rabbits","floor":11,"turns":4},{"damage":8,"enemies":"Gensokyo:3_Kodama","floor":12,"turns":4},{"damage":15,"enemies":"Gensokyo:Reimu","floor":16,"turns":8}],"seed_played":"5036233042089079473","potions_obtained":[{"floor":7,"key":"Explosive Potion"},{"floor":11,"key":"Regen Potion"}],"is_trial":false,"path_per_floor":["M","M","?","M","?","R","M","R","T","R","M","M","?","?","R","B"],"character_chosen":"Youkari","items_purchased":[],"campfire_rested":0,"item_purchase_floors":[],"current_hp_per_floor":[65,66,66,59,59,59,47,47,47,47,51,50,50,18,18,3,3],"gold":31,"neow_bonus":"BOSS_RELIC","is_daily":false,"chose_seed":false,"campfire_upgraded":3,"win_rate":0.0,"timestamp":1613047035,"path_taken":["M","M","?","?","?","R","M","R","T","R","?","M","?","?","R","BOSS"],"items_purchased_type":[],"build_version":"2020-12-22","purchased_purges":0,"victory":false,"max_hp_per_floor":[70,72,72,74,74,74,76,76,76,76,78,80,80,80,80,80,80],"card_choices":[{"not_picked":["SharpContractionReality_purple","Worldmountain_purple"],"picked":"DimensionStaggered_purple","floor":1},{"not_picked":["ExistenceContinue_purple","AdvanceAttack_purple","SfantasyHide_purple"],"picked":"SKIP","floor":2},{"not_picked":["Line_surface_state_purple","AdvanceAttack_purple","DimensionStaggered_purple"],"picked":"SKIP","floor":4},{"not_picked":["Mirror_FourBoundary_purple","Fantasy_PerpetualMotionMachine_purple","Mirror_FormAndEmptin_purple"],"picked":"SKIP","floor":7},{"not_picked":["Charmbait_purple","StateDuplicate_purple"],"picked":"Mirror_Drifter_purple","floor":11},{"not_picked":["D_absorption_purple","WingOfChimera_purple","DimensionStaggered_purple"],"picked":"SKIP","floor":12}],"player_experience":710435,"relics_obtained":[{"floor":9,"key":"Omamori"}],"event_choices":[],"is_beta":false,"boss_relics":[],"items_purged_floors":[],"is_endless":false,"potions_floor_spawned":[7,11],"killed_by":"Gensokyo:Reimu","ascension_level":6}}