{"host":"rolltorest","time":1613084940,"event":{"mods":["BaseMod","Minty Spire (QoL Compilation)","Relic Stats","Slay the Relics Exporter","StSLib"],"gold_per_floor":[160,160,235,253,253,302,302,335,335,50,66,31,64,83,83,158,158,173,173,73,91,91,135,156,156,156,200,200,222,261,270,270,356,356,369,369,369,394,414,448,448,478,478,513,513,513,542,555,555,555,555,555,555,64,91,91,91],"floor_reached":56,"language":"ENG","playtime":2110,"items_purged":["Strike_P","Strike_P","Strike_P+1"],"score":2424,"play_id":"554dfbfe-6b56-45bb-83dc-a562772d2dc9","local_time":"20210211150900","is_ascension_mode":true,"campfire_choices":[{"data":"Scrawl","floor":7,"key":"SMITH"},{"data":"Vigilance","floor":15,"key":"SMITH"},{"data":"MentalFortress","floor":25,"key":"SMITH"},{"data":"TalkToTheHand","floor":32,"key":"SMITH"},{"data":"EmptyMind","floor":46,"key":"SMITH"},{"floor":49,"key":"RECALL"},{"data":"Scrawl","floor":53,"key":"SMITH"}],"circlet_count":0,"master_deck":["AscendersBane","Strike_P+1","Defend_P+1","Defend_P+1","Defend_P+1","Defend_P+1","Eruption","Vigilance+1","Tantrum","Weave+1","EmptyFist+1","Scrawl+1","SandsOfTime","Adaptation+1","InnerPeace","Vault","CurseOfTheBell","CrushJoints+1","MentalFortress+1","EmptyMind+1","ThirdEye","CutThroughFate","TalkToTheHand+1","TalkToTheHand+1","RitualDagger+1","Scrawl+1","Halt+1","CutThroughFate+1","CutThroughFate+1","Wireheading"],"relics":["Tiny House","Darkstone Periapt","Happy Flower","TeardropLocket","Sling","Sundial","Calling Bell","Dream Catcher","Mummified Hand","Pocketwatch","CeramicFish","White Beast Statue","Toy Ornithopter","Potion Belt","SlaversCollar","Pantograph","Du-Vu Doll","Vajra","Pen Nib","Whetstone","Bottled Lightning","FossilizedHelix","Bronze Scales","Letter Opener"],"acts_visited":["Exordium","TheCity","TheBeyond","TheEnding"],"potions_floor_usage":[6,8,18,27,30,30,50,50,56,56,56,56],"damage_taken":[{"damage":0,"enemies":"Jaw Worm","floor":1,"turns":4},{"damage":12,"enemies":"Small Slimes","floor":4,"turns":2},{"damage":10,"enemies":"3 Sentries","floor":6,"turns":3},{"damage":20,"enemies":"Lagavulin","floor":8,"turns":5},{"damage":0,"enemies":"2 Louse","floor":11,"turns":2},{"damage":6,"enemies":"Gremlin Nob","floor":13,"turns":3},{"damage":10,"enemies":"Gremlin Gang","floor":14,"turns":3},{"damage":16,"enemies":"The Guardian","floor":16,"turns":9},{"damage":0,"enemies":"2 Thieves","floor":18,"turns":3},{"damage":0,"enemies":"Chosen","floor":21,"turns":2},{"damage":0,"enemies":"Gremlin Leader","floor":23,"turns":3},{"damage":0,"enemies":"Centurion and Healer","floor":24,"turns":4},{"damage":4,"enemies":"Book of Stabbing","floor":27,"turns":3},{"damage":0,"enemies":"3 Cultists","floor":29,"turns":5},{"damage":0,"enemies":"Gremlin Leader","floor":30,"turns":5},{"damage":15,"enemies":"Champ","floor":33,"turns":10},{"damage":0,"enemies":"Orb Walker","floor":35,"turns":3},{"damage":0,"enemies":"Mind Bloom Boss Battle","floor":38,"turns":7},{"damage":0,"enemies":"3 Darklings","floor":39,"turns":5},{"damage":0,"enemies":"Giant Head","floor":40,"turns":5},{"damage":0,"enemies":"Reptomancer","floor":42,"turns":3},{"damage":0,"enemies":"Giant Head","floor":44,"turns":7},{"damage":0,"enemies":"Reptomancer","floor":47,"turns":2},{"damage":0,"enemies":"Spire Growth","floor":48,"turns":4},{"damage":22,"enemies":"Time Eater","floor":50,"turns":9},{"damage":15,"enemies":"Donu and Deca","floor":51,"turns":6},{"damage":0,"enemies":"Shield and Spear","floor":55,"turns":2},{"damage":107,"enemies":"The Heart","floor":56,"turns":6}],"seed_played":"-3639478364028054121","potions_obtained":[{"floor":0,"key":"ColorlessPotion"},{"floor":1,"key":"ColorlessPotion"},{"floor":11,"key":"Energy Potion"},{"floor":14,"key":"EntropicBrew"},{"floor":18,"key":"DuplicationPotion"},{"floor":27,"key":"Energy Potion"},{"floor":30,"key":"FearPotion"},{"floor":33,"key":"Weak Potion"},{"floor":38,"key":"Ancient Potion"},{"floor":39,"key":"PowerPotion"},{"floor":55,"key":"DuplicationPotion"}],"is_trial":false,"path_per_floor":["M","?","?","M","?","E","R","E","T","$","M","?","E","M","R","B",null,"M","?","$","M","?","E","M","R","T","E","?","M","E","?","R","B",null,"M","?","T","?","M","E","?","E","T","E","T","R","E","M","R","B","B",null,"R","$","E","B"],"character_chosen":"WATCHER","items_purchased":["Sling","SandsOfTime","Wireheading","Regen Potion","Dexterity Potion","Bronze Scales"],"campfire_rested":0,"item_purchase_floors":[10,10,54,54,54,54],"current_hp_per_floor":[66,71,60,48,48,38,38,18,18,18,18,37,31,21,21,5,66,66,66,66,66,66,66,66,66,66,62,62,62,72,66,66,51,76,76,76,76,84,84,84,84,84,84,84,84,84,84,84,84,67,69,80,80,80,80,0,0],"gold":91,"neow_bonus":"BOSS_RELIC","is_daily":false,"chose_seed":false,"campfire_upgraded":6,"win_rate":0.0,"timestamp":1613084940,"path_taken":["M","?","?","M","?","E","R","E","T","$","M","?","E","M","R","BOSS","M","?","$","?","?","E","M","R","T","E","?","M","E","?","R","BOSS","M","?","?","?","M","E","?","E","T","E","?","R","E","M","R","BOSS","BOSS","R","$","E","BOSS"],"items_purchased_type":["Relic","Card","Card","Potion","Potion","Relic"],"build_version":"2020-12-18","purchased_purges":3,"victory":false,"max_hp_per_floor":[73,78,78,78,78,78,78,78,78,78,78,78,78,78,78,78,84,84,84,84,84,84,84,84,84,84,84,84,84,84,84,84,84,84,84,84,84,84,84,84,84,84,84,84,84,84,84,84,84,84,84,84,84,84,84,84,84],"relic_stats":{"Darkstone Periapt":6,"Happy Flower":[37],"counters":[28,125],"CeramicFish":99,"Pen Nib":[13],"Whetstone":["Weave","RitualDagger"],"Letter Opener":[10],"Dream Catcher":0,"Sundial":[20],"Mummified Hand":[61],"Pantograph":29,"Bronze Scales":[96],"obtain_stats":[{"Darkstone Periapt":6,"Tiny House":0,"CeramicFish":23,"Vajra":40,"TeardropLocket":9,"Whetstone":44,"Sling":10,"Dream Catcher":17,"Sundial":13,"Mummified Hand":17,"Pantograph":37,"Potion Belt":30,"Happy Flower":8,"Pen Nib":42,"Letter Opener":55,"White Beast Statue":26,"Calling Bell":17,"Du-Vu Doll":38,"SlaversCollar":34,"Bronze Scales":54,"Bottled Lightning":45,"PureWater":0,"Toy Ornithopter":27,"FossilizedHelix":47,"Pocketwatch":17},{"Darkstone Periapt":3,"Tiny House":0,"CeramicFish":11,"Vajra":20,"TeardropLocket":4,"Whetstone":22,"Sling":4,"Dream Catcher":8,"Sundial":6,"Mummified Hand":8,"Pantograph":17,"Potion Belt":15,"Happy Flower":4,"Pen Nib":21,"Letter Opener":27,"White Beast Statue":12,"Calling Bell":8,"Du-Vu Doll":18,"SlaversCollar":16,"Bronze Scales":26,"Bottled Lightning":22,"PureWater":0,"Toy Ornithopter":13,"FossilizedHelix":23,"Pocketwatch":8},{"Darkstone Periapt":9,"Tiny House":0,"CeramicFish":39,"Vajra":86,"TeardropLocket":14,"Whetstone":96,"Sling":14,"Dream Catcher":31,"Sundial":19,"Mummified Hand":31,"Pantograph":69,"Potion Belt":56,"Happy Flower":14,"Pen Nib":89,"Letter Opener":119,"White Beast Statue":43,"Calling Bell":31,"Du-Vu Doll":76,"SlaversCollar":66,"Bronze Scales":117,"Bottled Lightning":96,"PureWater":0,"Toy Ornithopter":46,"FossilizedHelix":98,"Pocketwatch":31}],"Toy Ornithopter":25,"Pocketwatch":[78]},"card_choices":[{"not_picked":["CrushJoints","JustLucky"],"picked":"Tantrum","floor":0},{"not_picked":["ClearTheMind","Worship"],"picked":"Weave","floor":1},{"not_picked":["Evaluate","Halt"],"picked":"EmptyFist","floor":4},{"not_picked":["SashWhip","EmptyBody"],"picked":"Scrawl","floor":6},{"not_picked":["WaveOfTheHand","BowlingBash"],"picked":"EmptyBody","floor":8},{"not_picked":["Prostrate","ReachHeaven","Vengeance"],"picked":"SKIP","floor":11},{"not_picked":["Consecrate","Crescendo"],"picked":"Adaptation","floor":13},{"not_picked":["PathToVictory","Prostrate"],"picked":"InnerPeace","floor":14},{"not_picked":["DeusExMachina","Establishment"],"picked":"Vault","floor":16},{"not_picked":["Halt","Consecrate"],"picked":"CrushJoints+1","floor":18},{"not_picked":["PathToVictory","Halt"],"picked":"MentalFortress","floor":21},{"not_picked":["EmptyFist","Brilliance"],"picked":"EmptyMind","floor":23},{"not_picked":["SignatureMove","FlyingSleeves"],"picked":"ThirdEye","floor":24},{"not_picked":["Weave","WaveOfTheHand"],"picked":"CutThroughFate","floor":27},{"not_picked":["InnerPeace","Meditate"],"picked":"TalkToTheHand","floor":29},{"not_picked":["Halt+1","Collect"],"picked":"TalkToTheHand+1","floor":30},{"not_picked":["Blasphemy","Ragnarok"],"picked":"Scrawl","floor":33},{"not_picked":["FlyingSleeves","Vengeance","PathToVictory"],"picked":"SKIP","floor":35},{"not_picked":["SignatureMove+1","ThirdEye"],"picked":"Halt+1","floor":39},{"not_picked":["Evaluate+1","WreathOfFlame"],"picked":"CutThroughFate+1","floor":40},{"not_picked":["ClearTheMind","WreathOfFlame","Consecrate"],"picked":"SKIP","floor":42},{"not_picked":["SashWhip","WaveOfTheHand"],"picked":"CutThroughFate+1","floor":44},{"not_picked":["Consecrate","Ragnarok","Worship"],"picked":"SKIP","floor":47},{"not_picked":["Protect","Indignation+1","Evaluate+1"],"picked":"SKIP","floor":48},{"not_picked":["BattleHymn","WreathOfFlame","ThirdEye"],"picked":"SKIP","floor":55}],"player_experience":1959518,"relics_obtained":[{"floor":6,"key":"Darkstone Periapt"},{"floor":8,"key":"Happy Flower"},{"floor":9,"key":"TeardropLocket"},{"floor":13,"key":"Sundial"},{"floor":17,"key":"Dream Catcher"},{"floor":17,"key":"Mummified Hand"},{"floor":17,"key":"Pocketwatch"},{"floor":23,"key":"CeramicFish"},{"floor":26,"key":"White Beast Statue"},{"floor":27,"key":"Toy Ornithopter"},{"floor":30,"key":"Potion Belt"},{"floor":37,"key":"Pantograph"},{"floor":38,"key":"Du-Vu Doll"},{"floor":40,"key":"Vajra"},{"floor":42,"key":"Pen Nib"},{"floor":44,"key":"Whetstone"},{"floor":45,"key":"Bottled Lightning"},{"floor":47,"key":"FossilizedHelix"},{"floor":55,"key":"Letter Opener"}],"event_choices":[{"damage_healed":0,"gold_gain":0,"player_choice":"Donut","damage_taken":0,"max_hp_gain":5,"max_hp_loss":0,"event_name":"Big Fish","floor":2,"gold_loss":0},{"damage_healed":0,"gold_gain":75,"player_choice":"Gather Gold","damage_taken":11,"max_hp_gain":0,"max_hp_loss":0,"event_name":"World of Goop","floor":3,"gold_loss":0},{"damage_healed":0,"gold_gain":0,"player_choice":"Grow","damage_taken":0,"max_hp_gain":0,"max_hp_loss":0,"event_name":"Living Wall","floor":5,"gold_loss":0,"cards_upgraded":["EmptyFist"]},{"damage_healed":19,"gold_gain":0,"player_choice":"Healed","damage_taken":0,"max_hp_gain":0,"max_hp_loss":0,"event_name":"The Cleric","floor":12,"gold_loss":35},{"damage_healed":0,"gold_gain":0,"player_choice":"Upgraded","damage_taken":0,"max_hp_gain":0,"max_hp_loss":0,"event_name":"Upgrade Shrine","floor":19,"gold_loss":0,"cards_upgraded":["Adaptation"]},{"damage_healed":0,"gold_gain":0,"player_choice":"Ignored","damage_taken":0,"max_hp_gain":0,"max_hp_loss":0,"event_name":"Vampires","floor":22,"gold_loss":0},{"damage_healed":0,"gold_gain":0,"player_choice":"Simplicity","damage_taken":0,"max_hp_gain":0,"max_hp_loss":0,"event_name":"Back to Basics","floor":28,"gold_loss":0,"cards_upgraded":["Strike_P","Defend_P","Defend_P","Defend_P","Defend_P"]},{"damage_healed":0,"gold_gain":0,"player_choice":"Joined the Cult","damage_taken":6,"max_hp_gain":0,"max_hp_loss":0,"event_name":"Nest","floor":31,"gold_loss":0,"cards_obtained":["RitualDagger"]},{"damage_healed":0,"gold_gain":0,"player_choice":"Ignored","damage_taken":0,"max_hp_gain":0,"max_hp_loss":0,"event_name":"Tomb of Lord Red Mask","floor":36,"gold_loss":0},{"damage_healed":0,"gold_gain":0,"player_choice":"Fight","damage_taken":0,"max_hp_gain":0,"max_hp_loss":0,"event_name":"MindBloom","floor":38,"gold_loss":0},{"cards_removed":["EmptyBody"],"damage_healed":0,"gold_gain":0,"player_choice":"Removed Skill","damage_taken":0,"max_hp_gain":0,"max_hp_loss":0,"event_name":"Falling","floor":41,"gold_loss":0}],"is_beta":true,"boss_relics":[{"not_picked":["Fusion Hammer","Snecko Eye"],"picked":"Calling Bell"},{"not_picked":["Cursed Key","Astrolabe"],"picked":"SlaversCollar"}],"items_purged_floors":[10,20,54],"is_endless":false,"potions_floor_spawned":[1,11,14,18,21,27,29,30,33,35,38,39,40,42,44,47,48,55],"killed_by":"The Heart","ascension_level":20}}