{"host":"xp27heuvanyklt0b","time":1613015431,"event":{"mods":["100% Spire Juice","BaseMod","Lobotomy","Minty Spire (QoL Compilation)","StSLib"],"gold_per_floor":[120,130,142,156,166,166,176,176,176,188,206,206,224,252,252,352,402,402,402],"floor_reached":18,"language":"KOR","playtime":1032,"items_purged":[],"score":193,"play_id":"9445a2cb-b632-404d-96c6-a1a82627acdf","local_time":"20210211125031","is_ascension_mode":false,"campfire_choices":[],"circlet_count":0,"master_deck":["SpecialBullet","SpecialBullet","SpecialBullet","SpecialBullet","SpecialBullet","SpecialBullet","InformationCode","SecurityCode","TrainingCode","GrinderMk4","ShyLook","Tough","MeltingLove","BlueScar","Wellcheers","Lamp+2","BeautyBeast","GreenStem","OSAHOGD","BlackSwan_ego","Bloodbath","Penitence","Hypocrisy","DreamingCurrent","Penitence","BigBadWolf","WristCuter+1","Soda","VoidDream","Pinks","RedEyes"],"relics":["CogitoBucket","RabbitCall","SkinProphecy","Mercury Hourglass","Bottled Flame","Tiny House"],"acts_visited":["Exordium","TheCity"],"potions_floor_usage":[],"damage_taken":[{"damage":7,"enemies":"Small Slimes","floor":1,"turns":2},{"damage":5,"enemies":"Jaw Worm","floor":2,"turns":2},{"damage":6,"enemies":"Cultist","floor":3,"turns":3},{"damage":2,"enemies":"2 Fungi Beasts","floor":4,"turns":2},{"damage":6,"enemies":"Large Slime","floor":5,"turns":5},{"damage":46,"enemies":"Exordium Wildlife","floor":7,"turns":8},{"damage":0,"enemies":"Lots of Slimes","floor":10,"turns":2},{"damage":4,"enemies":"Red Slaver","floor":11,"turns":3},{"damage":0,"enemies":"3 Louse","floor":13,"turns":2},{"damage":27,"enemies":"Lagavulin","floor":14,"turns":5},{"damage":59,"enemies":"The Guardian","floor":16,"turns":9},{"damage":148,"enemies":"2 Thieves","floor":18,"turns":6}],"seed_played":"-4138551706957168153","potions_obtained":[{"floor":3,"key":"CultistPotion"},{"floor":7,"key":"LiquidMemories"},{"floor":11,"key":"Regen Potion"},{"floor":14,"key":"Energy Potion"}],"is_trial":false,"path_per_floor":["M","M","M","M","M","R","M","R","T","M","M","R","M","E","R","B",null,"M"],"character_chosen":"Angela","items_purchased":[],"campfire_rested":0,"item_purchase_floors":[],"current_hp_per_floor":[70,70,70,70,70,70,32,32,32,37,41,41,62,70,70,72,85,0,0],"gold":402,"neow_bonus":"THREE_CARDS","is_daily":false,"chose_seed":false,"campfire_upgraded":0,"win_rate":0.0,"timestamp":1613015431,"path_taken":["M","M","M","M","M","R","M","R","T","M","M","R","M","E","R","BOSS","M"],"items_purchased_type":[],"build_version":"2020-12-22","purchased_purges":0,"victory":false,"max_hp_per_floor":[70,70,70,70,70,70,70,70,70,72,74,74,76,78,78,80,85,89,89],"card_choices":[{"not_picked":["Horn","MagicBullet"],"picked":"GrinderMk4","floor":0},{"not_picked":["MeatLantern","CrumblingArmor"],"picked":"ShyLook","floor":1},{"not_picked":["Regret_ego"],"picked":"Tough","floor":1},{"not_picked":["FairyFestival","HeroicMonk"],"picked":"MeltingLove","floor":2},{"not_picked":["CUTE"],"picked":"BlueScar","floor":2},{"not_picked":["WallGazer","BeautyBeast"],"picked":"Wellcheers","floor":3},{"not_picked":["Diffraction"],"picked":"Lamp","floor":3},{"not_picked":["MHz","WallGazer"],"picked":"BeautyBeast","floor":4},{"not_picked":["SwordSharpenedByTears"],"picked":"GreenStem","floor":4},{"not_picked":["CherryBlossoms","WhitesApple"],"picked":"OSAHOGD","floor":5},{"not_picked":["Horn"],"picked":"BlackSwan_ego","floor":5},{"not_picked":["CherryBlossoms","BigBird"],"picked":"Bloodbath","floor":7},{"not_picked":["Loneliness"],"picked":"Penitence","floor":7},{"not_picked":["SomewhereSpear"],"picked":"Hypocrisy","floor":10},{"not_picked":["LittleHelper","CherryBlossoms"],"picked":"DreamingCurrent","floor":11},{"not_picked":["SomewhereSpear"],"picked":"Penitence","floor":11},{"not_picked":["Scorched","GreedKing"],"picked":"BigBadWolf","floor":13},{"not_picked":["Regret_ego"],"picked":"WristCuter","floor":13},{"not_picked":["Laetitia_ego"],"picked":"Soda","floor":14},{"not_picked":["LaLuna","CherryBlossoms"],"picked":"VoidDream","floor":16},{"not_picked":["SoundOfStar"],"picked":"Pinks","floor":16},{"not_picked":["Amita"],"picked":"RedEyes","floor":17}],"player_experience":218730,"relics_obtained":[{"floor":9,"key":"Mercury Hourglass"},{"floor":14,"key":"Bottled Flame"}],"event_choices":[],"is_beta":false,"boss_relics":[{"not_picked":["Black Star","Empty Cage"],"picked":"Tiny House"}],"items_purged_floors":[],"is_endless":false,"potions_floor_spawned":[3,7,11,13,14,16],"killed_by":"2 Thieves","ascension_level":0}}