{"host":"oj0go5kmh06kvxh4","time":1613008470,"event":{"mods":["BaseMod","Downfall","KinomotoSakuraMod(¤ì¤§¥»?)","Koishi","Minty Spire (QoL Compilation)","Remilia¡]Á¢¦Ì²ú?¡^","StSLib","The Animator","The Bug Knight","The Hierophant","The Servant 0.9.4","TheWitcher","Youmu¡]»î¾z§¯?¡^","Yuri Mod"],"gold_per_floor":[117,292,217,234,234,234,249,275,275,24,38,49,49,66,66,166,166,151,168,200,200,200,200],"floor_reached":22,"language":"ZHS","playtime":1424,"items_purged":["Doubt"],"score":211,"play_id":"b19de2c4-e5d5-43b0-949b-bdb2b90ca8c2","local_time":"20210211095430","is_ascension_mode":false,"campfire_choices":[{"data":"HollowMod:SoulShaman","floor":6,"key":"SMITH"},{"data":"HollowMod:FastStrike","floor":15,"key":"SMITH"}],"circlet_count":0,"master_deck":["HollowMod:NailStrikeStart","HollowMod:NailStrikeStart","HollowMod:NailStrikeStart","HollowMod:NailStrikeStart","HollowMod:QuickDashStart","HollowMod:QuickDashStart","HollowMod:QuickDashStart","HollowMod:FocusHealStart+1","HollowMod:PogoStrike","HollowMod:HuntersJournal","HollowMod:SoulShaman+1","HollowMod:FallenFury","HollowMod:SharpenedNail+1","HollowMod:SiblingsSouls","HollowMod:FastStrike+1","HollowMod:MidwifesHunger","HollowMod:SiblingsShadow","HollowMod:Grubsong","HollowMod:SharpenedShadows"],"relics":["HollowMod:VesselMask","NeowsBlessing","Calipers","HollowMod:MantisClawRelic","SlaversCollar","HollowMod:GreatKnightMask"],"acts_visited":["Exordium","TheCity"],"potions_floor_usage":[16,16,16],"damage_taken":[{"damage":0,"enemies":"Small Slimes","floor":1,"turns":1},{"damage":0,"enemies":"Cultist","floor":4,"turns":1},{"damage":0,"enemies":"Jaw Worm","floor":7,"turns":1},{"damage":31,"enemies":"Gremlin Nob","floor":8,"turns":5},{"damage":6,"enemies":"Blue Slaver","floor":11,"turns":4},{"damage":10,"enemies":"Looter","floor":12,"turns":2},{"damage":16,"enemies":"Lots of Slimes","floor":14,"turns":5},{"damage":45,"enemies":"The Guardian","floor":16,"turns":10},{"damage":20,"enemies":"2 Thieves","floor":18,"turns":4},{"damage":13,"enemies":"Chosen","floor":19,"turns":4},{"damage":0,"enemies":"HollowMod:Zote","floor":20,"turns":2},{"damage":76,"enemies":"3 Cultists","floor":22,"turns":6}],"seed_played":"7145724548034332634","potions_obtained":[{"floor":1,"key":"EssenceOfSteel"},{"floor":4,"key":"SpeedPotion"},{"floor":8,"key":"FearPotion"},{"floor":12,"key":"BlessingOfTheForge"},{"floor":18,"key":"SkillPotion"}],"is_trial":false,"path_per_floor":["M","?","$","M","?","R","M","E","T","$","M","M","?","M","R","B",null,"M","M","?","?","M"],"character_chosen":"THE_BUGKNIGHT","items_purchased":["HollowMod:MantisClawRelic"],"campfire_rested":0,"item_purchase_floors":[10],"current_hp_per_floor":[75,75,75,75,75,75,75,44,44,44,48,44,44,38,38,5,75,61,54,60,60,0,0],"gold":200,"neow_bonus":"THREE_ENEMY_KILL","is_daily":false,"chose_seed":false,"campfire_upgraded":2,"win_rate":0.0,"timestamp":1613008470,"path_taken":["M","?","$","M","?","R","M","E","T","$","M","?","?","M","R","BOSS","M","M","?","?","?"],"items_purchased_type":["Relic"],"build_version":"2020-12-22","purchased_purges":1,"victory":false,"max_hp_per_floor":[75,75,75,75,75,75,75,75,75,75,75,75,75,75,75,75,75,75,75,75,75,75,75],"card_choices":[{"not_picked":["HollowMod:SoulVessel","HollowMod:AbyssShriek"],"picked":"HollowMod:HuntersJournal","floor":1},{"not_picked":["HollowMod:GoodIntentions","HollowMod:SiblingsSouls"],"picked":"HollowMod:SoulShaman","floor":4},{"not_picked":["HollowMod:SoulShaman","HollowMod:ChannelNail"],"picked":"HollowMod:FallenFury","floor":7},{"not_picked":["HollowMod:HuntersJournal","HollowMod:ShadowDash"],"picked":"HollowMod:SharpenedNail","floor":8},{"not_picked":["HollowMod:AbyssShriek","HollowMod:NewLittleFool","HollowMod:PureNailStrike"],"picked":"SKIP","floor":11},{"not_picked":["HollowMod:WraithStrike","HollowMod:ChannelNail"],"picked":"HollowMod:SiblingsSouls","floor":12},{"not_picked":["HollowMod:SiblingsSouls","HollowMod:SoulSplash"],"picked":"HollowMod:FastStrike","floor":14},{"not_picked":["HollowMod:LifebloodCore","HollowMod:HornetsHelp"],"picked":"HollowMod:MidwifesHunger","floor":16},{"not_picked":["HollowMod:VengefulVoid","HollowMod:RecoilStrike"],"picked":"HollowMod:SiblingsShadow","floor":18},{"not_picked":["HollowMod:TaintedHusks","HollowMod:DreamGate"],"picked":"HollowMod:Grubsong","floor":19},{"not_picked":["HollowMod:ShadowDash+1","HollowMod:InfectionAssault"],"picked":"HollowMod:SharpenedShadows","floor":20}],"player_experience":121085,"relics_obtained":[{"floor":8,"key":"Calipers"},{"floor":20,"key":"HollowMod:GreatKnightMask"}],"event_choices":[{"damage_healed":0,"gold_gain":175,"player_choice":"AGREE","damage_taken":0,"max_hp_gain":0,"max_hp_loss":0,"event_name":"Liars Game","floor":2,"gold_loss":0,"cards_obtained":["Doubt"]},{"damage_healed":0,"gold_gain":0,"player_choice":"Upgraded","damage_taken":0,"max_hp_gain":0,"max_hp_loss":0,"event_name":"Upgrade Shrine","floor":5,"gold_loss":0,"cards_upgraded":["HollowMod:FocusHealStart"]},{"damage_healed":0,"gold_gain":0,"player_choice":"Grow","damage_taken":0,"max_hp_gain":0,"max_hp_loss":0,"event_name":"Living Wall","floor":13,"gold_loss":0,"cards_upgraded":["HollowMod:SharpenedNail"]},{"cards_removed":["HollowMod:QuickDashStart"],"damage_healed":0,"gold_gain":0,"player_choice":"Purged","damage_taken":0,"max_hp_gain":0,"max_hp_loss":0,"event_name":"Purifier","floor":21,"gold_loss":0}],"is_beta":false,"boss_relics":[{"not_picked":["Pandora\u0027s Box","Tiny House"],"picked":"SlaversCollar"}],"items_purged_floors":[3],"is_endless":false,"potions_floor_spawned":[1,4,8,11,12,18],"killed_by":"3 Cultists","ascension_level":0}}