{"host":"g75gtovmj0ine2rf","time":1613026110,"event":{"mods":["2.2 Compatiblity","AchievementEnabler","Act Like it!","Arknights","Aspiration","Astrologer","Bard","BaseMod","Better Match","BetterRewards","Bossed Relics","CapriCore","Challenge The Spire","ChefMod","Clockwork Mod","Colored Map","Conspire","Elementarium","Energized Spire","Friendly Minions","Gensokyo","Halation","Hallownest","Hermit","HexUI Lib","Highlight Path","Hubris","Infinite Spire","Jedi Mod","Lobotomy","Menagerie","Minty Spire (QoL Compilation)","Puzzle Mod","Quick Restart","Rare Cards Sparkle","Relic Stats","Replay The Spire","Robot Space Explorer","Shade Mod","Shop Mod","Spicy Shops","StSLib","SuperFastMode","The Construct","The Cursed","The Dragon Tamer","The Juggle","The Jungle","The Marked","The Runesmith","The Showman","The Witch","TheBandit","TheFirefly","TheSwordswoman","TheVacant","TheVelvet","Transform Curses","Wandering Minibosses","thorton"],"gold_per_floor":[118,137,62,89,11,11,40,40,40,42,42,42,77,101,101,107,107],"floor_reached":16,"language":"ENG","playtime":1267,"items_purged":[],"score":116,"play_id":"f5418126-db36-468c-ab30-a9d85fa967b1","local_time":"20210211174830","is_ascension_mode":false,"campfire_choices":[{"floor":6,"key":"REST"},{"floor":8,"key":"REST"},{"data":"infinitespire:Oblivion","floor":11,"key":"SMITH"},{"data":"jugglermod: IronMaiden","floor":15,"key":"SMITH"}],"circlet_count":0,"master_deck":["jugglermod: Strike","jugglermod: Strike","jugglermod: Strike","jugglermod: Strike","jugglermod: Defend","jugglermod: Defend","jugglermod: Defend","jugglermod: Defend","jugglermod: HighThrow","jugglermod: RightHook","jugglermod: SlowMotion","jugglermod: DustScreen","jugglermod: PalmDrop+1","jugglermod: MomentumPump","jugglermod: Cascade+1","jugglermod: InsideOut","infinitespire:Oblivion+1","jugglermod: Cocoon","jugglermod: IronMaiden+1","jugglermod: DreadfulPerformance"],"relics":["jugglermod: WetwareUpgrade","ReplayTheSpireMod:Ninjato","infinitespire:Midas Blood","MealTicket","Toy Ornithopter"],"acts_visited":["Exordium"],"potions_floor_usage":[],"damage_taken":[{"damage":0,"enemies":"Gensokyo:Gryphon","floor":1,"turns":3},{"damage":0,"enemies":"Gensokyo:2_Kodama","floor":2,"turns":5},{"damage":41,"enemies":"Gensokyo:Cirno","floor":4,"turns":11},{"damage":13,"enemies":"Gensokyo:Mamizou","floor":7,"turns":10},{"damage":1,"enemies":"Gensokyo:Aya","floor":13,"turns":5},{"damage":9,"enemies":"Gensokyo:Python","floor":14,"turns":5},{"damage":45,"enemies":"Gensokyo:Reimu","floor":16,"turns":4}],"seed_played":"538070355661849919","potions_obtained":[{"floor":4,"key":"jedi:wingpotion"},{"floor":7,"key":"AttackPotion"},{"floor":14,"key":"Block Potion"}],"is_trial":false,"path_per_floor":["M","M","?","?","COS","R","E","R","T","?","R","T","E","M","R","B"],"character_chosen":"THE_JUGGLER","items_purchased":[],"campfire_rested":2,"item_purchase_floors":[],"current_hp_per_floor":[75,75,75,34,34,56,43,65,65,48,48,48,47,38,38,0,0],"gold":107,"neow_bonus":"ONE_RANDOM_RARE_CARD","is_daily":false,"chose_seed":false,"campfire_upgraded":2,"win_rate":0.0,"timestamp":1613026110,"path_taken":["M","M","?","?","COS","R","E","R","T","?","R","?","E","?","R","BOSS"],"items_purchased_type":[],"build_version":"2020-12-22","purchased_purges":0,"victory":false,"max_hp_per_floor":[75,75,75,75,75,75,75,75,75,75,75,75,75,75,75,75,75],"relic_stats":{"counters":[7,43],"MealTicket":0,"obtain_stats":[{"ReplayTheSpireMod:Ninjato":4,"MealTicket":12,"jugglermod: WetwareUpgrade":0,"Toy Ornithopter":13,"infinitespire:Midas Blood":9},{"ReplayTheSpireMod:Ninjato":3,"MealTicket":4,"jugglermod: WetwareUpgrade":0,"Toy Ornithopter":5,"infinitespire:Midas Blood":4},{"ReplayTheSpireMod:Ninjato":19,"MealTicket":29,"jugglermod: WetwareUpgrade":0,"Toy Ornithopter":34,"infinitespire:Midas Blood":29}],"Toy Ornithopter":0},"card_choices":[{"not_picked":["jugglermod: RushJob","jugglermod: FloorBounce"],"picked":"jugglermod: DustScreen","floor":1},{"not_picked":["jugglermod: TheCrush","jugglermod: SandBlast","jugglermod: PocketSearch"],"picked":"SKIP","floor":2},{"not_picked":["jugglermod: DreadfulPerformance+1","jugglermod: BallUp+1"],"picked":"jugglermod: PalmDrop+1","floor":3},{"not_picked":["jugglermod: Squeeze","jugglermod: GlassCannon"],"picked":"jugglermod: MomentumPump","floor":4},{"not_picked":["jugglermod: Toss+1","jugglermod: FloorBounce+1"],"picked":"jugglermod: Cascade+1","floor":7},{"not_picked":["jugglermod: Faceball","jugglermod: Box"],"picked":"jugglermod: InsideOut","floor":7},{"not_picked":["infinitespire:Execution","infinitespire:FutureSight"],"picked":"infinitespire:Oblivion","floor":10},{"not_picked":["jugglermod: PumpIron","jugglermod: LosePatience"],"picked":"jugglermod: Cocoon","floor":13},{"not_picked":["jugglermod: DustScreen","jugglermod: HardPass"],"picked":"jugglermod: IronMaiden","floor":13},{"not_picked":["jugglermod: GadgetArm","jugglermod: Suspend"],"picked":"jugglermod: DreadfulPerformance","floor":14}],"player_experience":1420937,"relics_obtained":[{"floor":4,"key":"ReplayTheSpireMod:Ninjato"},{"floor":9,"key":"infinitespire:Midas Blood"},{"floor":12,"key":"MealTicket"},{"floor":13,"key":"Toy Ornithopter"}],"event_choices":[{"damage_healed":0,"gold_gain":0,"player_choice":"2","damage_taken":0,"max_hp_gain":0,"max_hp_loss":0,"event_name":"betterMatch:BetterMatch","floor":3,"gold_loss":0,"cards_obtained":["betterMatch:UncommonCard"]}],"is_beta":false,"boss_relics":[],"items_purged_floors":[],"is_endless":false,"potions_floor_spawned":[4,7,14],"killed_by":"Gensokyo:Reimu","ascension_level":0}}