{"host":"0hb9w7uizu7y13wj","time":1613065813,"event":{"mods":["Act Like it!","Aspiration","BaseMod","BetterRewards","Colored Map","Conspire","Downfall","Energized Spire","FTL Soundtrack","Friendly Minions","Halation","Hubris","Infinite Spire","Minty Spire (QoL Compilation)","Quick Restart","Replay The Spire","StSLib","Synergy Search","The Hierophant","The Jungle","The Poker Player","Trackpad","everything is the same but u backflip on backflip"],"gold_per_floor":[111,10,10,10,26,57,69,101,101,131,141,141,161,161,161,238,238,238,238,238,238,238,238,238,238,238,238,238,238,80,80,80,80,80,80,80,80,80,80,80,80,80,80,80,80,80,80,80,80,80,80],"floor_reached":52,"language":"ENG","playtime":4434,"items_purged":["Strike_R","Decay"],"score":3496,"play_id":"43f1b631-cd9d-41ad-b75b-ee0d4bb4b2c7","local_time":"20210211175013","is_ascension_mode":true,"campfire_choices":[{"data":"Bash","floor":12,"key":"SMITH"},{"data":"Strike_R","floor":15,"key":"SMITH"},{"data":"Dual Wield","floor":32,"key":"SMITH"},{"data":"Inflame","floor":41,"key":"SMITH"},{"data":"hubris:Fate","floor":44,"key":"SMITH"},{"data":"ReplayTheSpireMod:LeadingStrike","floor":49,"key":"SMITH"}],"circlet_count":0,"master_deck":["AscendersBane","Strike_R+1","Strike_R+1","Strike_R+1","Strike_R","Defend_R","Defend_R","Defend_R","Bash+1","infinitespire:OneForAll+1","Feel No Pain+1","Whirlwind+1","Feel No Pain+1","Blind+1","Shrug It Off+1","conspire:Banana+1","Barricade+1","Reaper+1","Replay:Sssssssssshield","Defy Death","ReplayTheSpireMod:LeadingStrike+1","Dual Wield+1","hubris:StunningStrike+1","hubris:Fate+1","Inflame+1","Clothesline+1"],"relics":["Burning Blood","Golden Egg","StoneCalendar","trackpad:ByrdCharm","Akabeko","Guide Book","Lantern","aspiration:DSix","aspiration:SeaSaltIceCream","FossilizedHelix","Pantograph","Ectoplasm","Centennial Puzzle","Dead Branch","Onion Ring","Pet Ghost","ClockworkSouvenir","Sozu","hubris:CuriousFeather","Bottled Lightning","Pondfish Scales","infinitespire:BottledMercury","trackpad:AdjectivePendant","hubris:Potato","infinitespire:Satchel"],"acts_visited":["Exordium","TheCity","TheBeyond"],"potions_floor_usage":[8,25],"damage_taken":[{"damage":0,"enemies":"conspire:RoseBush","floor":1,"turns":6},{"damage":0,"enemies":"Small Slimes","floor":5,"turns":3},{"damage":0,"enemies":"3 Sentries","floor":6,"turns":6},{"damage":2,"enemies":"Cultist","floor":7,"turns":4},{"damage":9,"enemies":"Lagavulin","floor":8,"turns":7},{"damage":0,"enemies":"3 Sentries","floor":10,"turns":6},{"damage":0,"enemies":"Exordium Thugs","floor":11,"turns":1},{"damage":2,"enemies":"3 Louse","floor":13,"turns":3},{"damage":0,"enemies":"Slime Boss","floor":16,"turns":7},{"damage":2,"enemies":"Shell Parasite","floor":18,"turns":4},{"damage":0,"enemies":"3 Byrds","floor":21,"turns":6},{"damage":0,"enemies":"Snake Plant","floor":22,"turns":5},{"damage":0,"enemies":"conspire:SneckoGhost","floor":23,"turns":7},{"damage":24,"enemies":"3 Cultists","floor":24,"turns":7},{"damage":0,"enemies":"Replay:Snechameleon","floor":25,"turns":6},{"damage":0,"enemies":"Slavers","floor":27,"turns":2},{"damage":0,"enemies":"conspire:HollyBat","floor":28,"turns":7},{"damage":0,"enemies":"Snake Plant","floor":29,"turns":3},{"damage":0,"enemies":"Snecko","floor":31,"turns":2},{"damage":0,"enemies":"Collector","floor":33,"turns":8},{"damage":0,"enemies":"3 Darklings","floor":35,"turns":2},{"damage":0,"enemies":"3 Shapes","floor":36,"turns":3},{"damage":0,"enemies":"Nemesis","floor":40,"turns":4},{"damage":0,"enemies":"R_Hoarder","floor":42,"turns":5},{"damage":0,"enemies":"Reptomancer","floor":45,"turns":4},{"damage":0,"enemies":"2 Orb Walkers","floor":46,"turns":3},{"damage":0,"enemies":"R_Hoarder","floor":48,"turns":3},{"damage":0,"enemies":"hubris:GrandSnecko","floor":50,"turns":5},{"damage":0,"enemies":"Time Eater","floor":51,"turns":10}],"seed_played":"3679198328791813978","potions_obtained":[{"floor":5,"key":"Elixir"},{"floor":10,"key":"Energy Potion"},{"floor":28,"key":"SpeedPotion"},{"floor":29,"key":"LifebloodPotion"}],"is_trial":false,"path_per_floor":["M","$","?","?","M","E","M","E","T","E","M","R","M","$","R","B",null,"M","?","?","M","M","E","M","E","T","E","M","M","$","M","R","B",null,"M","M","$","?","AVR","E","R","E","T","R","E","?","$","E","R","B","B",null],"character_chosen":"IRONCLAD","items_purchased":["Golden Egg","infinitespire:OneForAll","Feel No Pain","Whirlwind","trackpad:ByrdCharm","Feel No Pain","Akabeko","Guide Book","Blind","Shrug It Off","BlessingOfTheForge","conspire:Banana","ClockworkSouvenir"],"campfire_rested":0,"item_purchase_floors":[0,0,0,0,0,0,0,0,0,0,0,2,30],"current_hp_per_floor":[26,26,22,22,28,36,42,41,41,49,55,55,61,61,61,87,87,89,89,77,91,93,95,82,97,97,99,101,101,101,103,103,105,105,107,109,109,109,109,111,111,113,113,113,113,115,115,115,115,119,121],"gold":80,"neow_bonus":"","is_daily":false,"chose_seed":false,"campfire_upgraded":6,"win_rate":0.0,"timestamp":1613065813,"path_taken":["M","$","?","?","M","E","M","E","T","E","M","R","?","?","R","BOSS","M","?","?","?","M","E","M","E","T","E","M","M","$","M","R","BOSS","M","M","$","?","AVR","E","R","E","T","R","E","?","?","E","R","BOSS","BOSS"],"items_purchased_type":["Relic","Card","Card","Card","Relic","Card","Relic","Relic","Card","Card","Potion","Card","Relic"],"build_version":"2020-12-22","purchased_purges":2,"victory":true,"max_hp_per_floor":[75,75,75,75,75,77,79,81,81,83,83,83,85,85,85,87,87,89,89,89,91,93,95,97,99,99,99,101,101,101,103,103,105,105,107,109,109,109,109,111,111,113,113,113,113,115,115,115,115,119,121],"card_choices":[{"not_picked":["Run Through","Anger","ReplayTheSpireMod:Corrosion Curse"],"picked":"SKIP","floor":1},{"not_picked":["Anger","Warcry","Flex"],"picked":"SKIP","floor":5},{"not_picked":["Perfected Strike","Cleave","True Grit"],"picked":"SKIP","floor":6},{"not_picked":["Sentinel","Shockwave","Defy Death"],"picked":"SKIP","floor":7},{"not_picked":["Iron Wave","Pummel","Pommel Strike"],"picked":"SKIP","floor":8},{"not_picked":["Run Through","Flex"],"picked":"Barricade","floor":10},{"not_picked":["Bloodletting","Run Through","Anger"],"picked":"SKIP","floor":11},{"not_picked":["Iron Wave","Twin Strike","Pommel Strike"],"picked":"SKIP","floor":13},{"not_picked":["Juggernaut","Demonic Infusion"],"picked":"Reaper","floor":16},{"not_picked":["Anger","ReplayTheSpireMod:Strike From Hell+1","conspire:ExplosiveBarrier"],"picked":"SKIP","floor":18},{"not_picked":["Clothesline","Body Slam"],"picked":"Defy Death","floor":21},{"not_picked":["conspire:ExplosiveBarrier","Headbutt","Twin Strike"],"picked":"SKIP","floor":22},{"not_picked":["Shockwave","ReplayTheSpireMod:Corrosion Curse","Armaments+1"],"picked":"SKIP","floor":23},{"not_picked":["Flex","Pommel Strike"],"picked":"ReplayTheSpireMod:LeadingStrike","floor":24},{"not_picked":["Sword Boomerang","Perfected Strike","Body Slam"],"picked":"SKIP","floor":25},{"not_picked":["Cleave","Dropkick","Hemogenesis"],"picked":"SKIP","floor":27},{"not_picked":["Cleave","Dropkick","Hemogenesis"],"picked":"SKIP","floor":27},{"not_picked":["Flex","hubris:ReadiedAction","Warcry+1"],"picked":"SKIP","floor":28},{"not_picked":["Iron Wave","Clash"],"picked":"Dual Wield","floor":29},{"not_picked":["Combust+1","Thunderclap","Hemogenesis"],"picked":"SKIP","floor":31},{"not_picked":["Offering","Bludgeon"],"picked":"hubris:StunningStrike","floor":33},{"not_picked":["Clothesline","Run Through","conspire:Charge"],"picked":"SKIP","floor":35},{"not_picked":["Defy Death","Sever Soul+1","Abandon+1"],"picked":"SKIP","floor":36},{"not_picked":["ReplayTheSpireMod:Stacked+1","Headbutt"],"picked":"Inflame","floor":40},{"not_picked":["Sword Boomerang","ReplayTheSpireMod:Muscle Training","Headbutt+1"],"picked":"SKIP","floor":42},{"not_picked":["Cleave","Infernal Blade+1"],"picked":"Clothesline+1","floor":45},{"not_picked":["hubris:CleavingFinish","ReplayTheSpireMod:Stacked","Searing Blow"],"picked":"SKIP","floor":48}],"player_experience":988339,"relics_obtained":[{"floor":6,"key":"Lantern"},{"floor":8,"key":"aspiration:DSix"},{"floor":9,"key":"aspiration:SeaSaltIceCream"},{"floor":10,"key":"Pantograph"},{"floor":23,"key":"Centennial Puzzle"},{"floor":25,"key":"Dead Branch"},{"floor":26,"key":"Onion Ring"},{"floor":27,"key":"Pet Ghost"},{"floor":40,"key":"Bottled Lightning"},{"floor":42,"key":"Pondfish Scales"},{"floor":43,"key":"infinitespire:BottledMercury"},{"floor":45,"key":"trackpad:AdjectivePendant"},{"floor":46,"key":"hubris:Potato"},{"floor":48,"key":"infinitespire:Satchel"}],"event_choices":[{"damage_healed":0,"gold_gain":0,"player_choice":"Leave","damage_taken":0,"max_hp_gain":0,"max_hp_loss":0,"event_name":"conspire:Investor","floor":3,"gold_loss":0},{"damage_healed":0,"gold_gain":0,"player_choice":"Cursed","damage_taken":0,"max_hp_gain":0,"max_hp_loss":0,"event_name":"Wheel of Change","floor":4,"gold_loss":0,"cards_obtained":["Decay"]},{"damage_healed":0,"gold_gain":0,"player_choice":"Ignored","damage_taken":0,"max_hp_gain":0,"max_hp_loss":0,"event_name":"Vampires","floor":19,"gold_loss":0},{"damage_healed":0,"gold_gain":0,"player_choice":"CARD ","damage_taken":12,"max_hp_gain":0,"max_hp_loss":0,"event_name":"Knowing Skull","floor":20,"potions_obtained":[],"gold_loss":0,"cards_obtained":["Replay:Sssssssssshield"]},{"cards_removed":["Defend_R"],"damage_healed":0,"gold_gain":0,"player_choice":"Removed Skill","damage_taken":0,"max_hp_gain":0,"max_hp_loss":0,"event_name":"Falling","floor":38,"gold_loss":0},{"damage_healed":0,"gold_gain":0,"player_choice":"Fight","damage_taken":0,"max_hp_gain":0,"max_hp_loss":0,"event_name":"Mysterious Sphere","floor":46,"gold_loss":0}],"is_beta":false,"boss_relics":[{"not_picked":["Fusion Hammer","Astrolabe"],"picked":"Ectoplasm"},{"not_picked":["energizedSpire:DeadBattery","Replay:Ancient Bell"],"picked":"Sozu"}],"items_purged_floors":[0,39],"is_endless":false,"potions_floor_spawned":[5,10,11,13,21,28,29,31,33,40,42,45],"ascension_level":20}}