{"host":"a1eatafr7pisesky","time":1613037744,"event":{"mods":["AchievementEnabler","BaseMod","Colored Map","Keyboard Shortcuts","Minty Spire (QoL Compilation)","Say the Spire","StSLib","SuperFastMode","everything is the same but u backflip on backflip"],"gold_per_floor":[119,119,44,44,61,61,92,17,17,17,44,56,75,98,98,175,175,195,205,47,47,47,47],"floor_reached":22,"language":"KOR","playtime":803,"items_purged":["Strike_R"],"score":472,"play_id":"50884f87-3d7b-46ef-9638-f70fad7ab918","local_time":"20210211190224","is_ascension_mode":true,"campfire_choices":[{"data":"Bash","floor":6.0,"key":"SMITH"},{"data":"Dropkick","floor":10.0,"key":"SMITH"},{"data":"Evolve","floor":15.0,"key":"SMITH"}],"circlet_count":0,"master_deck":["AscendersBane","Strike_R","Strike_R","Strike_R+1","Defend_R","Defend_R","Defend_R","Defend_R","Bash+1","Sword Boomerang+1","Second Wind","Dropkick+1","Headbutt+1","Evolve+1","Whirlwind+1","Limit Break","Inflame","Anger+1"],"relics":["Burning Blood","NeowsBlessing","Shuriken","Tiny Chest","Molten Egg 2","Meat on the Bone","Nunchaku","Black Star","Chemical X","Enchiridion"],"acts_visited":["Exordium","TheCity"],"potions_floor_usage":[22],"damage_taken":[{"damage":0.0,"enemies":"Jaw Worm","floor":1.0,"turns":1.0},{"damage":0.0,"enemies":"2 Louse","floor":5.0,"turns":1.0},{"damage":0.0,"enemies":"3 Sentries","floor":7.0,"turns":1.0},{"damage":0.0,"enemies":"Gremlin Nob","floor":11.0,"turns":3.0},{"damage":0.0,"enemies":"Cultist","floor":12.0,"turns":2.0},{"damage":14.0,"enemies":"Red Slaver","floor":13.0,"turns":2.0},{"damage":30.0,"enemies":"Slime Boss","floor":16.0,"turns":6.0},{"damage":45.0,"enemies":"Shell Parasite","floor":18.0,"turns":5.0},{"damage":28.0,"enemies":"2 Thieves","floor":19.0,"turns":4.0},{"damage":16,"enemies":"Centurion and Healer","floor":22,"turns":1}],"seed_played":"-8911454321553482684","potions_obtained":[{"floor":11.0,"key":"Dexterity Potion"},{"floor":16.0,"key":"AttackPotion"}],"is_trial":false,"path_per_floor":["M","?","$","?","M","R","E","?","T","R","E","M","M","T","R","B",null,"M","M","$","?","M"],"character_chosen":"IRONCLAD","items_purchased":["Chemical X"],"campfire_rested":0,"item_purchase_floors":[20],"current_hp_per_floor":[74,51,51,46,52,52,58,58,58,58,64,70,62,62,62,50,69,42,32,32,11,0,0],"gold":47,"neow_bonus":"THREE_ENEMY_KILL","is_daily":false,"chose_seed":false,"campfire_upgraded":3,"win_rate":0.0,"timestamp":1613037744,"path_taken":["M","?","$","?","M","R","E","?","T","R","E","M","M","?","R","BOSS","M","M","$","?","M"],"items_purchased_type":["Relic"],"build_version":"2020-12-22","purchased_purges":1,"victory":false,"max_hp_per_floor":[75,75,75,75,75,75,75,75,75,75,75,75,75,75,75,75,75,75,75,75,75,75,75],"card_choices":[{"not_picked":["Pommel Strike","Cleave"],"picked":"Sword Boomerang","floor":1.0},{"not_picked":["Twin Strike","Sword Boomerang"],"picked":"Second Wind","floor":5.0},{"not_picked":["Clash","True Grit"],"picked":"Dropkick","floor":7.0},{"not_picked":["Entrench","Clothesline+1"],"picked":"Headbutt+1","floor":11.0},{"not_picked":["True Grit","Rampage+1"],"picked":"Evolve","floor":12.0},{"not_picked":["Combust","Armaments"],"picked":"Whirlwind+1","floor":13.0},{"not_picked":["Impervious","Bludgeon+1"],"picked":"Limit Break","floor":16.0},{"not_picked":["Rupture","True Grit"],"picked":"Inflame","floor":18.0},{"not_picked":["Pummel+1","Cleave+1"],"picked":"Anger+1","floor":19.0}],"player_experience":444733,"relics_obtained":[{"floor":7.0,"key":"Tiny Chest"},{"floor":9.0,"key":"Molten Egg 2"},{"floor":11.0,"key":"Meat on the Bone"},{"floor":14.0,"key":"Nunchaku"},{"floor":21.0,"key":"Enchiridion"}],"event_choices":[{"damage_healed":0.0,"max_hp_gain":0.0,"max_hp_loss":0.0,"gold_gain":0.0,"event_name":"Shining Light","player_choice":"Entered Light","floor":2.0,"gold_loss":0.0,"damage_taken":23.0,"cards_upgraded":["Sword Boomerang","Strike_R"]},{"damage_healed":0.0,"max_hp_gain":0.0,"max_hp_loss":0.0,"gold_gain":0.0,"event_name":"Scrap Ooze","player_choice":"Success","floor":4.0,"gold_loss":0.0,"damage_taken":5.0,"relics_obtained":["Shuriken"]},{"cards_removed":["Strike_R"],"damage_healed":0.0,"max_hp_gain":0.0,"max_hp_loss":0.0,"gold_gain":0.0,"event_name":"The Cleric","player_choice":"Card Removal","floor":8.0,"gold_loss":75.0,"damage_taken":0.0},{"damage_healed":0.0,"max_hp_gain":0.0,"max_hp_loss":0.0,"gold_gain":0.0,"event_name":"Cursed Tome","player_choice":"Obtained Book","floor":21.0,"gold_loss":0.0,"damage_taken":21.0}],"is_beta":false,"boss_relics":[{"not_picked":["Fusion Hammer","Snecko Eye"],"picked":"Black Star"}],"items_purged_floors":[3],"is_endless":false,"potions_floor_spawned":[11,16,18],"killed_by":"Centurion and Healer","ascension_level":19}}