{"host":"20e88t9rzopateec","time":1613028593,"event":{"mods":["ATMod(°¢èªMod)","Aspiration","BaseMod","Colored Map","Dota2Spire","Marked Mod","Minty Spire (QoL Compilation)","MostiFishMod","Quick Restart","Replay The Spire","Shop Mod","Spicy Shops","StSLib","¡¾ÒÅÎï¿¨ÅÆ¡¿REMEMod","óô»ðÖ¸ÄÏ"],"gold_per_floor":[10019,10019,10031,10049,10009,10039,8882,8915,8995,8995,9016,9030,8057,8083,7523,7638,7638,7661,7036,7051,6598,6598,6630,6151,6181,6250,6250,6190,6236,6335,6354,6058,6169,6169,6195,6214,6237,6257,6278,6260,6260,6293,6293,6316,5910,5968,5968,6010,5657,5669,5669,3956,3357,3398,3430],"floor_reached":56,"language":"ZHS","playtime":1773,"items_purged":["Strike_P+1","Replay:Hysterical Blindness","Defend_P+1","Strike_P+1","EmptyMind+1","AT_DivineConfetti+1","AT_EssenceShift+1","MostiFishMod:GrandStart+1"],"score":2227,"play_id":"782efe36-981a-4b38-8eab-2a93ea39f01f","local_time":"20210211152953","is_ascension_mode":true,"campfire_choices":[{"floor":10.0,"key":"RECALL"}],"circlet_count":0,"master_deck":["AscendersBane","Defend_P+4","Eruption+1","Vigilance+1","WheelKick+1","BowlingBash+1","Prostrate+1","MostiFishMod:StarLaLaLa+1","Crescendo+1","AT_EmpoweredMortalDraw+1","MostiFishMod:StarLaLaLa+1","Trip+1"],"relics":["PureWater","AT_ATBox","DaveBox","REME_ComplimentaryCards","Frozen Egg 2","Molten Egg 2","Toxic Egg 2","SynthV:C4","aspiration:Nostalgia","Ring of the Snake","SynthV:TestCard","Quantum Egg","Civilization","AT_ImmortalShieldbow","Replay:PocketPolymizer","Juzu Bracelet","Dota2Spire:BladeMail","MerchantsRug","Replay:Bandana","Damaru","Golden Egg","ReplayTheSpireMod:Ninjato","Membership Card","ReplayTheSpireMod:CursedCoin","InkBottle","Odd Mushroom","aspiration:ChemicalBlood","Ancient Tea Set","Replay:Towering Pillar of Hats","Bronze Scales","OrangePellets","Sling","SacredBark","CloakClasp","Dota2Spire:Butterfly","Omamori","Bag of Preparation","HandDrill","Lee\u0027s Waffle","Boot","Whetstone","Dota2Spire:DrumOfEndurance","AT_RedTearstoneRing","aspiration:HummingbirdHeart","ReplayFunnel","Simple Rune","AT_SilvercatRing","BrkXgEgg","Tiny Chest","Letter Opener","aspiration:Stabinomicon","Kunai","TakeMeEscape","Vajra","MarkedMod:AcupunctureKit","Akabeko","AT_MortalBlade","Dota2Spire:ShadowBlade","Lizard Tail","Dota2Spire:PowerTreads","ReplayTheSpireMod:Lightbulb","Chemical X","Bottled Lightning","MostiFishMod:AdaptiveDefenses","AT_EbonyIvory","Dota2Spire:OctarineCore","Ornamental Fan","AT_RedNoBalance","ReplayTheSpireMod:TigerMarble","Durian","AT_Kusabimaru","ClockworkSouvenir","SynthV:MejaisSoulstealer","Yang","DollysMirror","REME_LimitBreaker","Dota2Spire:EyeOfSkadi","Orichalcum","Medical Kit","Oddly Smooth Stone"],"acts_visited":["TheCity","TheBeyond","TheEnding"],"potions_floor_usage":[39,39,40,55],"damage_taken":[{"damage":0.0,"enemies":"Cultist","floor":1.0,"turns":1.0},{"damage":0.0,"enemies":"Jaw Worm","floor":3.0,"turns":1.0},{"damage":0.0,"enemies":"Small Slimes","floor":4.0,"turns":1.0},{"damage":48.0,"enemies":"Lagavulin","floor":6.0,"turns":5.0},{"damage":2.0,"enemies":"Replay:BlueRogue","floor":8.0,"turns":3.0},{"damage":0.0,"enemies":"Blue Slaver","floor":11.0,"turns":1.0},{"damage":0.0,"enemies":"Looter","floor":12.0,"turns":1.0},{"damage":0.0,"enemies":"The Mushroom Lair","floor":14.0,"turns":1.0},{"damage":0.0,"enemies":"Fading Forest","floor":16.0,"turns":7.0},{"damage":0.0,"enemies":"3 Byrds","floor":18.0,"turns":1.0},{"damage":0.0,"enemies":"2 Thieves","floor":20.0,"turns":1.0},{"damage":0.0,"enemies":"Slavers","floor":23.0,"turns":1.0},{"damage":0.0,"enemies":"Replay:Snechameleon","floor":25.0,"turns":4.0},{"damage":0.0,"enemies":"Gremlin Leader","floor":29.0,"turns":6.0},{"damage":0.0,"enemies":"Snake Plant","floor":31.0,"turns":1.0},{"damage":0,"enemies":"Collector","floor":33,"turns":3},{"damage":0,"enemies":"3 Darklings","floor":35,"turns":1},{"damage":0,"enemies":"Orb Walker","floor":36,"turns":1},{"damage":8,"enemies":"4 Shapes","floor":38,"turns":1},{"damage":0,"enemies":"Transient","floor":39,"turns":5},{"damage":0,"enemies":"R_Hoarder","floor":40,"turns":3},{"damage":0,"enemies":"Reptomancer","floor":42,"turns":2},{"damage":0,"enemies":"Spire Growth","floor":44,"turns":1},{"damage":0,"enemies":"2 Orb Walkers","floor":46,"turns":1},{"damage":0,"enemies":"R_Hoarder","floor":48,"turns":1},{"damage":0,"enemies":"Replay:Hell Engine","floor":50,"turns":1},{"damage":0,"enemies":"Shield and Spear","floor":54,"turns":1},{"damage":0,"enemies":"The Heart","floor":55,"turns":3}],"seed_played":"5491429520936359936","potions_obtained":[{"floor":4.0,"key":"Adrenaline Potion"},{"floor":5.0,"key":"Elixir"},{"floor":5.0,"key":"EssenceOfSteel"},{"floor":31.0,"key":"Strength Potion"},{"floor":42,"key":"Adrenaline Potion"}],"is_trial":false,"path_per_floor":["M","?","M","M","?","E","$","E","T","R","M","M","$","?","R","B",null,"M","$","M","$","?","E","R","E","T","?","?","E","?","M","R","B",null,"M","M","T","M","M","E","?","E","T","M","R","?","?","E","R","B",null,"R","$","E","B",null],"character_chosen":"WATCHER","items_purchased":["Civilization","AT_ImmortalShieldbow","Replay:PocketPolymizer","Juzu Bracelet","Dota2Spire:BladeMail","MerchantsRug","BowlingBash+1","Damaru","Golden Egg","ReplayTheSpireMod:Ninjato","Membership Card","ReplayTheSpireMod:CursedCoin","InkBottle","MostiFishMod:ForestofLight+1","aspiration:ChemicalBlood","Ancient Tea Set","Replay:Towering Pillar of Hats","Bronze Scales","OrangePellets","Sling","CloakClasp","Dota2Spire:Butterfly","Omamori","Bag of Preparation","PowerPotion","HandDrill","Lee\u0027s Waffle","Boot","Whetstone","Dota2Spire:DrumOfEndurance","Fruit Juice","Adrenaline Potion","aspiration:HummingbirdHeart","ReplayFunnel","Simple Rune","AT_SilvercatRing","BrkXgEgg","TakeMeEscape","Vajra","MarkedMod:AcupunctureKit","Akabeko","SkillPotion","Chemical X","Bottled Lightning","MostiFishMod:AdaptiveDefenses","AT_EbonyIvory","BottledMiracle","AT_SilverBalance","ReplayTheSpireMod:TigerMarble","Durian","AT_Kusabimaru","ClockworkSouvenir","SynthV:MejaisSoulstealer","Yang","DollysMirror","REME_LimitBreaker","Dota2Spire:EyeOfSkadi","Orichalcum","Medical Kit","Trip+1"],"campfire_rested":0,"item_purchase_floors":[7,7,7,7,7,7,7,13,13,13,13,13,13,13,15,15,15,15,15,15,19,19,19,19,19,21,21,21,21,21,21,21,24,24,24,24,24,32,32,32,32,32,45,45,45,45,45,49,49,49,49,49,52,52,52,53,53,53,53,53],"current_hp_per_floor":[65,65,65,65,65,17,17,19,19,19,21,24,24,29,29,34,75,80,80,85,119,119,124,124,129,129,113,113,118,118,123,123,128,140,145,150,150,147,152,157,157,162,162,167,167,172,172,177,182,114,178,178,183,188,193],"gold":3430,"neow_bonus":"NOSTALGIA","is_daily":false,"chose_seed":false,"campfire_upgraded":0,"win_rate":0.0,"timestamp":1613028593,"path_taken":["M","?","?","M","?","E","?","E","T","R","M","M","$","?","R","BOSS","M","$","M","$","?","E","R","E","T","?","?","E","?","M","R","BOSS","M","M","?","M","M","E","?","E","T","M","R","?","?","E","R","BOSS","R","$","E","BOSS"],"items_purchased_type":["Relic","Relic","Relic","Relic","Relic","Relic","Card","Relic","Relic","Relic","Relic","Relic","Relic","Card","Relic","Relic","Relic","Relic","Relic","Relic","Relic","Relic","Relic","Relic","Potion","Relic","Relic","Relic","Relic","Relic","Potion","Potion","Relic","Relic","Relic","Relic","Relic","Relic","Relic","Relic","Relic","Potion","Relic","Relic","Relic","Relic","Potion","Relic","Relic","Relic","Relic","Relic","Relic","Relic","Relic","Relic","Relic","Relic","Relic","Card"],"build_version":"2020-12-22","purchased_purges":8,"victory":true,"max_hp_per_floor":[72,72,72,72,72,72,72,73,73,73,75,78,78,83,83,88,88,93,93,98,119,119,124,124,129,129,129,129,134,134,139,139,144,144,149,154,154,159,164,169,169,174,174,179,179,184,184,189,194,199,199,199,204,209,214],"card_choices":[{"not_picked":["SandsOfTime+1","EmptyFist+1","FollowUp+1"],"picked":"SKIP","floor":1.0},{"not_picked":["MarkedMod:Acupuncture+1","Prostrate+1","Protect+1","AT_SoftenMuscles+1"],"picked":"AT_DivineConfetti+1","floor":3.0},{"not_picked":["CrushJoints+1","FlurryOfBlows+1","Replay:BluntJabs+1","EmptyFist+1"],"picked":"WheelKick+1","floor":4.0},{"not_picked":["WreathOfFlame+1","MostiFishMod:Unraveling+1","WindmillStrike+1","EmptyBody+1"],"picked":"EmptyMind+1","floor":6.0},{"not_picked":["EmptyBody+1","Collect+1","PathToVictory+1","BowlingBash+1"],"picked":"Prostrate+1","floor":8.0},{"not_picked":["Protect+1","Consecrate+1","Replay:BluntJabs+1","CrushJoints+1","CutThroughFate+1"],"picked":"SKIP","floor":11.0},{"not_picked":["Replay:BluntJabs+1","Collect+1","EmptyMind+1","BowlingBash+1","CrushJoints+1"],"picked":"SKIP","floor":12.0},{"not_picked":["MostiFishMod:StarOceanP+1","Vault+1","MostiFishMod:Pointsdynamics+1","MostiFishMod:Moonprays+1"],"picked":"MostiFishMod:StarLaLaLa+1","floor":16.0},{"not_picked":["SashWhip+1","Worship+1","Wallop+1","MarkedMod:FirstStrike+1","Vengeance+1"],"picked":"SKIP","floor":18.0},{"not_picked":["MostiFishMod:Nomercy+1","WreathOfFlame+1","JustLucky+1","Adaptation+1","REME_Repentance+1"],"picked":"SKIP","floor":20.0},{"not_picked":["AT_SoftenMuscles+1","Nirvana+1","Worship+1","Wireheading+1","FollowUp+1"],"picked":"SKIP","floor":23.0},{"not_picked":["CutThroughFate+1","Replay:AtTheReady+1","PathToVictory+1","ReachHeaven+1","Replay:BluntJabs+1"],"picked":"SKIP","floor":25.0},{"not_picked":["MarkedMod:GentlePulse+1","MostiFishMod:Speedup+1","MostiFishMod:Nomercy+1","Indignation+1"],"picked":"Crescendo+1","floor":29.0},{"not_picked":["MarkedMod:PinPointDefense+1","EmptyBody+1","Adaptation+1","Tantrum+1","Vault+1"],"picked":"SKIP","floor":31.0},{"not_picked":["MarkedMod:Acupuncture+1","FollowUp+1","WaveOfTheHand+1","EmptyFist+1","Consecrate+1"],"picked":"SKIP","floor":35},{"not_picked":["Replay:AtTheReady+1","CutThroughFate+1","JustLucky+1","BowlingBash+1","Crescendo+1"],"picked":"SKIP","floor":36},{"not_picked":["MostiFishMod:Dust+1","EmptyFist+1","Protect+1","PathToVictory+1","FlyingSleeves+1"],"picked":"SKIP","floor":38},{"not_picked":["FlurryOfBlows+1","Collect+1","MarkedMod:FirstStrike+1","Protect+1","Replay:Vibes+1"],"picked":"SKIP","floor":39},{"not_picked":["Replay:ManipulateFuture+1","SignatureMove+1","WindmillStrike+1","InnerPeace+1","MarkedMod:Acupuncture+1"],"picked":"SKIP","floor":40},{"not_picked":["Fasting2+1","Halt+1","Worship+1","FlyingSleeves+1","MostiFishMod:Pointsdynamics+1"],"picked":"SKIP","floor":42},{"not_picked":["MarkedMod:OneThousandNeedles+1","MarkedMod:GentlePulse+1","Halt+1","CutThroughFate+1","REME_Repentance+1"],"picked":"SKIP","floor":44},{"not_picked":["Protect+1","Wallop+1","Crescendo+1","MarkedMod:GentlePulse+1","BowlingBash+1"],"picked":"SKIP","floor":48},{"not_picked":["Sanctity+1","Replay:BluntJabs+1","ThirdEye+1","MentalFortress+1","CrushJoints+1"],"picked":"SKIP","floor":54}],"player_experience":271768,"relics_obtained":[{"floor":1.0,"key":"SynthV:TestCard"},{"floor":6.0,"key":"Quantum Egg"},{"floor":8.0,"key":"Replay:Bandana"},{"floor":14.0,"key":"Odd Mushroom"},{"floor":23.0,"key":"AT_RedTearstoneRing"},{"floor":25.0,"key":"Tiny Chest"},{"floor":26.0,"key":"Letter Opener"},{"floor":27.0,"key":"aspiration:Stabinomicon"},{"floor":29.0,"key":"Kunai"},{"floor":37,"key":"Dota2Spire:ShadowBlade"},{"floor":40,"key":"Lizard Tail"},{"floor":42,"key":"Dota2Spire:PowerTreads"},{"floor":43,"key":"ReplayTheSpireMod:Lightbulb"},{"floor":46,"key":"Dota2Spire:OctarineCore"},{"floor":48,"key":"Ornamental Fan"},{"floor":54,"key":"Oddly Smooth Stone"}],"event_choices":[{"damage_healed":0.0,"max_hp_gain":0.0,"max_hp_loss":0.0,"gold_gain":0.0,"event_name":"Upgrade Shrine","player_choice":"Ignored","floor":2.0,"gold_loss":0.0,"damage_taken":0.0},{"damage_healed":0.0,"max_hp_gain":0.0,"max_hp_loss":0.0,"gold_gain":0.0,"event_name":"The Woman in Blue","player_choice":"Bought 3 Potions","floor":5.0,"gold_loss":0.0,"damage_taken":0.0},{"damage_healed":0.0,"max_hp_gain":0.0,"max_hp_loss":0.0,"gold_gain":0.0,"event_name":"Mushrooms","player_choice":"Fought Mushrooms","floor":14.0,"gold_loss":0.0,"damage_taken":0.0},{"damage_healed":0.0,"max_hp_gain":0.0,"max_hp_loss":0.0,"gold_gain":0.0,"event_name":"Cursed Tome","player_choice":"Obtained Book","floor":27.0,"gold_loss":0.0,"damage_taken":16.0},{"damage_healed":0.0,"max_hp_gain":0.0,"max_hp_loss":0.0,"gold_gain":99.0,"event_name":"Nest","player_choice":"Stole From Cult","floor":30.0,"gold_loss":0.0,"damage_taken":0.0},{"cards_removed":["MostiFishMod:ForestofLight"],"damage_healed":0,"gold_gain":0,"player_choice":"Removed Skill","damage_taken":0,"max_hp_gain":0,"max_hp_loss":0,"event_name":"Falling","floor":41,"gold_loss":0},{"damage_healed":0,"gold_gain":0,"player_choice":"Fight","damage_taken":0,"max_hp_gain":0,"max_hp_loss":0,"event_name":"Mysterious Sphere","floor":46,"gold_loss":0},{"damage_healed":0,"gold_gain":0,"player_choice":"Memory 1","damage_taken":0,"max_hp_gain":0,"max_hp_loss":0,"event_name":"SensoryStone","floor":47,"gold_loss":0}],"is_beta":false,"boss_relics":[{"not_picked":["Tiny House","REME_ChargedStone"],"picked":"SacredBark"},{"not_picked":["Runic Dome","GuanYuAspect"],"picked":"AT_MortalBlade"}],"items_purged_floors":[7,13,13,15,19,19,52,53],"is_endless":false,"potions_floor_spawned":[4,6,12,14,23,25,31,36,38,42,44,48,54],"ascension_level":10}}