{"host":"v543qxxvvceaeui9","time":1613027531,"event":{"mods":["BaseMod","BetterRewards","Downfall","Hermit","Hubris","Infinite Spire","Marisa????????","Minty Spire (QoL Compilation)","Quick Restart","Replay The Spire","StSLib"],"gold_per_floor":[99,109,109,109,109,123,123,143,174,186,196,96,126,144,156,156,156,156],"floor_reached":16,"language":"ENG","playtime":1004,"items_purged":[],"score":104,"play_id":"5f1363b7-419f-49ae-a21b-a10edb8bb422","local_time":"20210211021211","is_ascension_mode":false,"campfire_choices":[{"data":"Guardian:Strike_Guardian","floor":1,"key":"PURGE"},{"floor":12,"key":"REST"}],"circlet_count":0,"master_deck":["Guardian:Strike_Guardian","Guardian:Strike_Guardian","Guardian:Defend_Guardian","Guardian:Defend_Guardian","Guardian:CurlUp","Guardian:TwinSlam","Guardian:TimeBomb","Guardian:PrismaticBarrier","Guardian:ArmoredProtocol","Guardian:Incinerate","Guardian:AncientConstruct","Guardian:TimeCapacitor","Guardian:Planning","Guardian:Gem_Yellow"],"relics":["Guardian:ModeShifter","downfall:ShatteredFragment","hubris:PeanutButter","downfall:HeartBlessingBlue"],"acts_visited":["Exordium"],"potions_floor_usage":[9,9,15,16,16],"damage_taken":[{"damage":11,"enemies":"Jaw Worm","floor":2,"turns":4},{"damage":5,"enemies":"Small Slimes","floor":6,"turns":4},{"damage":7,"enemies":"2 Louse","floor":8,"turns":3},{"damage":14,"enemies":"Gremlin Nob","floor":9,"turns":3},{"damage":3,"enemies":"Lots of Slimes","floor":10,"turns":4},{"damage":10,"enemies":"3 Louse","floor":11,"turns":3},{"damage":7,"enemies":"Exordium Thugs","floor":14,"turns":4},{"damage":0,"enemies":"3 Louse","floor":15,"turns":1},{"damage":79,"enemies":"DF_ARCHETYPE_STREAMLINE","floor":16,"turns":14}],"seed_played":"676990545025960204","potions_obtained":[{"floor":6,"key":"ColorlessPotion"},{"floor":8,"key":"Swift Potion"},{"floor":10,"key":"hexamod:SoulburnPotion"},{"floor":11,"key":"PowerPotion"},{"floor":14,"key":"Explosive Potion"}],"is_trial":false,"path_per_floor":["R","M","?","?","?","M","T","M","E","M","M","R","?","M","M","B"],"character_chosen":"GUARDIAN","items_purchased":[],"campfire_rested":1,"item_purchase_floors":[],"current_hp_per_floor":[80,69,69,45,45,40,40,33,19,16,6,43,43,36,36,0,0,0],"gold":156,"neow_bonus":"TRANSFORM_CARD","is_daily":false,"chose_seed":false,"campfire_upgraded":0,"win_rate":0.0,"timestamp":1613027531,"path_taken":["R","M","?","?","?","M","T","?","E","M","M","R","?","M","M","BOSS"],"items_purchased_type":[],"build_version":"2020-12-22","purchased_purges":0,"victory":false,"max_hp_per_floor":[80,80,80,80,80,80,80,80,80,80,80,90,90,90,90,90,90,90],"card_choices":[{"not_picked":["Guardian:ShieldCharger","Guardian:Gem_Lightblue"],"picked":"Guardian:PrismaticBarrier","floor":2},{"not_picked":["Guardian:TimeBomb","Guardian:Reroute"],"picked":"Guardian:ArmoredProtocol","floor":6},{"not_picked":["Guardian:TemporalShield","Guardian:Gem_Lightblue"],"picked":"Guardian:Incinerate","floor":8},{"not_picked":["Guardian:Incinerate","Guardian:Preprogram"],"picked":"Guardian:AncientConstruct","floor":9},{"not_picked":["Guardian:PrimingBeam","Guardian:WalkerClaw"],"picked":"Guardian:TimeCapacitor","floor":10},{"not_picked":["Guardian:Repulse","Guardian:ShieldCharger"],"picked":"Guardian:Gem_Green","floor":11},{"not_picked":["Guardian:Repulse","Guardian:TemporalShield"],"picked":"Guardian:Planning","floor":14},{"not_picked":["Guardian:Recover","Guardian:TimeSifter"],"picked":"Guardian:Gem_Yellow","floor":15}],"player_experience":317231,"relics_obtained":[{"floor":9,"key":"hubris:PeanutButter"}],"event_choices":[{"cards_removed":["Guardian:Defend_Guardian"],"damage_healed":0,"gold_gain":0,"player_choice":"Card Removal","damage_taken":0,"max_hp_gain":0,"max_hp_loss":0,"event_name":"Wheel of Change","floor":5,"gold_loss":0}],"is_beta":false,"boss_relics":[],"items_purged_floors":[],"is_endless":false,"potions_floor_spawned":[6,8,10,11,14],"killed_by":"DF_ARCHETYPE_STREAMLINE","ascension_level":0}}