{"host":"18wi9kpcl4eah7pe","time":1613083771,"event":{"mods":["BaseMod","Colored Powertips","Downfall","Minty Spire (QoL Compilation)","StSLib"],"gold_per_floor":[99,117,127,139,139,167,167,210,122,134,178,90,12,26,38,134,134,134,149,134,134,134,134,157,57,157,174,208,233,233,263,277,378,378,378,398,253,253,98,145,170,170,170,197,44,60,80,98,118,118,118,143,0,0,0,0,0,0],"floor_reached":56,"language":"ENG","playtime":3324,"items_purged":["Pain"],"score":993,"play_id":"965b8705-8ed9-49b9-8978-ea3956313a02","local_time":"20210211164931","is_ascension_mode":true,"campfire_choices":[{"floor":1,"key":"RECALL"},{"data":"bronze:Library","floor":9,"key":"SMITH"},{"floor":12,"key":"REST"},{"data":"bronze:Break","floor":18,"key":"SMITH"},{"data":"bronze:Flail","floor":23,"key":"SMITH"},{"data":"bronze:FollowUp","floor":25,"key":"SMITH"},{"floor":30,"key":"REST"},{"floor":35,"key":"REST"},{"data":"bronze:CleanCode","floor":43,"key":"SMITH"},{"floor":54,"key":"REST"}],"circlet_count":0,"master_deck":["bronze:Strike","bronze:Strike","bronze:Strike","bronze:Defend","bronze:Defend","bronze:Defend+1","bronze:Defend","bronze:Replicate","bronze:Goto+1","bronze:Repair","bronze:Flail+1","bronze:OilSpill","bronze:Shell","bronze:Library+1","bronze:BugBarrage","bronze:ForceShield","bronze:FollowUp+1","bronze:WhirlingStrike","bronze:CutThrough+1","bronze:Fortify","bronze:Overheat","bronze:DelayedSlice+1","bronze:BugBarrage+1","bronze:FineTuning","bronze:BuggyMess+1","bronze:CleanCode+1","bronze:Frontload+1","bronze:Boost+1","bronze:SpaghettiCode","bronze:Shield+1","bronze:RecursiveStrike","bronze:ClassDefault+1","bronze:WildBeam+1","bronze:BugBarrage"],"relics":["bronze:BronzeCore","HornCleat","MawBank","downfall:HeartBlessingRed","WarpedTongs","Lizard Tail","downfall:HeartBlessingGreen","downfall:RedIOU","downfall:HeartBlessingBlue","Toy Ornithopter","Lee\u0027s Waffle","Pen Nib","bronze:DecasWashers","Centennial Puzzle","SacredBark","HandDrill","Bag of Preparation","Ice Cream","Nunchaku","Kunai","Guardian:PocketSentry","War Paint","bronze:BronzeIdol"],"acts_visited":["Exordium","TheCity","TheBeyond","TheEnding"],"potions_floor_usage":[2,6,16,19,26,29,31,33,36,40,44,50,55],"damage_taken":[{"damage":2,"enemies":"2 Louse","floor":2,"turns":3},{"damage":0,"enemies":"Cultist","floor":3,"turns":4},{"damage":4,"enemies":"Jaw Worm","floor":4,"turns":4},{"damage":7,"enemies":"3 Sentries","floor":6,"turns":4},{"damage":10,"enemies":"Gremlin Nob","floor":8,"turns":4},{"damage":22,"enemies":"Lagavulin","floor":11,"turns":6},{"damage":4,"enemies":"downfall:FleeingMerchant","floor":13,"turns":4},{"damage":1,"enemies":"Gremlin Gang","floor":14,"turns":4},{"damage":8,"enemies":"Red Slaver","floor":15,"turns":2},{"damage":6,"enemies":"WA_ARCHETYPE_RETAIN","floor":16,"turns":5},{"damage":0,"enemies":"3 Byrds","floor":19,"turns":4},{"damage":0,"enemies":"downfall:FleeingMerchant","floor":20,"turns":4},{"damage":0,"enemies":"downfall:LadyInBlue","floor":26,"turns":10},{"damage":0,"enemies":"Snake Plant","floor":27,"turns":5},{"damage":10,"enemies":"downfall:FleeingMerchant","floor":28,"turns":4},{"damage":34,"enemies":"Slavers","floor":29,"turns":4},{"damage":21,"enemies":"Gremlin Leader","floor":31,"turns":3},{"damage":3,"enemies":"Centurion and Healer","floor":32,"turns":3},{"damage":75,"enemies":"DF_ARCHETYPE_CLAW","floor":33,"turns":7},{"damage":33,"enemies":"3 Darklings","floor":36,"turns":6},{"damage":22,"enemies":"2 Orb Walkers","floor":40,"turns":4},{"damage":42,"enemies":"Nemesis","floor":44,"turns":5},{"damage":0,"enemies":"Orb Walker","floor":46,"turns":2},{"damage":45,"enemies":"Spire Growth","floor":47,"turns":5},{"damage":27,"enemies":"Jaw Worm Horde","floor":48,"turns":4},{"damage":12,"enemies":"Transient","floor":49,"turns":5},{"damage":53,"enemies":"SI_POISON_ARCHETYPE","floor":50,"turns":6},{"damage":103,"enemies":"downfall:CharBossMerchant","floor":52,"turns":12},{"damage":90,"enemies":"downfall:NeowBoss","floor":55,"turns":15},{"damage":100,"enemies":"downfall:NeowBossFinal","floor":56,"turns":5}],"seed_played":"-4700599952834913240","potions_obtained":[{"floor":0,"key":"bronze:CleanCodePotion"},{"floor":0,"key":"champ:CounterPotion"},{"floor":0,"key":"FairyPotion"},{"floor":3,"key":"PowerPotion"},{"floor":4,"key":"Dexterity Potion"},{"floor":14,"key":"Ancient Potion"},{"floor":15,"key":"PowerPotion"},{"floor":16,"key":"Block Potion"},{"floor":19,"key":"Fruit Juice"},{"floor":26,"key":"BlessingOfTheForge"},{"floor":26,"key":"Fruit Juice"},{"floor":26,"key":"BlessingOfTheForge"},{"floor":29,"key":"AttackPotion"},{"floor":31,"key":"EssenceOfSteel"},{"floor":33,"key":"Fire Potion"},{"floor":36,"key":"FearPotion"},{"floor":49,"key":"bronze:BurnAndBuffPotion"},{"floor":52,"key":"Regen Potion"}],"is_trial":false,"path_per_floor":["R","M","M","M","?","E","T","E","R","?","E","R","$","M","M","B",null,"R","M","$","?","?","R","T","R","?","M","$","E","R","E","M","B",null,"R","M","$","?","$","?","T","?","R","E","$","M","M","M","M","B",null,"E","$","R","B","B"],"character_chosen":"THE_AUTOMATON","items_purchased":["Lee\u0027s Waffle","Pen Nib","HandDrill","Bag of Preparation","Guardian:PocketSentry","bronze:BronzeIdol"],"campfire_rested":4,"item_purchase_floors":[28,28,37,39,45,53],"current_hp_per_floor":[63,61,68,68,68,68,68,60,60,60,45,66,69,70,69,70,70,70,75,75,75,75,75,75,85,90,90,97,70,97,76,80,20,78,97,69,69,69,69,52,52,107,107,75,75,75,38,18,13,39,90,8,8,40,17,0,0,0],"gold":0,"neow_bonus":"THREE_SMALL_POTIONS","is_daily":false,"chose_seed":false,"campfire_upgraded":5,"win_rate":0.0,"timestamp":1613083771,"path_taken":["R","M","M","M","?","E","T","E","R","?","E","R","$","?","M","BOSS","R","M","$","?","?","R","T","R","?","?","$","E","R","E","M","BOSS","R","M","$","?","?","?","T","?","R","E","$","M","?","M","M","BOSS","E","$","R","BOSS","BOSS"],"items_purchased_type":["Relic","Relic","Relic","Relic","Relic","Relic"],"build_version":"2020-12-22","purchased_purges":1,"victory":false,"max_hp_per_floor":[70,70,70,70,70,70,70,70,70,70,70,70,70,70,70,70,70,70,75,75,75,75,75,75,85,90,90,97,97,97,97,97,97,97,97,97,97,97,97,97,97,107,107,107,107,107,107,107,107,107,107,107,107,107,107,107,107,107],"card_choices":[{"not_picked":["bronze:Terminator","bronze:Invalidate"],"picked":"bronze:Repair","floor":2},{"not_picked":["bronze:Turbo","bronze:Invalidate"],"picked":"bronze:Flail","floor":3},{"not_picked":["bronze:Terminator","bronze:Flail"],"picked":"bronze:OilSpill","floor":4},{"not_picked":["bronze:Branch","bronze:Invalidate"],"picked":"bronze:Shell","floor":6},{"not_picked":["bronze:Format","bronze:CloningBeam"],"picked":"bronze:Library","floor":8},{"not_picked":["bronze:BronzeArmor","bronze:WildBeam"],"picked":"bronze:BugBarrage","floor":11},{"not_picked":["bronze:WhirlingStrike","bronze:Iterate"],"picked":"bronze:ForceShield","floor":13},{"not_picked":["bronze:FineTuning","bronze:BitShift"],"picked":"bronze:FollowUp","floor":14},{"not_picked":["bronze:BitShift","bronze:Repair"],"picked":"bronze:WhirlingStrike","floor":15},{"not_picked":["bronze:Hardcode","bronze:Verify"],"picked":"bronze:Break","floor":16},{"not_picked":["bronze:Constructor","bronze:DelayedGuard"],"picked":"bronze:CutThrough+1","floor":19},{"not_picked":["bronze:DelayedSlice","bronze:InfiniteBeams+1","bronze:FollowUp"],"picked":"SKIP","floor":20},{"not_picked":["bronze:Deprecate","bronze:BugBarrage+1"],"picked":"bronze:Fortify","floor":26},{"not_picked":["bronze:ShipIt","bronze:Backtrace"],"picked":"bronze:Overheat","floor":27},{"not_picked":["bronze:MaxOutput","bronze:BugBarrage"],"picked":"bronze:DelayedSlice+1","floor":28},{"not_picked":["bronze:Invalidate","bronze:Fortify"],"picked":"bronze:BugBarrage+1","floor":29},{"not_picked":["bronze:Invalidate","bronze:DarkDash"],"picked":"bronze:FineTuning","floor":31},{"not_picked":["bronze:BugBarrage+1","bronze:Branch"],"picked":"bronze:BuggyMess+1","floor":32},{"not_picked":["bronze:AlphaBuild","bronze:ThunderWave"],"picked":"bronze:CleanCode","floor":33},{"not_picked":["bronze:FineTuning+1","bronze:BitShift+1"],"picked":"bronze:Frontload+1","floor":36},{"not_picked":["bronze:WhirlingStrike+1","bronze:Optimize+1"],"picked":"bronze:Boost+1","floor":40},{"not_picked":["bronze:FollowUp","bronze:Frontload"],"picked":"bronze:SpaghettiCode","floor":44},{"not_picked":["bronze:DelayedGuard+1","bronze:Backtrace"],"picked":"bronze:Shield+1","floor":46},{"not_picked":["bronze:Invalidate","bronze:Overheat"],"picked":"bronze:RecursiveStrike","floor":47},{"not_picked":["bronze:WildBeam","bronze:Invalidate"],"picked":"bronze:ClassDefault+1","floor":48},{"not_picked":["bronze:WhirlingStrike","bronze:Turbo+1"],"picked":"bronze:WildBeam+1","floor":49},{"not_picked":["bronze:Hardcode","bronze:Deprecate+1"],"picked":"bronze:BugBarrage","floor":52}],"player_experience":1015380,"relics_obtained":[{"floor":6,"key":"HornCleat"},{"floor":7,"key":"MawBank"},{"floor":8,"key":"Orichalcum"},{"floor":11,"key":"Lizard Tail"},{"floor":26,"key":"Toy Ornithopter"},{"floor":29,"key":"bronze:DecasWashers"},{"floor":31,"key":"Centennial Puzzle"},{"floor":40,"key":"Ice Cream"},{"floor":41,"key":"Nunchaku"},{"floor":44,"key":"Kunai"},{"floor":52,"key":"War Paint"}],"event_choices":[{"damage_healed":0,"gold_gain":0,"player_choice":"Ignored","damage_taken":0,"max_hp_gain":0,"max_hp_loss":0,"event_name":"Ghosts","floor":21,"gold_loss":0},{"damage_healed":0,"gold_gain":0,"player_choice":"Fight","damage_taken":0,"max_hp_gain":0,"max_hp_loss":0,"event_name":"Mysterious Sphere","floor":40,"gold_loss":0}],"is_beta":false,"boss_relics":[{"not_picked":["Sozu","Snecko Eye","Velvet Choker"]},{"not_picked":["Philosopher\u0027s Stone","Pandora\u0027s Box"],"picked":"SacredBark"}],"items_purged_floors":[13],"is_endless":false,"potions_floor_spawned":[3,4,14,15,16,19,29,31,33,36,49,52],"killed_by":"downfall:NeowBossFinal","ascension_level":6}}