{"host":"3qkmyeoym75lj4wn","time":1613007021,"event":{"mods":["2.2 Compatiblity","Act Like it!","BaseMod","Bestiary","Block Reminder","Colored Powertips","Highlight Path","Minty Spire (QoL Compilation)","Permanent Neow","Rare Cards Sparkle","Relic Stats","StSLib"],"gold_per_floor":[115,265,283,293,47,79,95,42,42,42,55,55,84,84,84,160,160,198,31,46,57,57,57,86,86,86,106,117,132,132,147,147,225,225,244,81,92,117,117,117,129,154,209,55,55,55,72,100,100,100,100,100,100,43,71,71,71],"floor_reached":56,"language":"ENG","playtime":3865,"items_purged":["Doubt","Strike_B"],"score":2124,"play_id":"e701b947-9b1d-407b-88be-c96ffceba392","local_time":"20210211013021","is_ascension_mode":true,"campfire_choices":[{"floor":10.0,"key":"REST"},{"floor":12.0,"key":"REST"},{"floor":15.0,"key":"REST"},{"floor":23.0,"key":"REST"},{"data":"Biased Cognition","floor":25.0,"key":"SMITH"},{"floor":32.0,"key":"REST"},{"floor":40.0,"key":"RECALL"},{"data":"Defragment","floor":45.0,"key":"SMITH"},{"data":"Zap","floor":49.0,"key":"SMITH"},{"data":"Loop","floor":53,"key":"SMITH"}],"circlet_count":0,"master_deck":["AscendersBane","Defend_B","Defend_B","Defend_B","Defend_B","Zap+1","Dualcast","Creative AI+1","Cold Snap","Glacier","Loop+1","Double Energy","BootSequence","Biased Cognition+1","Chill","Defragment+1","Consume+1","Glacier+1","Seek+1","Steam Power+1","Consume+1","Hello World+1","Loop","Force Field+1","Fusion+1","Rainbow+1"],"relics":["FrozenCore","OrangePellets","Happy Flower","Omamori","Mummified Hand","Strawberry","Toxic Egg 2","Eternal Feather","Ornamental Fan","Astrolabe","Runic Capacitor","Thread and Needle","Bag of Preparation","PreservedInsect","Akabeko"],"acts_visited":["Exordium","TheCity","TheBeyond","TheEnding"],"potions_floor_usage":[50,51,56,56],"damage_taken":[{"damage":0.0,"enemies":"2 Louse","floor":1.0,"turns":2.0},{"damage":9.0,"enemies":"Jaw Worm","floor":3.0,"turns":6.0},{"damage":28.0,"enemies":"Cultist","floor":4.0,"turns":6.0},{"damage":32.0,"enemies":"3 Sentries","floor":6.0,"turns":9.0},{"damage":8.0,"enemies":"Red Slaver","floor":7.0,"turns":3.0},{"damage":14.0,"enemies":"3 Louse","floor":11.0,"turns":5.0},{"damage":23.0,"enemies":"Lagavulin","floor":13.0,"turns":10.0},{"damage":27.0,"enemies":"Hexaghost","floor":16.0,"turns":14.0},{"damage":7.0,"enemies":"Shell Parasite","floor":18.0,"turns":10.0},{"damage":2.0,"enemies":"Spheric Guardian","floor":20.0,"turns":10.0},{"damage":6.0,"enemies":"Centurion and Healer","floor":21.0,"turns":16.0},{"damage":49.0,"enemies":"Slavers","floor":24.0,"turns":10.0},{"damage":0.0,"enemies":"Snecko","floor":27.0,"turns":7.0},{"damage":5.0,"enemies":"Shelled Parasite and Fungi","floor":28.0,"turns":10.0},{"damage":0.0,"enemies":"3 Cultists","floor":29.0,"turns":10.0},{"damage":13.0,"enemies":"Snake Plant","floor":31.0,"turns":7.0},{"damage":2.0,"enemies":"Champ","floor":33.0,"turns":12.0},{"damage":0.0,"enemies":"3 Darklings","floor":35.0,"turns":9.0},{"damage":0.0,"enemies":"Orb Walker","floor":37.0,"turns":7.0},{"damage":0.0,"enemies":"Mind Bloom Boss Battle","floor":38.0,"turns":8.0},{"damage":0.0,"enemies":"Jaw Worm Horde","floor":41.0,"turns":7.0},{"damage":0.0,"enemies":"Nemesis","floor":42.0,"turns":9.0},{"damage":0.0,"enemies":"3 Darklings","floor":47.0,"turns":6.0},{"damage":0.0,"enemies":"Giant Head","floor":48.0,"turns":10.0},{"damage":48,"enemies":"Awakened One","floor":50,"turns":33},{"damage":0,"enemies":"Time Eater","floor":51,"turns":10},{"damage":0,"enemies":"Shield and Spear","floor":55,"turns":12},{"damage":78,"enemies":"The Heart","floor":56,"turns":12}],"seed_played":"-1915400269603760466","potions_obtained":[{"floor":1.0,"key":"FearPotion"},{"floor":3.0,"key":"FairyPotion"},{"floor":7.0,"key":"AttackPotion"},{"floor":16.0,"key":"ColorlessPotion"},{"floor":20.0,"key":"LiquidMemories"},{"floor":28.0,"key":"BlessingOfTheForge"},{"floor":29.0,"key":"Explosive Potion"},{"floor":37.0,"key":"Block Potion"},{"floor":41.0,"key":"SkillPotion"},{"floor":47.0,"key":"SkillPotion"},{"floor":55,"key":"SteroidPotion"}],"is_trial":false,"path_per_floor":["M","?","M","M","$","E","M","$","T","R","M","R","E","?","R","B",null,"M","$","M","M","T","R","E","R","T","M","M","M","?","M","R","B",null,"M","$","M","?","?","R","M","E","T","$","R","?","M","E","R","B","B",null,"R","$","E","B"],"character_chosen":"DEFECT","items_purchased":["OrangePellets","FearPotion","Strawberry","Runic Capacitor","FocusPotion","Dexterity Potion"],"campfire_rested":5,"item_purchase_floors":[5,8,19,36,44,54],"current_hp_per_floor":[64,64,55,27,27,21,13,13,13,34,20,41,18,18,39,12,56,49,56,54,48,48,71,22,34,34,34,29,29,23,10,45,43,69,69,69,69,69,69,74,74,74,74,74,74,74,74,74,74,26,26,62,74,74,74,0,0],"gold":71,"neow_bonus":"ONE_RANDOM_RARE_CARD","is_daily":false,"chose_seed":false,"campfire_upgraded":4,"win_rate":0.0,"timestamp":1613007021,"path_taken":["M","?","M","M","$","E","M","$","T","R","M","R","E","?","R","BOSS","M","$","?","M","?","R","E","R","T","M","M","M","?","?","R","BOSS","M","$","M","?","?","R","M","E","T","$","R","?","M","E","R","BOSS","BOSS","R","$","E","BOSS"],"items_purchased_type":["Relic","Potion","Relic","Relic","Potion","Potion"],"build_version":"2020-12-22","purchased_purges":2,"victory":false,"max_hp_per_floor":[71,71,71,71,71,71,71,71,71,71,71,71,71,71,71,71,71,71,78,78,78,78,78,78,78,78,78,78,78,78,78,78,78,78,78,78,78,78,74,74,74,74,74,74,74,74,74,74,74,74,74,74,74,74,74,74,74],"relic_stats":{"OrangePellets":[84],"Happy Flower":[82],"counters":[28,269],"Mummified Hand":[341],"Ornamental Fan":[48],"Astrolabe":["Steam Power","Consume","Hello World"],"Eternal Feather":41,"PreservedInsect":77,"Bag of Preparation":[12],"obtain_stats":[{"Happy Flower":6,"Astrolabe":34,"Eternal Feather":24,"Thread and Needle":38,"PreservedInsect":48,"Omamori":9,"Runic Capacitor":36,"Bag of Preparation":42,"Akabeko":55,"FrozenCore":17,"OrangePellets":5,"Mummified Hand":13,"Ornamental Fan":26,"Strawberry":19,"Toxic Egg 2":22,"Cracked Core":0},{"Happy Flower":4,"Astrolabe":17,"Eternal Feather":12,"Thread and Needle":20,"PreservedInsect":24,"Omamori":5,"Runic Capacitor":18,"Bag of Preparation":22,"Akabeko":27,"FrozenCore":8,"OrangePellets":3,"Mummified Hand":7,"Ornamental Fan":12,"Strawberry":9,"Toxic Egg 2":11,"Cracked Core":0},{"Happy Flower":23,"Astrolabe":147,"Eternal Feather":101,"Thread and Needle":170,"PreservedInsect":202,"Omamori":26,"Runic Capacitor":156,"Bag of Preparation":186,"Akabeko":257,"FrozenCore":55,"OrangePellets":14,"Mummified Hand":41,"Ornamental Fan":101,"Strawberry":65,"Toxic Egg 2":91,"Cracked Core":0}],"FrozenCore":[51]},"card_choices":[{"not_picked":["Auto Shields","Steam"],"picked":"Cold Snap","floor":1.0},{"not_picked":["Undo","Steam Power"],"picked":"Cold Snap","floor":3.0},{"not_picked":["Sweeping Beam","Redo"],"picked":"Glacier","floor":4.0},{"not_picked":["Tempest","Turbo"],"picked":"Loop","floor":6.0},{"not_picked":["Rebound","Barrage"],"picked":"Double Energy","floor":7.0},{"not_picked":["Consume","Barrage","Sweeping Beam"],"picked":"SKIP","floor":11.0},{"not_picked":["Conserve Battery","Skim"],"picked":"BootSequence","floor":13.0},{"not_picked":["Hyperbeam","All For One"],"picked":"Biased Cognition","floor":16.0},{"not_picked":["White Noise","Redo"],"picked":"Chill","floor":18.0},{"not_picked":["Leap","Go for the Eyes","Gash"],"picked":"SKIP","floor":20.0},{"not_picked":["Leap","Hello World","White Noise"],"picked":"SKIP","floor":21.0},{"not_picked":["Gash","Stack+1"],"picked":"Defragment","floor":24.0},{"not_picked":["Turbo+1","Conserve Battery+1","Hyperbeam"],"picked":"SKIP","floor":27.0},{"not_picked":["Compile Driver","Conserve Battery+1","Lockon"],"picked":"SKIP","floor":28.0},{"not_picked":["Sweeping Beam","Streamline+1"],"picked":"Consume+1","floor":29.0},{"not_picked":["Gash+1","Stack+1"],"picked":"Glacier+1","floor":31.0},{"not_picked":["Multi-Cast+1","Amplify+1"],"picked":"Seek+1","floor":33.0},{"not_picked":["Ball Lightning+1","Melter+1","Coolheaded+1"],"picked":"SKIP","floor":35.0},{"not_picked":["Leap+1","FTL"],"picked":"Loop","floor":37.0},{"not_picked":["Conserve Battery+1","Lockon"],"picked":"Force Field+1","floor":41.0},{"not_picked":["Conserve Battery+1","Stack+1"],"picked":"Fusion+1","floor":42.0},{"not_picked":["Rainbow+1","Hello World","Sweeping Beam"],"picked":"SKIP","floor":47.0},{"not_picked":["Lockon","Ball Lightning","Conserve Battery+1"],"picked":"SKIP","floor":48.0},{"not_picked":["Cold Snap","Conserve Battery+1"],"picked":"Rainbow+1","floor":55}],"player_experience":1750779,"relics_obtained":[{"floor":6.0,"key":"Happy Flower"},{"floor":9.0,"key":"Omamori"},{"floor":13.0,"key":"Mummified Hand"},{"floor":22.0,"key":"Toxic Egg 2"},{"floor":24.0,"key":"Eternal Feather"},{"floor":26.0,"key":"Ornamental Fan"},{"floor":38.0,"key":"Thread and Needle"},{"floor":42.0,"key":"Bag of Preparation"},{"floor":48.0,"key":"PreservedInsect"},{"floor":55,"key":"Akabeko"}],"event_choices":[{"damage_healed":0.0,"max_hp_gain":0.0,"max_hp_loss":0.0,"gold_gain":150.0,"event_name":"Liars Game","player_choice":"AGREE","floor":2.0,"gold_loss":0.0,"damage_taken":0.0,"cards_obtained":["Doubt"]},{"damage_healed":0.0,"max_hp_gain":0.0,"max_hp_loss":0.0,"gold_gain":0.0,"event_name":"Upgrade Shrine","player_choice":"Upgraded","floor":14.0,"gold_loss":0.0,"damage_taken":0.0,"cards_upgraded":["Creative AI"]},{"damage_healed":0.0,"max_hp_gain":0.0,"max_hp_loss":0.0,"gold_gain":0.0,"event_name":"Knowing Skull","player_choice":"","floor":30.0,"potions_obtained":[],"gold_loss":0.0,"damage_taken":6.0,"cards_obtained":[]},{"damage_healed":0.0,"max_hp_gain":0.0,"max_hp_loss":0.0,"gold_gain":0.0,"event_name":"MindBloom","player_choice":"Fight","floor":38.0,"gold_loss":0.0,"damage_taken":0.0},{"damage_healed":0.0,"max_hp_gain":0.0,"max_hp_loss":4.0,"gold_gain":0.0,"event_name":"Winding Halls","player_choice":"Max HP","floor":39.0,"gold_loss":0.0,"damage_taken":0.0},{"cards_removed":["Cold Snap"],"damage_healed":0.0,"max_hp_gain":0.0,"max_hp_loss":0.0,"gold_gain":0.0,"event_name":"Falling","player_choice":"Removed Attack","floor":46.0,"gold_loss":0.0,"damage_taken":0.0}],"is_beta":false,"boss_relics":[{"not_picked":["Empty Cage","Tiny House"],"picked":"FrozenCore"},{"not_picked":["Black Star","SlaversCollar"],"picked":"Astrolabe"}],"items_purged_floors":[5,44],"is_endless":false,"potions_floor_spawned":[1,3,7,16,20,28,29,37,41,47,48,55],"killed_by":"The Heart","ascension_level":20}}