{"host":"7jxhn92mkgyil7o5","time":1613057047,"event":{"mods":["BaseMod","Colored Map","Colored Powertips","Friendly Minions","Kiyohime????","Minty Spire (QoL Compilation)","Permanent Neow","StSLib"],"gold_per_floor":[19,32,32,56,56,56,89,89,89,122,146,15,28,66,66,162,162,183,183,183,183,18,18,122,122,175,198,234,234,234,234],"floor_reached":30,"language":"ENG","playtime":1830,"items_purged":["Defend_P"],"score":568,"play_id":"b42c7827-a460-4b21-95a5-f3c2bb7b2363","local_time":"20210211162407","is_ascension_mode":true,"campfire_choices":[{"floor":6.0,"key":"REST"},{"data":"Meditate","floor":8.0,"key":"SMITH"},{"data":"Collect","floor":15.0,"key":"SMITH"},{"data":"Magnetism","floor":23.0,"key":"SMITH"},{"data":"Perseverance","floor":25,"key":"SMITH"},{"data":"WaveOfTheHand","floor":29,"key":"SMITH"}],"circlet_count":0,"master_deck":["AscendersBane","Strike_P+1","Strike_P+1","Strike_P+1","Defend_P+1","Defend_P+1","Defend_P+1","Eruption","Vigilance+1","Magnetism+1","Protect","Meditate+1","Wallop","JustLucky","CutThroughFate","Collect+1","Perseverance+1","DevaForm","CurseOfTheBell","Adaptation","Writhe","Ghostly","Ghostly","Ghostly","Study","Vault","WaveOfTheHand+1"],"relics":["PureWater","Golden Idol","Eternal Feather","MealTicket","Bottled Tornado","Anchor","Calling Bell","TeardropLocket","Ice Cream","War Paint","Orichalcum","Frozen Eye","Mango","Calipers"],"acts_visited":["Exordium","TheCity"],"potions_floor_usage":[30],"damage_taken":[{"damage":4.0,"enemies":"Jaw Worm","floor":1.0,"turns":3.0},{"damage":11.0,"enemies":"Small Slimes","floor":2.0,"turns":7.0},{"damage":7.0,"enemies":"2 Louse","floor":4.0,"turns":2.0},{"damage":29.0,"enemies":"Gremlin Nob","floor":7.0,"turns":5.0},{"damage":2.0,"enemies":"Lagavulin","floor":10.0,"turns":6.0},{"damage":2.0,"enemies":"Blue Slaver","floor":11.0,"turns":5.0},{"damage":1.0,"enemies":"Looter","floor":13.0,"turns":4.0},{"damage":11.0,"enemies":"Gremlin Nob","floor":14.0,"turns":3.0},{"damage":5.0,"enemies":"The Guardian","floor":16.0,"turns":9.0},{"damage":20.0,"enemies":"Chosen","floor":18.0,"turns":8.0},{"damage":19,"enemies":"Slavers","floor":24,"turns":9},{"damage":20,"enemies":"3 Byrds","floor":27,"turns":6},{"damage":18,"enemies":"Book of Stabbing","floor":28,"turns":7},{"damage":20,"enemies":"Gremlin Leader","floor":30,"turns":5}],"seed_played":"-8294729861239430442","potions_obtained":[{"floor":4.0,"key":"SteroidPotion"},{"floor":10.0,"key":"SteroidPotion"},{"floor":14.0,"key":"Swift Potion"},{"floor":16.0,"key":"BlessingOfTheForge"},{"floor":27,"key":"SteroidPotion"},{"floor":28,"key":"StancePotion"}],"is_trial":false,"path_per_floor":["M","M","?","M","?","R","E","R","T","E","M","$","M","E","R","B",null,"M","?","?","?","$","R","E","R","T","M","E","R","E"],"character_chosen":"WATCHER","items_purchased":["Fire Potion","Frozen Eye"],"campfire_rested":1,"item_purchase_floors":[12,22],"current_hp_per_floor":[57,46,46,39,32,50,21,30,30,28,26,41,40,29,38,33,55,35,35,35,31,31,31,26,41,41,21,3,18,0,0],"gold":234,"neow_bonus":"RANDOM_COLORLESS_2","is_daily":false,"chose_seed":false,"campfire_upgraded":5,"win_rate":0.0,"timestamp":1613057047,"path_taken":["M","M","?","M","?","R","E","R","T","E","?","$","M","E","R","BOSS","M","?","?","?","?","R","E","R","T","M","E","R","E"],"items_purchased_type":["Potion","Relic"],"build_version":"2020-12-22","purchased_purges":1,"victory":false,"max_hp_per_floor":[68,68,62,62,62,62,62,62,62,62,62,62,62,62,62,62,62,62,62,62,31,31,31,45,45,45,45,45,45,45,45],"card_choices":[{"not_picked":["Sadistic Nature","Secret Technique"],"picked":"Magnetism","floor":0.0},{"not_picked":["Prostrate","BowlingBash"],"picked":"Protect","floor":1.0},{"not_picked":["InnerPeace","PathToVictory"],"picked":"Meditate","floor":2.0},{"not_picked":["Consecrate","SashWhip"],"picked":"Wallop","floor":4.0},{"not_picked":["Vengeance","ThirdEye"],"picked":"JustLucky","floor":7.0},{"not_picked":["Pray","WindmillStrike"],"picked":"CutThroughFate","floor":10.0},{"not_picked":["SashWhip","WheelKick"],"picked":"Collect","floor":11.0},{"not_picked":["FlyingSleeves","Sanctity"],"picked":"Perseverance","floor":13.0},{"not_picked":["SashWhip","JustLucky","SignatureMove"],"picked":"SKIP","floor":14.0},{"not_picked":["Judgement","Blasphemy"],"picked":"DevaForm","floor":16.0},{"not_picked":["Evaluate+1","CrushJoints"],"picked":"Adaptation","floor":18.0},{"not_picked":["WheelKick+1","PathToVictory"],"picked":"Study","floor":24},{"not_picked":["Weave","EmptyFist"],"picked":"Vault","floor":27},{"not_picked":["BattleHymn","WreathOfFlame"],"picked":"WaveOfTheHand","floor":28}],"player_experience":1103489,"relics_obtained":[{"floor":7.0,"key":"Eternal Feather"},{"floor":9.0,"key":"MealTicket"},{"floor":10.0,"key":"Bottled Tornado"},{"floor":14.0,"key":"Anchor"},{"floor":17.0,"key":"TeardropLocket"},{"floor":17.0,"key":"Ice Cream"},{"floor":17.0,"key":"War Paint"},{"floor":24,"key":"Mango"},{"floor":28,"key":"Calipers"}],"event_choices":[{"damage_healed":0.0,"max_hp_gain":0.0,"max_hp_loss":6.0,"gold_gain":0.0,"event_name":"Golden Idol","player_choice":"Lose Max HP","floor":3.0,"gold_loss":0.0,"damage_taken":0.0,"relics_obtained":["Golden Idol"]},{"cards_removed":["Strike_P"],"damage_healed":0.0,"max_hp_gain":0.0,"max_hp_loss":0.0,"gold_gain":0.0,"event_name":"Golden Wing","player_choice":"Card Removal","floor":5.0,"gold_loss":0.0,"damage_taken":7.0},{"damage_healed":0.0,"max_hp_gain":0.0,"max_hp_loss":0.0,"gold_gain":0.0,"event_name":"The Mausoleum","player_choice":"Opened","floor":19.0,"gold_loss":0.0,"damage_taken":0.0,"relics_obtained":["Orichalcum"],"cards_obtained":["Writhe"]},{"damage_healed":0.0,"max_hp_gain":0.0,"max_hp_loss":0.0,"gold_gain":0.0,"event_name":"Back to Basics","player_choice":"Simplicity","floor":20.0,"gold_loss":0.0,"damage_taken":0.0,"cards_upgraded":["Strike_P","Strike_P","Strike_P","Defend_P","Defend_P"]},{"damage_healed":0.0,"max_hp_gain":0.0,"max_hp_loss":31.0,"gold_gain":0.0,"event_name":"Ghosts","player_choice":"Became a Ghost","floor":21.0,"gold_loss":0.0,"damage_taken":0.0,"cards_obtained":["Ghostly","Ghostly","Ghostly"]}],"is_beta":false,"boss_relics":[{"not_picked":["Fusion Hammer","Empty Cage"],"picked":"Calling Bell"}],"items_purged_floors":[12],"is_endless":false,"potions_floor_spawned":[4,10,13,14,16,27,28],"killed_by":"Gremlin Leader","ascension_level":20}}