{"host":"w14xfy17z3c5mpoi","time":1613010000,"event":{"mods":["AchievementEnabler","BaseMod","Minty Spire (QoL Compilation)","Relic Stats"],"gold_per_floor":[119,135,135,152,168,168,198,198,198,6,20,20,52,63,63,158,158,172,19,37,37,56,90,120,120,120],"floor_reached":25,"language":"ENG","playtime":1564,"items_purged":["Strike_B"],"score":303,"play_id":"1750a214-f45d-499a-9ac0-43ac18d38361","local_time":"20210210212000","is_ascension_mode":true,"campfire_choices":[{"data":"Go for the Eyes","floor":6,"key":"SMITH"},{"floor":8,"key":"REST"},{"data":"Echo Form","floor":15,"key":"SMITH"}],"circlet_count":0,"master_deck":["Strike_B","Strike_B","Strike_B","Defend_B","Defend_B+1","Defend_B+1","Defend_B","Zap","Dualcast","Go for the Eyes+1","Chill","Cold Snap","Self Repair","Ball Lightning","Echo Form+1","Leap","Melter","Core Surge","Compile Driver+1","Beam Cell","Defragment","FTL","Beam Cell+1","Amplify","Compile Driver","Self Repair"],"relics":["Philosopher\u0027s Stone","Matryoshka","Symbiotic Virus","War Paint","InkBottle","PreservedInsect","Prayer Wheel","Black Star","Thread and Needle","Smiling Mask","Red Mask"],"acts_visited":["Exordium","TheCity"],"potions_floor_usage":[16,23],"damage_taken":[{"damage":0,"enemies":"Cultist","floor":1,"turns":3},{"damage":3,"enemies":"Small Slimes","floor":2,"turns":4},{"damage":0,"enemies":"2 Louse","floor":4,"turns":2},{"damage":5,"enemies":"Looter","floor":5,"turns":3},{"damage":41,"enemies":"Lagavulin","floor":7,"turns":9},{"damage":7,"enemies":"3 Louse","floor":11,"turns":3},{"damage":2,"enemies":"3 Sentries","floor":13,"turns":4},{"damage":17,"enemies":"Exordium Wildlife","floor":14,"turns":5},{"damage":4,"enemies":"Hexaghost","floor":16,"turns":7},{"damage":16,"enemies":"Shell Parasite","floor":18,"turns":8},{"damage":0,"enemies":"Spheric Guardian","floor":20,"turns":2},{"damage":9,"enemies":"Centurion and Healer","floor":22,"turns":12},{"damage":21,"enemies":"Gremlin Leader","floor":23,"turns":7},{"damage":42,"enemies":"Masked Bandits","floor":24,"turns":5},{"damage":19,"enemies":"Snake Plant","floor":25,"turns":3}],"seed_played":"-4645779206756945600","potions_obtained":[{"floor":13,"key":"PowerPotion"},{"floor":14,"key":"Strength Potion"},{"floor":16,"key":"BlessingOfTheForge"},{"floor":22,"key":"FocusPotion"},{"floor":24,"key":"SteroidPotion"}],"is_trial":false,"path_per_floor":["M","M","?","M","M","R","E","R","T","$","M","$","E","M","R","B",null,"M","$","M","$","M","E","?","M"],"character_chosen":"DEFECT","items_purchased":["PreservedInsect","Ball Lightning","Defragment"],"campfire_rested":1,"item_purchase_floors":[10,10,19],"current_hp_per_floor":[68,65,65,65,60,60,19,41,41,41,34,34,39,36,36,32,64,62,62,69,69,74,60,18,0,0],"gold":120,"neow_bonus":"BOSS_RELIC","is_daily":false,"chose_seed":false,"campfire_upgraded":2,"win_rate":0.0,"timestamp":1613010000,"path_taken":["M","M","?","M","?","R","E","R","T","$","M","?","E","M","R","BOSS","M","$","M","$","M","E","?","M"],"items_purchased_type":["Relic","Card","Card"],"build_version":"2020-12-22","purchased_purges":1,"victory":false,"max_hp_per_floor":[75,75,75,75,75,75,75,75,75,75,75,75,75,75,75,75,75,75,75,75,75,75,75,75,75,75],"relic_stats":{"counters":[15,77],"Prayer Wheel":4,"PreservedInsect":77,"Black Star":1,"War Paint":["Defend_B","Defend_B"],"Smiling Mask":0,"obtain_stats":[{"Matryoshka":3,"Philosopher\u0027s Stone":0,"Prayer Wheel":13,"Thread and Needle":23,"PreservedInsect":10,"Black Star":17,"Red Mask":24,"War Paint":9,"Cracked Core":0,"Symbiotic Virus":7,"Smiling Mask":23,"InkBottle":9},{"Matryoshka":2,"Philosopher\u0027s Stone":0,"Prayer Wheel":7,"Thread and Needle":13,"PreservedInsect":5,"Black Star":9,"Red Mask":14,"War Paint":5,"Cracked Core":0,"Symbiotic Virus":5,"Smiling Mask":13,"InkBottle":5},{"Matryoshka":7,"Philosopher\u0027s Stone":0,"Prayer Wheel":28,"Thread and Needle":69,"PreservedInsect":21,"Black Star":40,"Red Mask":74,"War Paint":21,"Cracked Core":0,"Symbiotic Virus":21,"Smiling Mask":69,"InkBottle":21}],"InkBottle":[21]},"card_choices":[{"not_picked":["Gash","Skim"],"picked":"Cold Snap","floor":1},{"not_picked":["Compile Driver","Steam"],"picked":"Go for the Eyes","floor":2},{"not_picked":["Gash","Compile Driver"],"picked":"Chill","floor":4},{"not_picked":["Conserve Battery","Streamline"],"picked":"Cold Snap","floor":5},{"not_picked":["Recycle","Blizzard"],"picked":"Self Repair","floor":7},{"not_picked":["Reinforced Body","Aggregate","Streamline"],"picked":"SKIP","floor":11},{"not_picked":["Seek","Blizzard"],"picked":"Echo Form","floor":13},{"not_picked":["Skim","Reprogram"],"picked":"Leap","floor":14},{"not_picked":["Stack","Go for the Eyes","Melter"],"picked":"SKIP","floor":14},{"not_picked":["Stack","Go for the Eyes"],"picked":"Melter","floor":14},{"not_picked":["Reboot","Rainbow"],"picked":"Core Surge","floor":16},{"not_picked":["Barrage+1","Conserve Battery"],"picked":"Compile Driver+1","floor":18},{"not_picked":["Redo","Melter"],"picked":"Beam Cell","floor":18},{"not_picked":["Cold Snap","Steam"],"picked":"FTL","floor":20},{"not_picked":["Fusion","Chill","Reprogram+1"],"picked":"SKIP","floor":20},{"not_picked":["Sweeping Beam+1","White Noise"],"picked":"Beam Cell+1","floor":22},{"not_picked":["Consume","Conserve Battery"],"picked":"Amplify","floor":22},{"not_picked":["Leap","Blizzard"],"picked":"Compile Driver","floor":23},{"not_picked":["Steam","Rebound+1"],"picked":"Self Repair","floor":24}],"player_experience":620470,"relics_obtained":[{"floor":7,"key":"Symbiotic Virus"},{"floor":9,"key":"War Paint"},{"floor":9,"key":"InkBottle"},{"floor":13,"key":"Prayer Wheel"},{"floor":23,"key":"Thread and Needle"},{"floor":23,"key":"Smiling Mask"},{"floor":24,"key":"Red Mask"}],"event_choices":[{"cards_removed":["Cold Snap"],"damage_healed":0,"gold_gain":0,"player_choice":"Gave Card","damage_taken":0,"relics_obtained":["Matryoshka"],"max_hp_gain":0,"max_hp_loss":0,"event_name":"WeMeetAgain","floor":3,"gold_loss":0},{"damage_healed":0,"gold_gain":0,"player_choice":"Fought Bandits","damage_taken":0,"max_hp_gain":0,"max_hp_loss":0,"event_name":"Masked Bandits","floor":24,"gold_loss":0}],"is_beta":false,"boss_relics":[{"not_picked":["Nuclear Battery","Sozu"],"picked":"Black Star"}],"items_purged_floors":[19],"is_endless":false,"potions_floor_spawned":[2,13,14,16,22,24],"killed_by":"Snake Plant","ascension_level":6}}