{"host":"h4lp0eeso8a0ssq0","time":1613006164,"event":{"mods":["2.2 Compatiblity","AchievementEnabler","BaseMod","CapriCore","Colored Map","Minty Spire (QoL Compilation)","StSLib","SuperFastMode"],"gold_per_floor":[112,123,141,141,162,206,206,240,267,267,267,133,133,55,55,55,55],"floor_reached":16,"language":"KOR","playtime":471,"items_purged":["Strike_G"],"score":216,"play_id":"18ebe08b-18ee-4aee-bdab-b4251e76f021","local_time":"20210211101604","is_ascension_mode":true,"campfire_choices":[{"data":"Eviscerate","floor":7.0,"key":"SMITH"},{"floor":10.0,"key":"REST"},{"data":"Acrobatics","floor":13,"key":"SMITH"},{"data":"Caltrops","floor":15,"key":"SMITH"}],"circlet_count":0,"master_deck":["AscendersBane","Strike_G","Strike_G","Strike_G","Strike_G","Defend_G","Defend_G","Defend_G","Defend_G","Defend_G","Survivor","Neutralize","Acrobatics+1","Die Die Die","Eviscerate+1","Backflip","Reflex","Flying Knee","Backflip","Caltrops+1"],"relics":["Ring of the Snake","Golden Idol","Omamori","Toy Ornithopter","Juzu Bracelet"],"acts_visited":["Exordium"],"potions_floor_usage":[],"damage_taken":[{"damage":7.0,"enemies":"Cultist","floor":1.0,"turns":5.0},{"damage":4.0,"enemies":"Jaw Worm","floor":2.0,"turns":6.0},{"damage":1.0,"enemies":"Small Slimes","floor":3.0,"turns":2.0},{"damage":4.0,"enemies":"Blue Slaver","floor":5.0,"turns":5.0},{"damage":6.0,"enemies":"Gremlin Nob","floor":6.0,"turns":3.0},{"damage":35.0,"enemies":"Lagavulin","floor":8.0,"turns":8.0},{"damage":0,"enemies":"The Guardian","floor":16,"turns":2}],"seed_played":"2168724464937911746","potions_obtained":[{"floor":2.0,"key":"SkillPotion"},{"floor":3.0,"key":"FearPotion"},{"floor":6.0,"key":"SpeedPotion"}],"is_trial":false,"path_per_floor":["M","M","M","?","M","E","R","E","T","R","?","$","R","$","R","B"],"character_chosen":"THE_SILENT","items_purchased":["Backflip","Caltrops"],"campfire_rested":1,"item_purchase_floors":[12,14],"current_hp_per_floor":[58,54,53,53,49,43,43,8,8,27,27,27,27,27,27,27,27],"gold":55,"neow_bonus":"TEN_PERCENT_HP_BONUS","is_daily":false,"chose_seed":false,"campfire_upgraded":3,"win_rate":0.0,"timestamp":1613006164,"path_taken":["M","M","?","?","M","E","R","E","T","R","?","?","R","$","R","BOSS"],"items_purchased_type":["Card","Card"],"build_version":"2020-12-22","purchased_purges":1,"victory":false,"max_hp_per_floor":[72,72,72,65,65,65,65,65,65,65,65,65,65,65,65,65,65],"card_choices":[{"not_picked":["Underhanded Strike","Deflect"],"picked":"Acrobatics","floor":1.0},{"not_picked":["Poisoned Stab","All Out Attack"],"picked":"Die Die Die","floor":2.0},{"not_picked":["Acrobatics","Dodge and Roll"],"picked":"Eviscerate","floor":3.0},{"not_picked":["Noxious Fumes","Bane"],"picked":"Backflip","floor":5.0},{"not_picked":["Caltrops","Predator"],"picked":"Reflex","floor":6.0},{"not_picked":["Catalyst","Expertise"],"picked":"Flying Knee","floor":8.0}],"player_experience":216654,"relics_obtained":[{"floor":6.0,"key":"Omamori"},{"floor":8.0,"key":"Toy Ornithopter"},{"floor":9.0,"key":"Juzu Bracelet"}],"event_choices":[{"damage_healed":0.0,"max_hp_gain":0.0,"max_hp_loss":7.0,"gold_gain":0.0,"event_name":"Golden Idol","player_choice":"Lose Max HP","floor":4.0,"gold_loss":0.0,"damage_taken":0.0,"relics_obtained":["Golden Idol"]},{"damage_healed":0,"gold_gain":0,"player_choice":"Fled","damage_taken":0,"max_hp_gain":0,"max_hp_loss":0,"event_name":"Scrap Ooze","floor":11,"gold_loss":0}],"is_beta":false,"boss_relics":[],"items_purged_floors":[12],"is_endless":false,"potions_floor_spawned":[2,3,6],"killed_by":"The Guardian","ascension_level":20}}