{"host":"xp27heuvanyklt0b","time":1613014387,"event":{"mods":["100% Spire Juice","BaseMod","Lobotomy","Minty Spire (QoL Compilation)","StSLib"],"gold_per_floor":[111,124,141,92,102,102,128,145,217,234,234,244,244,244,244,347,347,357,32,32,42,64,64,94,110,110,120,151,5,5,5,5],"floor_reached":31,"language":"KOR","playtime":2012,"items_purged":[],"score":429,"play_id":"d247e0fb-ce81-46fa-97a0-dab403a64fb9","local_time":"20210211123307","is_ascension_mode":false,"campfire_choices":[{"floor":23,"key":"RECALL"}],"circlet_count":0,"master_deck":["SpecialBullet","SpecialBullet","SpecialBullet","SpecialBullet","SpecialBullet","SpecialBullet","SpecialBullet","SpecialBullet","InformationCode","SecurityCode","TrainingCode","DaCapo","UniverseFragment","Lamp+6","OldLady","Heaven","OSAHOGD","Spore+1","RapturousDream","Freischutz","Logging","VoidDream","Heaven","Murderer","Harmony","MHz","TheSmile","SingingMachine","Horn","GoldRush","CentralCode","BlackSwan","Hypocrisy","WristCuter+1","SolemnVow","DespairKnight","RedEyes","Galaxy","Gaze+1","Hypocrisy","Wellcheers","ScreamingWedge+1","ShedSkin","Hornet","Clumsy","WelfareCode","Bloodbath","Heaven","RapturousDream","SilentOrchestra","CrimsonScar"],"relics":["CogitoBucket","RabbitCall","Bag of Preparation","FleshIdol","Matryoshka","Prayer Wheel","Cursed Key","Shovel","ChangeAnything","Tiny Chest","Ancient Tea Set","Turnip","Frozen Egg 2","Lantern"],"acts_visited":["Exordium","TheCity"],"potions_floor_usage":[7,8,21,21,21,31,31],"damage_taken":[{"damage":11,"enemies":"Jaw Worm","floor":1,"turns":2},{"damage":0,"enemies":"2 Louse","floor":2,"turns":2},{"damage":6,"enemies":"Cultist","floor":3,"turns":3},{"damage":5,"enemies":"Red Slaver","floor":5,"turns":2},{"damage":0,"enemies":"3 Sentries","floor":7,"turns":3},{"damage":20,"enemies":"Exordium Thugs","floor":8,"turns":7},{"damage":10,"enemies":"Gremlin Gang","floor":10,"turns":3},{"damage":6,"enemies":"Looter","floor":12,"turns":3},{"damage":21,"enemies":"Slime Boss","floor":16,"turns":5},{"damage":7,"enemies":"Shell Parasite","floor":18,"turns":2},{"damage":71,"enemies":"Chosen","floor":21,"turns":8},{"damage":9,"enemies":"Snake Plant","floor":22,"turns":2},{"damage":4,"enemies":"Gremlin Leader","floor":24,"turns":3},{"damage":6,"enemies":"Snecko","floor":25,"turns":2},{"damage":20,"enemies":"3 Cultists","floor":27,"turns":4},{"damage":0,"enemies":"Slavers","floor":28,"turns":5},{"damage":96,"enemies":"Sentry and Sphere","floor":31,"turns":6}],"seed_played":"-4815154112839681134","potions_obtained":[{"floor":2,"key":"Strength Potion"},{"floor":5,"key":"LiquidMemories"},{"floor":10,"key":"EssenceOfSteel"},{"floor":12,"key":"ColorlessPotion"},{"floor":16,"key":"DistilledChaos"},{"floor":22,"key":"Swift Potion"},{"floor":24,"key":"FairyPotion"},{"floor":28,"key":"AttackPotion"}],"is_trial":false,"path_per_floor":["M","M","M","$","M","R","E","M","T","M","?","M","R","?","R","B",null,"M","$","?","M","M","R","E","M","T","M","E","$","R","M"],"character_chosen":"Angela","items_purchased":["RapturousDream","Shovel","SolemnVow","Lantern"],"campfire_rested":0,"item_purchase_floors":[4,19,19,29],"current_hp_per_floor":[67,70,70,70,70,70,74,66,66,68,68,74,74,67,67,56,86,90,90,90,37,36,36,44,46,46,41,53,53,53,0,0],"gold":5,"neow_bonus":"ONE_RANDOM_RARE_CARD","is_daily":false,"chose_seed":false,"campfire_upgraded":0,"win_rate":0.0,"timestamp":1613014387,"path_taken":["M","M","M","$","M","R","E","M","T","M","?","M","R","?","R","BOSS","M","$","?","M","?","R","E","M","T","M","E","?","R","M"],"items_purchased_type":["Card","Relic","Card","Card"],"build_version":"2020-12-22","purchased_purges":0,"victory":false,"max_hp_per_floor":[70,70,70,70,70,70,74,78,78,82,82,86,86,86,86,86,86,90,90,90,94,94,94,98,98,98,102,106,106,106,106,106],"card_choices":[{"not_picked":["FairyFestival","OldLady"],"picked":"UniverseFragment","floor":1},{"not_picked":["BlueScar"],"picked":"Lamp","floor":1},{"not_picked":["GreedKing","VoidDream"],"picked":"OldLady","floor":2},{"not_picked":["Regret_ego"],"picked":"Heaven","floor":2},{"not_picked":["Scorched","CherryBlossoms"],"picked":"OSAHOGD","floor":3},{"not_picked":["Harmony"],"picked":"Spore","floor":3},{"not_picked":["ShyLook","MHz"],"picked":"Freischutz","floor":5},{"not_picked":["Wingbeat"],"picked":"Logging","floor":5},{"not_picked":["HeroicMonk","CrumblingArmor"],"picked":"VoidDream","floor":7},{"not_picked":["WristCuter"],"picked":"Heaven","floor":7},{"not_picked":["PunishingBird","CrumblingArmor"],"picked":"Murderer","floor":8},{"not_picked":["Noise"],"picked":"Harmony","floor":8},{"not_picked":["LittleHelper","HappyTeddy"],"picked":"MHz","floor":10},{"not_picked":["Wingbeat"],"picked":"TheSmile","floor":10},{"not_picked":["BigBadWolf","WallGazer"],"picked":"SingingMachine","floor":12},{"not_picked":["Beak"],"picked":"Horn","floor":12},{"not_picked":["DaCapo"],"picked":"GoldRush","floor":16},{"not_picked":["Porccubus","LittlePrince"],"picked":"BlackSwan","floor":18},{"not_picked":["Horn"],"picked":"Hypocrisy","floor":18},{"not_picked":["Beak"],"picked":"WristCuter+1","floor":18},{"not_picked":["SpiderBud","BigBadWolf"],"picked":"DespairKnight","floor":21},{"not_picked":["GoldRush"],"picked":"RedEyes","floor":21},{"not_picked":["Regret_ego"],"picked":"Galaxy","floor":21},{"not_picked":["Lantern"],"picked":"Gaze+1","floor":22},{"not_picked":["Lantern"],"picked":"Hypocrisy","floor":22},{"not_picked":["QueenBee","WallGazer"],"picked":"Wellcheers","floor":24},{"not_picked":["Lamp"],"picked":"ScreamingWedge+1","floor":24},{"not_picked":["ScreamingWedge"],"picked":"ShedSkin","floor":25},{"not_picked":["Amita+1"],"picked":"Hornet","floor":25},{"not_picked":["HeroicMonk","Variant"],"picked":"Bloodbath","floor":27},{"not_picked":["RapturousDream"],"picked":"Heaven","floor":27},{"not_picked":["Loneliness"],"picked":"RapturousDream","floor":27},{"not_picked":["LittleHelper","SpiderBud"],"picked":"SilentOrchestra","floor":28},{"not_picked":["Spore"],"picked":"CrimsonScar","floor":28}],"player_experience":216718,"relics_obtained":[{"floor":7,"key":"Bag of Preparation"},{"floor":9,"key":"Matryoshka"},{"floor":24,"key":"Tiny Chest"},{"floor":26,"key":"Ancient Tea Set"},{"floor":26,"key":"Turnip"},{"floor":28,"key":"Frozen Egg 2"}],"event_choices":[{"damage_healed":0,"gold_gain":0,"player_choice":"Grow","damage_taken":0,"max_hp_gain":0,"max_hp_loss":0,"event_name":"Living Wall","floor":11,"gold_loss":0,"cards_upgraded":["Spore"]},{"damage_healed":0,"gold_gain":0,"player_choice":"Success","damage_taken":7,"relics_obtained":["Prayer Wheel"],"max_hp_gain":0,"max_hp_loss":0,"event_name":"Scrap Ooze","floor":14,"gold_loss":0},{"damage_healed":0,"gold_gain":0,"player_choice":"Leave","damage_taken":0,"max_hp_gain":0,"max_hp_loss":0,"event_name":"FaceTrader","floor":20,"gold_loss":0}],"is_beta":false,"boss_relics":[{"not_picked":["Philosopher\u0027s Stone","Ectoplasm"],"picked":"Cursed Key"}],"items_purged_floors":[],"is_endless":false,"potions_floor_spawned":[2,5,10,12,16,22,24,28],"killed_by":"Sentry and Sphere","ascension_level":0}}