{"host":"lq2h7q9ca6uwu60x","time":1613047376,"event":{"mods":["Act Like it!","BaseMod","Gensokyo","Minty Spire (QoL Compilation)","StSLib","Yakumo Yukari mod"],"gold_per_floor":[138,38,14,14,14,44,44,61,61,61,61],"floor_reached":10,"language":"ZHS","playtime":324,"items_purged":[],"score":80,"play_id":"97bc0283-3728-40af-938f-3c2a8907b2ba","local_time":"20210211204256","is_ascension_mode":true,"campfire_choices":[{"data":"Boundary_LightAndDark_purple","floor":7,"key":"SMITH"}],"circlet_count":0,"master_deck":["AT_purpleEX","AT_purpleEX","AT_purpleEX","AT_purpleEX","Defend_purpleEX+1","Defend_purpleEX","Defend_purpleEX","Defend_purpleEX","Observe_purple_1","Observe_purple_2","RuleDissolution_purple+1","Clumsy","Boundary_LightAndDark_purple+1","Photoelasticity_Doppler_Effect_purple"],"relics":["Memoryfragments_purpleEX","Runic Dome","Frozen Egg 2","Gensokyo:NagashiBinaDoll","War Paint"],"acts_visited":["Exordium"],"potions_floor_usage":[],"damage_taken":[{"damage":7,"enemies":"Gensokyo:Gryphon","floor":1,"turns":3},{"damage":28,"enemies":"Gensokyo:Cirno","floor":6,"turns":6},{"damage":0,"enemies":"Gensokyo:2_Kodama","floor":8,"turns":4},{"damage":38,"enemies":"Gensokyo:Aya","floor":10,"turns":5}],"seed_played":"-8816891721892632171","potions_obtained":[{"floor":8,"key":"LiquidBronze"}],"is_trial":false,"path_per_floor":["M","?","$","?","?","E","R","M","T","E"],"character_chosen":"Youkari","items_purchased":["RuleDissolution_purple"],"campfire_rested":0,"item_purchase_floors":[3],"current_hp_per_floor":[57,57,57,57,57,32,32,37,37,0,0],"gold":61,"neow_bonus":"BOSS_RELIC","is_daily":false,"chose_seed":false,"campfire_upgraded":1,"win_rate":0.0,"timestamp":1613047376,"path_taken":["M","?","$","?","?","E","R","M","T","E"],"items_purchased_type":["Card"],"build_version":"2020-12-22","purchased_purges":0,"victory":false,"max_hp_per_floor":[70,70,70,70,70,70,70,70,70,70,70],"card_choices":[{"not_picked":["Line_surface_state_purple","MetroBOOM_purple","Realm_recovery_purpleEX"],"picked":"SKIP","floor":1},{"not_picked":["MeetDecomposer_purple","ExistenceContinue_purple"],"picked":"Boundary_LightAndDark_purple","floor":6},{"not_picked":["MeetDecomposer_purple","AdvanceAttack_purple"],"picked":"Photoelasticity_Doppler_Effect_purple","floor":8}],"player_experience":711092,"relics_obtained":[{"floor":6,"key":"War Paint"}],"event_choices":[],"is_beta":false,"boss_relics":[],"items_purged_floors":[],"is_endless":false,"potions_floor_spawned":[8],"killed_by":"Gensokyo:Aya","ascension_level":6}}