{"host":"29uuqgkzqd703i93","time":1613055938,"event":{"mods":["BaseMod","Minty Spire (QoL Compilation)"],"gold_per_floor":[118,128,128,7,23,49,68,68,68,68,68,42,42,62,62,167,167,177,34,34,51,26,26,39,64,89,89,89],"floor_reached":27,"language":"ENG","playtime":1165,"items_purged":["Decay"],"score":231,"play_id":"b1398ec5-b81e-4267-9db1-a3f2895bb8ad","local_time":"20210211160538","is_ascension_mode":false,"campfire_choices":[{"floor":8.0,"key":"REST"},{"floor":11.0,"key":"REST"},{"data":"Crippling Poison","floor":13.0,"key":"SMITH"},{"data":"Dodge and Roll","floor":15.0,"key":"SMITH"},{"floor":23.0,"key":"REST"}],"circlet_count":0,"master_deck":["Strike_G","Strike_G","Strike_G","Strike_G","Defend_G","Defend_G","Defend_G","Defend_G","Defend_G","Survivor","Neutralize+1","Sucker Punch","Crippling Poison+1","Dodge and Roll+1","Escape Plan","Backflip","Bane","Sucker Punch","Quick Slash","Night Terror","Dash+1","Caltrops","Backflip","Dagger Spray","Strike_G","Bouncing Flask+1","Dagger Spray","Leg Sweep+1","Caltrops"],"relics":["Ring of the Snake","Whetstone","Pantograph","Mercury Hourglass","WristBlade","Sundial","Pen Nib"],"acts_visited":["Exordium","TheCity"],"potions_floor_usage":[],"damage_taken":[{"damage":0.0,"enemies":"Cultist","floor":1.0,"turns":3.0},{"damage":0.0,"enemies":"2 Louse","floor":2.0,"turns":2.0},{"damage":7.0,"enemies":"Small Slimes","floor":5.0,"turns":4.0},{"damage":38.0,"enemies":"Gremlin Nob","floor":6.0,"turns":6.0},{"damage":5.0,"enemies":"Exordium Thugs","floor":7.0,"turns":7.0},{"damage":9.0,"enemies":"Red Slaver","floor":14.0,"turns":2.0},{"damage":22.0,"enemies":"The Guardian","floor":16.0,"turns":15.0},{"damage":11.0,"enemies":"Spheric Guardian","floor":18.0,"turns":5.0},{"damage":26.0,"enemies":"2 Thieves","floor":21.0,"turns":3.0},{"damage":22.0,"enemies":"Cultist and Chosen","floor":24.0,"turns":5.0},{"damage":20.0,"enemies":"Slavers","floor":25.0,"turns":4.0},{"damage":12,"enemies":"Snake Plant","floor":27,"turns":3}],"seed_played":"-5425144476286076618","potions_obtained":[{"floor":5.0,"key":"Explosive Potion"},{"floor":6.0,"key":"DuplicationPotion"},{"floor":10.0,"key":"Block Potion"},{"floor":10.0,"key":"DuplicationPotion"},{"floor":16.0,"key":"SkillPotion"},{"floor":21.0,"key":"Weak Potion"},{"floor":24.0,"key":"Explosive Potion"}],"is_trial":false,"path_per_floor":["M","M","?","$","M","E","M","R","T","?","R","$","R","M","R","B",null,"M","$","?","M","$","R","M","E","T","M"],"character_chosen":"THE_SILENT","items_purchased":["Dodge and Roll","Sucker Punch","Caltrops","Backflip","Dagger Spray","Dagger Spray"],"campfire_rested":3,"item_purchase_floors":[4,12,19,19,19,22],"current_hp_per_floor":[70,70,70,70,63,25,20,41,41,41,62,62,62,53,53,48,70,59,59,59,33,33,54,32,12,12,0,0],"gold":89,"neow_bonus":"RANDOM_COMMON_RELIC","is_daily":false,"chose_seed":false,"campfire_upgraded":2,"win_rate":0.0,"timestamp":1613055938,"path_taken":["M","?","?","$","?","E","M","R","T","?","R","$","R","M","R","BOSS","M","$","?","?","?","R","M","E","T","M"],"items_purchased_type":["Card","Card","Card","Card","Card","Card"],"build_version":"2020-12-22","purchased_purges":1,"victory":false,"max_hp_per_floor":[70,70,70,70,70,70,70,70,70,70,70,70,70,70,70,70,70,70,70,70,70,70,70,70,70,70,70,70],"card_choices":[{"not_picked":["Acrobatics","Finisher"],"picked":"Sucker Punch","floor":1.0},{"not_picked":["Poisoned Stab","Distraction"],"picked":"Crippling Poison","floor":2.0},{"not_picked":["Infinite Blades","Quick Slash"],"picked":"Escape Plan","floor":5.0},{"not_picked":["Setup","Prepared"],"picked":"Backflip","floor":6.0},{"not_picked":["PiercingWail","Acrobatics"],"picked":"Bane","floor":7.0},{"not_picked":["Blade Dance","Underhanded Strike"],"picked":"Quick Slash","floor":14.0},{"not_picked":["Glass Knife","Wraith Form v2"],"picked":"Night Terror","floor":16.0},{"not_picked":["Acrobatics","Deadly Poison"],"picked":"Dash+1","floor":18.0},{"not_picked":["Poisoned Stab","Footwork"],"picked":"Bouncing Flask+1","floor":21.0},{"not_picked":["Prepared","Cloak And Dagger"],"picked":"Leg Sweep+1","floor":24.0},{"not_picked":["Acrobatics","Backstab+1"],"picked":"Caltrops","floor":25.0}],"player_experience":79334,"relics_obtained":[{"floor":6.0,"key":"Pantograph"},{"floor":9.0,"key":"Mercury Hourglass"},{"floor":25.0,"key":"Sundial"},{"floor":26.0,"key":"Pen Nib"}],"event_choices":[{"damage_healed":0.0,"max_hp_gain":0.0,"max_hp_loss":0.0,"gold_gain":0.0,"event_name":"Wheel of Change","player_choice":"Cursed","floor":3.0,"gold_loss":0.0,"damage_taken":0.0,"cards_obtained":["Decay"]},{"damage_healed":0.0,"max_hp_gain":0.0,"max_hp_loss":0.0,"gold_gain":0.0,"event_name":"Lab","player_choice":"Got Potions","floor":10.0,"gold_loss":0.0,"damage_taken":0.0},{"cards_removed":["Strike_G"],"damage_healed":0.0,"max_hp_gain":0.0,"max_hp_loss":0.0,"gold_gain":0.0,"event_name":"NoteForYourself","player_choice":"Took Card","floor":20.0,"gold_loss":0.0,"damage_taken":0.0,"cards_obtained":["Strike_G"]}],"is_beta":false,"boss_relics":[{"not_picked":["Busted Crown","Coffee Dripper"],"picked":"WristBlade"}],"items_purged_floors":[4],"is_endless":false,"potions_floor_spawned":[5,6,14,16,21,24],"killed_by":"Snake Plant","ascension_level":0}}