{"host":"0luxfixkkfk9wck3","time":1613011734,"event":{"mods":["BaseMod","DeckTracker","Downfall","Highlight Path","Minty Spire (QoL Compilation)","StSLib"],"gold_per_floor":[99,122,148,168,268,268,293,302,302,336,357,385,385,420,439,552,552,552,580,597,626,626,639,639,664,683,326,326,326,326,354,364,477,477,477,501,501,501,518,541,567,567,567,584,584,324,324,324,324,324],"floor_reached":48,"language":"ENG","playtime":10510,"items_purged":["bronze:Strike+1","Parasite"],"score":622,"play_id":"94e496b2-e90b-4e0e-99c8-c2f5fc0147cd","local_time":"20210210204854","is_ascension_mode":true,"campfire_choices":[{"data":"bronze:Replicate","floor":1,"key":"SMITH"},{"data":"bronze:InfiniteBeams","floor":6,"key":"SMITH"},{"data":"bronze:Frontload","floor":13,"key":"SMITH"},{"data":"bronze:Invalidate","floor":18,"key":"SMITH"},{"data":"bronze:HardenedForm","floor":30,"key":"SMITH"},{"data":"bronze:Library","floor":35,"key":"SMITH"},{"floor":43,"key":"REST"},{"data":"bronze:Frontload","floor":45,"key":"SMITH"},{"floor":47,"key":"RECALL"}],"circlet_count":0,"master_deck":["bronze:Strike+1","bronze:Defend+1","bronze:Defend+1","bronze:Defend+1","bronze:Defend+1","bronze:Replicate+1","bronze:Goto","bronze:Repair","bronze:InfiniteBeams+1","bronze:Return+1","bronze:Invalidate+1","bronze:RecursiveStrike","bronze:Frontload+1","bronze:Frontload+1","bronze:Boost+1","bronze:WildBeam","bronze:HardenedForm+1","bronze:Repulsor+1","bronze:Flail+1","bronze:ItsAFeature","bronze:MaxOutput","bronze:DigitalCarnage+1","bronze:Library+1","bronze:BuggyMess+1"],"relics":["bronze:BronzeCore","CeramicFish","Tiny Chest","InkBottle","sneckomod:SneckoTalon","Shuriken","Bag of Marbles","Membership Card","War Paint","Akabeko","Blue Candle","downfall:RedIOU","SlaversCollar","hexamod:BolsterEngine","MealTicket","ClockworkSouvenir","Bottled Flame"],"acts_visited":["Exordium","TheCity","TheBeyond"],"potions_floor_usage":[16,40],"damage_taken":[{"damage":3,"enemies":"2 Louse","floor":2,"turns":3},{"damage":0,"enemies":"Small Slimes","floor":3,"turns":3},{"damage":7,"enemies":"Jaw Worm","floor":4,"turns":4},{"damage":7,"enemies":"Lagavulin","floor":10,"turns":6},{"damage":10,"enemies":"3 Louse","floor":11,"turns":2},{"damage":1,"enemies":"Exordium Wildlife","floor":12,"turns":3},{"damage":5,"enemies":"3 Sentries","floor":14,"turns":7},{"damage":1,"enemies":"Large Slime","floor":15,"turns":6},{"damage":13,"enemies":"SI_SHIV_ARCHETYPE","floor":16,"turns":9},{"damage":4,"enemies":"Chosen","floor":19,"turns":4},{"damage":1,"enemies":"3 Byrds","floor":20,"turns":4},{"damage":0,"enemies":"Snecko","floor":21,"turns":4},{"damage":0,"enemies":"3 Cultists","floor":23,"turns":5},{"damage":4,"enemies":"Shelled Parasite and Fungi","floor":26,"turns":6},{"damage":0,"enemies":"downfall:FleeingMerchant","floor":27,"turns":4},{"damage":0,"enemies":"Cultist and Chosen","floor":31,"turns":4},{"damage":10,"enemies":"Chosen and Byrds","floor":32,"turns":3},{"damage":15,"enemies":"IC_MUSHROOM_ARCHETYPE","floor":33,"turns":5},{"damage":0,"enemies":"Orb Walker","floor":36,"turns":1},{"damage":13,"enemies":"3 Shapes","floor":39,"turns":3},{"damage":36,"enemies":"Writhing Mass","floor":40,"turns":7},{"damage":1,"enemies":"4 Shapes","floor":44,"turns":2},{"damage":0,"enemies":"downfall:FleeingMerchant","floor":46,"turns":4},{"damage":73,"enemies":"Transient","floor":48,"turns":4}],"seed_played":"8864094856740637597","potions_obtained":[{"floor":2,"key":"Dexterity Potion"},{"floor":10,"key":"Weak Potion"},{"floor":11,"key":"Ancient Potion"},{"floor":16,"key":"Energy Potion"},{"floor":23,"key":"Strength Potion"},{"floor":40,"key":"BlessingOfTheForge"}],"is_trial":false,"path_per_floor":["R","M","M","M","?","R","T","?","?","E","M","M","R","E","M","B",null,"R","M","M","M","?","M","T","T","M","$","?","?","R","M","M","B",null,"R","M","T","?","M","M","T","?","R","M","R","$","R","M"],"character_chosen":"THE_AUTOMATON","items_purchased":["Membership Card","War Paint","Akabeko","bronze:MaxOutput","ClockworkSouvenir","Bottled Flame"],"campfire_rested":1,"item_purchase_floors":[27,27,27,27,46,46],"current_hp_per_floor":[63,60,67,67,67,67,67,67,67,63,62,70,70,65,70,62,68,68,66,67,69,69,70,70,70,66,70,65,65,65,70,60,45,64,64,64,64,64,58,22,22,22,43,42,42,64,64,0,0,0],"gold":324,"neow_bonus":"RANDOM_COMMON_RELIC","is_daily":false,"chose_seed":false,"campfire_upgraded":7,"win_rate":0.0,"timestamp":1613011734,"path_taken":["R","M","M","M","?","R","T","?","?","E","M","M","R","E","M","BOSS","R","M","M","M","?","M","T","?","M","$","?","?","R","?","M","BOSS","R","M","?","?","M","M","T","?","R","M","R","$","R","M"],"items_purchased_type":["Relic","Relic","Relic","Card","Relic","Relic"],"build_version":"2020-12-22","purchased_purges":2,"victory":false,"max_hp_per_floor":[70,70,70,70,70,70,70,70,70,70,70,70,70,70,70,70,70,70,70,70,70,70,70,70,70,70,70,70,70,70,70,70,70,70,70,70,70,70,70,70,70,70,70,70,70,67,67,67,67,67],"card_choices":[{"not_picked":["bronze:BuggyMess","bronze:Overheat"],"picked":"bronze:Repair","floor":2},{"not_picked":["bronze:Iterate","bronze:Allocate"],"picked":"bronze:InfiniteBeams","floor":3},{"not_picked":["bronze:ForLoop","bronze:Turbo"],"picked":"bronze:Return","floor":4},{"not_picked":["bronze:Turbo","bronze:Terminator"],"picked":"bronze:RecursiveStrike","floor":10},{"not_picked":["bronze:Refactor","bronze:WhirlingStrike"],"picked":"bronze:Frontload","floor":11},{"not_picked":["bronze:ChosenStrike","bronze:Overheat"],"picked":"bronze:Frontload","floor":12},{"not_picked":["bronze:BronzeArmor","bronze:DelayedSlice"],"picked":"bronze:Boost","floor":14},{"not_picked":["bronze:Overheat","bronze:Safeguard"],"picked":"bronze:WildBeam","floor":15},{"not_picked":["bronze:Library","bronze:HyperBeam"],"picked":"bronze:HardenedForm","floor":16},{"not_picked":["bronze:Deprecate","bronze:Iterate"],"picked":"bronze:Repulsor+1","floor":19},{"not_picked":["bronze:Safeguard","bronze:Branch","bronze:Refactor"],"picked":"SKIP","floor":20},{"not_picked":["bronze:Backtrace","bronze:BuggyMess"],"picked":"bronze:Flail+1","floor":21},{"not_picked":["bronze:Separator+1","bronze:BugBarrage+1","bronze:Iterate+1"],"picked":"SKIP","floor":23},{"not_picked":["bronze:WildBeam","bronze:Optimize","bronze:Separator"],"picked":"SKIP","floor":26},{"not_picked":["bronze:GetLatest","bronze:Separator"],"picked":"bronze:ItsAFeature","floor":27},{"not_picked":["bronze:Branch","bronze:Iterate+1"],"picked":"bronze:DigitalCarnage+1","floor":31},{"not_picked":["bronze:Frontload","bronze:ChildClass","bronze:Shield"],"picked":"SKIP","floor":32},{"not_picked":["bronze:SpaghettiCode","bronze:Assembly"],"picked":"bronze:Library","floor":33},{"not_picked":["bronze:BitShift+1","bronze:BugBarrage+1"],"picked":"bronze:BuggyMess+1","floor":36},{"not_picked":["bronze:WhirlingStrike","bronze:Shield","bronze:WildBeam"],"picked":"SKIP","floor":39},{"not_picked":["bronze:BuggyMess","bronze:NullPointer","bronze:Invalidate+1"],"picked":"SKIP","floor":40},{"not_picked":["bronze:Iterate+1","bronze:WildBeam","bronze:DigitalCarnage+1"],"picked":"SKIP","floor":44},{"not_picked":["bronze:DigitalCarnage","bronze:Iterate","bronze:Deprecate+1"],"picked":"SKIP","floor":46}],"player_experience":11750609,"relics_obtained":[{"floor":7,"key":"Tiny Chest"},{"floor":10,"key":"Blood Vial"},{"floor":14,"key":"InkBottle"},{"floor":24,"key":"Shuriken"},{"floor":25,"key":"Bag of Marbles"},{"floor":37,"key":"hexamod:BolsterEngine"},{"floor":41,"key":"MealTicket"}],"event_choices":[{"damage_healed":0,"gold_gain":0,"player_choice":"Ignored","damage_taken":0,"max_hp_gain":0,"max_hp_loss":0,"event_name":"Mysterious Sphere","floor":42,"gold_loss":0}],"is_beta":false,"boss_relics":[{"not_picked":["Sozu","Empty Cage"],"picked":"sneckomod:SneckoTalon"},{"not_picked":["Velvet Choker","Black Star"],"picked":"SlaversCollar"}],"items_purged_floors":[27,46],"is_endless":false,"potions_floor_spawned":[2,10,11,12,16,21,23,32,40],"killed_by":"Transient","ascension_level":8}}