{"host":"vyjryxuuuxkt43k4","time":1613061883,"event":{"mods":["AchievementEnabler","BaseMod","Colored Map","DeckTracker","Keyboard Shortcuts","Minty Spire (QoL Compilation)","Permanent Neow","Quick Restart","StSLib","SuperFastMode","everything is the same but u backflip on backflip"],"gold_per_floor":[118,168,18,18,36,36,52,82,152,171,171,71,27,52,52,123,173,189,165,40,50,50,50],"floor_reached":22,"language":"KOR","playtime":1015,"items_purged":["Strike_G","Strike_G","Strike_G"],"score":438,"play_id":"4cf70c7a-04b6-4a2f-82c3-a4389079869d","local_time":"20210212014443","is_ascension_mode":true,"campfire_choices":[{"data":"Apotheosis","floor":6,"key":"SMITH"},{"floor":11,"key":"REST"},{"floor":15,"key":"REST"}],"circlet_count":0,"master_deck":["AscendersBane","Strike_G","Strike_G","Defend_G","Defend_G","Defend_G","Defend_G","Defend_G","Survivor","Neutralize","Apotheosis+1","Crippling Poison","After Image+1","Predator","Footwork","Noxious Fumes","Well Laid Plans","Concentrate","Die Die Die","Acrobatics","Cloak And Dagger","PiercingWail"],"relics":["Ring of the Snake","Bag of Preparation","Shuriken","Tiny House"],"acts_visited":["Exordium","TheCity"],"potions_floor_usage":[8,14,14,16,18,18,21,21,21],"damage_taken":[{"damage":4.0,"enemies":"Jaw Worm","floor":1.0,"turns":7.0},{"damage":0,"enemies":"Cultist","floor":5,"turns":5},{"damage":4,"enemies":"Small Slimes","floor":7,"turns":4},{"damage":0,"enemies":"Lagavulin","floor":8,"turns":7},{"damage":22,"enemies":"Exordium Wildlife","floor":10,"turns":5},{"damage":33,"enemies":"Gremlin Nob","floor":14,"turns":4},{"damage":26,"enemies":"The Guardian","floor":16,"turns":12},{"damage":27,"enemies":"3 Byrds","floor":18,"turns":5},{"damage":10,"enemies":"2 Thieves","floor":19,"turns":4},{"damage":15,"enemies":"Snake Plant","floor":21,"turns":5},{"damage":4,"enemies":"Sentry and Sphere","floor":22,"turns":5}],"seed_played":"9183534284389436120","potions_obtained":[{"floor":7,"key":"PowerPotion"},{"floor":8,"key":"Poison Potion"},{"floor":10,"key":"LiquidMemories"},{"floor":14,"key":"Explosive Potion"},{"floor":16,"key":"EssenceOfSteel"},{"floor":17,"key":"SteroidPotion"},{"floor":19,"key":"EntropicBrew"}],"is_trial":false,"path_per_floor":["M","?","$","?","M","R","M","E","T","M","R","$","$","E","R","B",null,"M","M","$","M","M"],"character_chosen":"THE_SILENT","items_purchased":["After Image","Well Laid Plans"],"campfire_rested":2,"item_purchase_floors":[3,13],"current_hp_per_floor":[55,49,49,54,54,54,50,50,50,28,47,47,47,14,33,7,56,29,19,19,4,0,0],"gold":50,"neow_bonus":"RANDOM_COLORLESS_2","is_daily":false,"chose_seed":false,"campfire_upgraded":1,"win_rate":0.0,"timestamp":1613061883,"path_taken":["M","?","?","?","?","R","?","E","T","M","R","?","$","E","R","BOSS","M","M","$","M","M"],"items_purchased_type":["Card","Card"],"build_version":"2020-12-22","purchased_purges":3,"victory":false,"max_hp_per_floor":[60,60,60,65,65,65,65,65,65,65,65,65,65,65,65,65,70,70,70,70,70,70,70],"card_choices":[{"not_picked":["Sadistic Nature","Mayhem"],"picked":"Apotheosis","floor":0.0},{"not_picked":["Prepared","Choke"],"picked":"Crippling Poison","floor":1.0},{"not_picked":["Catalyst","Backflip"],"picked":"Predator","floor":5},{"not_picked":["Terror","Deadly Poison"],"picked":"Footwork","floor":7},{"not_picked":["Sucker Punch","Underhanded Strike"],"picked":"Noxious Fumes","floor":8},{"not_picked":["Deadly Poison","Flechettes","Sucker Punch"],"picked":"SKIP","floor":10},{"not_picked":["Flechettes","Deflect"],"picked":"Concentrate","floor":14},{"not_picked":["Storm of Steel","Doppelganger"],"picked":"Die Die Die","floor":16},{"not_picked":["Noxious Fumes","Deadly Poison"],"picked":"Acrobatics","floor":17},{"not_picked":["Terror","Finisher+1"],"picked":"Cloak And Dagger","floor":18},{"not_picked":["Masterful Stab","Blade Dance"],"picked":"PiercingWail","floor":19},{"not_picked":["Underhanded Strike","Predator","Dash"],"picked":"SKIP","floor":21}],"player_experience":955846,"relics_obtained":[{"floor":8,"key":"Bag of Preparation"},{"floor":14,"key":"Shuriken"}],"event_choices":[{"damage_healed":0,"gold_gain":50,"player_choice":"Touch","damage_taken":6,"max_hp_gain":0,"max_hp_loss":0,"event_name":"FaceTrader","floor":2,"gold_loss":0},{"damage_healed":0,"gold_gain":0,"player_choice":"Donut","damage_taken":0,"max_hp_gain":5,"max_hp_loss":0,"event_name":"Big Fish","floor":4,"gold_loss":0}],"is_beta":false,"boss_relics":[{"not_picked":["Coffee Dripper","Runic Dome"],"picked":"Tiny House"}],"items_purged_floors":[3,12,20],"is_endless":false,"potions_floor_spawned":[7,8,10,14,16,19],"killed_by":"Sentry and Sphere","ascension_level":20}}