{"host":"qdluzwl0w2iptkmi","time":1613042486,"event":{"mods":["AchievementEnabler","BaseMod","BetterRewards","DeckTracker","Keyboard Shortcuts","Minty Spire (QoL Compilation)","Quick Restart","Relic Stats","StSLib","SuperFastMode"],"gold_per_floor":[111,126,140,153,170,170,199,199,199,218,218,238,255,24,24,119,119,133,149,64,82,82,82,94,94,94,22,41,41,41,59,59,154,154,169,169,169,169,179,179,95,95,95,112,13,29,29,42,42,42],"floor_reached":51,"language":"KOR","playtime":2648,"items_purged":["Defend_R"],"score":753,"play_id":"6a3637a7-6690-4f97-b27a-07f60ee204ad","local_time":"20210211202126","is_ascension_mode":false,"campfire_choices":[{"data":"Madness","floor":6.0,"key":"SMITH"},{"data":"Bash","floor":8.0,"key":"SMITH"},{"data":"Clothesline","floor":11.0,"key":"SMITH"},{"floor":15.0,"key":"REST"},{"data":"Body Slam","floor":23.0,"key":"SMITH"},{"data":"Body Slam","floor":25.0,"key":"SMITH"},{"data":"Berserk","floor":30.0,"key":"SMITH"},{"data":"Offering","floor":32.0,"key":"SMITH"},{"data":"Barricade","floor":40.0,"key":"SMITH"},{"data":"Deep Breath","floor":42.0,"key":"SMITH"},{"data":"Impatience","floor":49.0,"key":"SMITH"}],"circlet_count":0,"master_deck":["Bash+1","Madness+1","Clothesline+1","Offering","Rage","Body Slam+1","Berserk+1","Offering+1","Impervious","Body Slam+1","Offering","Barricade+1","Berserk","Deep Breath+1","Shrug It Off+1","Impatience+1"],"relics":["Burning Blood","Ancient Tea Set","TungstenRod","Regal Pillow","Pandora\u0027s Box","Meat on the Bone","Ornamental Fan","Torii","Empty Cage","Mercury Hourglass"],"acts_visited":["TheCity","TheBeyond"],"potions_floor_usage":[50,50],"damage_taken":[{"damage":6.0,"enemies":"Cultist","floor":1.0,"turns":3.0},{"damage":3.0,"enemies":"Jaw Worm","floor":2.0,"turns":3.0},{"damage":7.0,"enemies":"Small Slimes","floor":3.0,"turns":3.0},{"damage":21.0,"enemies":"Exordium Thugs","floor":4.0,"turns":5.0},{"damage":4.0,"enemies":"Red Slaver","floor":5.0,"turns":4.0},{"damage":38.0,"enemies":"Gremlin Nob","floor":7.0,"turns":5.0},{"damage":9.0,"enemies":"2 Fungi Beasts","floor":10.0,"turns":3.0},{"damage":7.0,"enemies":"3 Louse","floor":12.0,"turns":4.0},{"damage":19.0,"enemies":"Large Slime","floor":13.0,"turns":7.0},{"damage":38.0,"enemies":"Hexaghost","floor":16.0,"turns":8.0},{"damage":16.0,"enemies":"3 Byrds","floor":18.0,"turns":3.0},{"damage":10.0,"enemies":"Chosen","floor":19.0,"turns":3.0},{"damage":39.0,"enemies":"Snecko","floor":21.0,"turns":5.0},{"damage":10.0,"enemies":"Cultist and Chosen","floor":24.0,"turns":2.0},{"damage":15.0,"enemies":"3 Cultists","floor":28.0,"turns":2.0},{"damage":10.0,"enemies":"Centurion and Healer","floor":31.0,"turns":1.0},{"damage":32.0,"enemies":"Champ","floor":33.0,"turns":5.0},{"damage":26.0,"enemies":"3 Shapes","floor":35.0,"turns":3.0},{"damage":15.0,"enemies":"3 Darklings","floor":39.0,"turns":3.0},{"damage":15.0,"enemies":"Writhing Mass","floor":44.0,"turns":2.0},{"damage":15.0,"enemies":"Spire Growth","floor":46.0,"turns":1.0},{"damage":10.0,"enemies":"Jaw Worm Horde","floor":48.0,"turns":1.0},{"damage":15,"enemies":"Donu and Deca","floor":50,"turns":1}],"seed_played":"6359948271386384602","potions_obtained":[{"floor":2.0,"key":"Block Potion"},{"floor":3.0,"key":"Swift Potion"},{"floor":7.0,"key":"SpeedPotion"},{"floor":12.0,"key":"Strength Potion"},{"floor":19.0,"key":"DuplicationPotion"},{"floor":21.0,"key":"ElixirPotion"},{"floor":24.0,"key":"Ancient Potion"},{"floor":35.0,"key":"BloodPotion"},{"floor":46.0,"key":"DuplicationPotion"}],"is_trial":false,"path_per_floor":["M","M","M","M","M","R","E","R","T","M","R","M","M","$","R","B",null,"M","M","?","M","T","R","M","R","T","$","M","$","R","M","R","B",null,"M","?","?","$","M","R","$","R","T","M","$","M","?","M","R","B",null],"character_chosen":"IRONCLAD","items_purchased":["Regal Pillow","Offering","Deep Breath","Fruit Juice"],"campfire_rested":1,"item_purchase_floors":[14,27,41,45],"current_hp_per_floor":[80,80,79,64,66,66,34,34,34,31,31,30,17,17,56,24,80,70,66,66,45,45,45,53,53,53,53,56,56,56,52,52,38,80,60,60,60,60,67,67,67,67,67,58,63,54,50,58,58,49],"gold":42,"neow_bonus":"RANDOM_COLORLESS","is_daily":false,"chose_seed":false,"campfire_upgraded":10,"win_rate":0.0,"timestamp":1613042486,"path_taken":["M","M","M","M","M","R","E","R","T","M","R","?","M","$","R","BOSS","M","M","?","M","?","R","?","R","T","$","M","?","R","M","R","BOSS","M","?","?","$","?","R","?","R","T","M","$","M","?","M","R","BOSS"],"items_purchased_type":["Relic","Card","Card","Potion"],"build_version":"2020-12-22","purchased_purges":1,"victory":true,"max_hp_per_floor":[80,80,80,80,80,80,80,80,80,80,80,80,80,80,80,80,80,80,80,80,80,80,80,80,80,80,80,80,80,80,80,80,80,80,80,80,80,80,80,80,80,80,80,80,85,85,85,85,85,85],"relic_stats":{"Regal Pillow":15,"Torii":6,"counters":[23,77],"Ornamental Fan":[76],"Pandora\u0027s Box":["Juggernaut","Wild Strike","Rage","Searing Blow","Body Slam","Berserk","Offering","Impervious"],"obtain_stats":[{"Regal Pillow":14,"Torii":26,"Ornamental Fan":22,"Pandora\u0027s Box":17,"Ancient Tea Set":7,"Empty Cage":34,"Burning Blood":0,"TungstenRod":9,"Meat on the Bone":20,"Mercury Hourglass":43},{"Regal Pillow":9,"Torii":14,"Ornamental Fan":13,"Pandora\u0027s Box":10,"Ancient Tea Set":6,"Empty Cage":17,"Burning Blood":0,"TungstenRod":6,"Meat on the Bone":12,"Mercury Hourglass":19},{"Regal Pillow":37,"Torii":58,"Ornamental Fan":56,"Pandora\u0027s Box":45,"Ancient Tea Set":23,"Empty Cage":66,"Burning Blood":0,"TungstenRod":23,"Meat on the Bone":51,"Mercury Hourglass":72}],"Burning Blood":135,"TungstenRod":70,"Meat on the Bone":60,"Mercury Hourglass":[15]},"card_choices":[{"not_picked":["Blind","PanicButton"],"picked":"Madness","floor":0.0},{"not_picked":["Dual Wield","Fire Breathing"],"picked":"Clothesline","floor":1.0},{"not_picked":["Anger","Cleave","Heavy Blade"],"picked":"SKIP","floor":2.0},{"not_picked":["Clash","Twin Strike","Clothesline"],"picked":"SKIP","floor":3.0},{"not_picked":["Iron Wave","Heavy Blade","Blood for Blood"],"picked":"SKIP","floor":4.0},{"not_picked":["Disarm","Reckless Charge","Twin Strike"],"picked":"SKIP","floor":5.0},{"not_picked":["Combust","Clothesline","Pommel Strike"],"picked":"SKIP","floor":7.0},{"not_picked":["Armaments","Feed","Dropkick"],"picked":"SKIP","floor":10.0},{"not_picked":["Rupture","Uppercut","Sentinel"],"picked":"SKIP","floor":12.0},{"not_picked":["Warcry","Armaments","Whirlwind"],"picked":"SKIP","floor":13.0},{"not_picked":["Brutality","Limit Break"],"picked":"Offering","floor":16.0},{"not_picked":["Searing Blow+1","Anger","Wild Strike"],"picked":"SKIP","floor":18.0},{"not_picked":["Heavy Blade+1","Wild Strike","Clothesline+1"],"picked":"SKIP","floor":19.0},{"not_picked":["Bloodletting","Headbutt"],"picked":"Body Slam","floor":21.0},{"not_picked":["Seeing Red","Clothesline","Armaments"],"picked":"SKIP","floor":24.0},{"not_picked":["Headbutt","True Grit+1","Metallicize"],"picked":"SKIP","floor":28.0},{"not_picked":["Heavy Blade","True Grit+1","Cleave"],"picked":"SKIP","floor":31.0},{"not_picked":["Corruption","Juggernaut"],"picked":"Barricade","floor":33.0},{"not_picked":["Clothesline","Spot Weakness+1","Anger+1"],"picked":"SKIP","floor":35.0},{"not_picked":["Headbutt","Sword Boomerang","Uppercut"],"picked":"SKIP","floor":39.0},{"not_picked":["Thunderclap","Sword Boomerang+1"],"picked":"Shrug It Off+1","floor":44.0},{"not_picked":["Uppercut","Havoc+1","Flex+1"],"picked":"SKIP","floor":46.0},{"not_picked":["HandOfGreed","Thinking Ahead"],"picked":"Impatience","floor":47.0},{"not_picked":["Anger","Battle Trance","Flex"],"picked":"SKIP","floor":48.0}],"player_experience":1259941,"relics_obtained":[{"floor":7.0,"key":"Ancient Tea Set"},{"floor":9.0,"key":"TungstenRod"},{"floor":22.0,"key":"Ornamental Fan"},{"floor":26.0,"key":"Torii"},{"floor":43.0,"key":"Mercury Hourglass"}],"event_choices":[{"damage_healed":0.0,"max_hp_gain":0.0,"max_hp_loss":0.0,"gold_gain":0.0,"event_name":"Addict","player_choice":"Obtained Relic","floor":20.0,"gold_loss":85.0,"damage_taken":0.0,"relics_obtained":["Meat on the Bone"]},{"damage_healed":0.0,"max_hp_gain":0.0,"max_hp_loss":0.0,"gold_gain":0.0,"event_name":"Mysterious Sphere","player_choice":"Ignored","floor":36.0,"gold_loss":0.0,"damage_taken":0.0},{"damage_healed":0.0,"max_hp_gain":0.0,"max_hp_loss":0.0,"gold_gain":0.0,"cards_transformed":["Juggernaut"],"event_name":"Transmorgrifier","player_choice":"Transformed","floor":37.0,"gold_loss":0.0,"damage_taken":0.0,"cards_obtained":["Berserk"]},{"damage_healed":0.0,"max_hp_gain":0.0,"max_hp_loss":0.0,"gold_gain":0.0,"event_name":"SensoryStone","player_choice":"Memory 2","floor":47.0,"gold_loss":0.0,"damage_taken":5.0}],"is_beta":false,"boss_relics":[{"not_picked":["Snecko Eye","Runic Cube"],"picked":"Pandora\u0027s Box"},{"not_picked":["Black Blood","SlaversCollar"],"picked":"Empty Cage"}],"items_purged_floors":[14],"is_endless":false,"potions_floor_spawned":[2,3,7,12,19,21,24,33,35,46],"ascension_level":0}}