{"host":"6affnl2vk6en9o4b","time":1613077710,"event":{"mods":["AchievementEnabler","Aspiration","BaseMod","BetterRewards","Colored Powertips","Conspire","Downfall","Friendly Minions","Googly Eyes","Highlight Path","Hubris","Minty Spire (QoL Compilation)","Quick Restart","Replay The Spire","StSLib","Unceasing Turn Reminder"],"gold_per_floor":[99,118,137,137,137,169,243,43,86,106,106,6,6,6,31,136,136,136,136,158,230,21,43,67,67,67,107,136,162,171,171,171,171],"floor_reached":31,"language":"ENG","playtime":1112,"items_purged":[],"score":286,"play_id":"b5f35223-c833-46b2-b5c1-2a0091b52dd8","local_time":"20210211210830","is_ascension_mode":false,"campfire_choices":[{"floor":1,"key":"RECALL"},{"data":"sneckomod:WideSting","floor":8,"key":"SMITH"},{"data":"sneckomod:UnlimitedRolls","floor":12,"key":"SMITH"},{"data":"sneckomod:Mudshield","floor":18,"key":"SMITH"},{"floor":26,"key":"REST"}],"circlet_count":0,"master_deck":["sneckomod:Strike","sneckomod:Strike","sneckomod:Strike","sneckomod:Defend","sneckomod:Defend","sneckomod:Defend+1","sneckomod:TailWhip","sneckomod:SnekBite+1","sneckomod:Unknown","sneckomod:Unknown","sneckomod:DiceCrush","sneckomod:UnknownVulnerable+1","sneckomod:WideSting+1","sneckomod:Unknown2Cost","sneckomod:UnlimitedRolls+1","sneckomod:UnknownUncommonPower+1","sneckomod:Mudshield+1","sneckomod:UnknownStrike","sneckomod:UnknownBlock","sneckomod:CheapStock","sneckomod:UnknownWeak","sneckomod:UnknownCommonAttack","sneckomod:QuickBite","sneckomod:UnknownWeak+1","sneckomod:IronFang+1","sneckomod:SoulDraw+1","sneckomod:Unknown1Cost","Normality"],"relics":["sneckomod:SneckoSoul","Nunchaku","downfall:HeartBlessingRed","downfall:HeartBlessingBlue","CeramicFish","Tiny Chest","downfall:HeartBlessingGreen","Replay:Wax Seal","Strawberry","conspire:RoyalGoblet","aspiration:RitualStick","Membership Card","Bronze Scales","Molten Egg 2"],"acts_visited":["Exordium","TheCity"],"potions_floor_usage":[9,20,28,29,29,29,31,31],"damage_taken":[{"damage":6,"enemies":"Small Slimes","floor":2,"turns":4},{"damage":8,"enemies":"2 Louse","floor":3,"turns":2},{"damage":10,"enemies":"Gremlin Nob","floor":6,"turns":3},{"damage":45,"enemies":"3 Sentries","floor":9,"turns":7},{"damage":0,"enemies":"Cultist","floor":10,"turns":2},{"damage":19,"enemies":"Exordium Thugs","floor":15,"turns":3},{"damage":12,"enemies":"SI_SHIV_ARCHETYPE","floor":16,"turns":7},{"damage":24,"enemies":"Chosen","floor":20,"turns":6},{"damage":0,"enemies":"downfall:FleeingMerchant","floor":22,"turns":4},{"damage":21,"enemies":"Spheric Guardian","floor":23,"turns":6},{"damage":9,"enemies":"Replay:Snechameleon","floor":27,"turns":5},{"damage":36,"enemies":"Cultist and Chosen","floor":28,"turns":7},{"damage":26,"enemies":"conspire:HollyBat","floor":29,"turns":13},{"damage":11,"enemies":"Chosen and Byrds","floor":31,"turns":1}],"seed_played":"8702669497226337155","potions_obtained":[{"floor":6,"key":"conspire:TimeTravelPotion"},{"floor":10,"key":"SteroidPotion"},{"floor":15,"key":"Energy Potion"},{"floor":25,"key":"Doom Potion"},{"floor":25,"key":"Block Potion"},{"floor":25,"key":"EntropicBrew"}],"is_trial":false,"path_per_floor":["R","M","M","?","?","E","T","R","E","M","T","R","?","$","M","B",null,"R","?","M","T","$","M","T","?","R","E","M","M","?","M"],"character_chosen":"THE_SNECKO","items_purchased":["Replay:Wax Seal","Strawberry","Membership Card","sneckomod:CheapStock","sneckomod:UnknownWeak","sneckomod:UnknownCommonAttack","sneckomod:QuickBite"],"campfire_rested":1,"item_purchase_floors":[14,14,22,22,22,22,22],"current_hp_per_floor":[99,93,85,85,85,75,75,85,58,58,58,58,58,50,31,19,116,116,93,69,69,69,48,48,48,82,73,37,11,11,0,0,0],"gold":171,"neow_bonus":"TEN_PERCENT_HP_BONUS","is_daily":false,"chose_seed":false,"campfire_upgraded":3,"win_rate":0.0,"timestamp":1613077710,"path_taken":["R","M","M","?","?","E","T","R","E","?","?","R","?","?","M","BOSS","R","?","M","?","$","M","T","?","R","E","?","M","?","M"],"items_purchased_type":["Relic","Relic","Relic","Card","Card","Card","Card"],"build_version":"2020-12-22","purchased_purges":0,"victory":false,"max_hp_per_floor":[99,99,99,99,99,99,99,109,109,109,109,109,109,116,116,116,116,116,116,116,116,116,116,116,116,116,116,116,116,116,116,116,116],"card_choices":[{"not_picked":["sneckomod:SoulRoll","sneckomod:DefensiveFlair"],"picked":"sneckomod:DiceCrush","floor":2},{"not_picked":["sneckomod:QuickMove","sneckomod:SoulDraw"],"picked":"sneckomod:UnknownVulnerable","floor":3},{"not_picked":["sneckomod:Memorize","sneckomod:UnknownCommonSkill"],"picked":"sneckomod:WideSting","floor":6},{"not_picked":["sneckomod:SoulCleanse","sneckomod:IronFang"],"picked":"sneckomod:Unknown2Cost","floor":9},{"not_picked":["sneckomod:UnknownBlock","sneckomod:DiceBlock"],"picked":"sneckomod:UnlimitedRolls","floor":10},{"not_picked":["sneckomod:UnknownExhaust","sneckomod:QuickMove"],"picked":"sneckomod:UnknownUncommonPower","floor":15},{"not_picked":["sneckomod:UnlimitedRolls","sneckomod:Restock"],"picked":"sneckomod:Mudshield","floor":16},{"not_picked":["sneckomod:DefensiveFlair","sneckomod:Nope"],"picked":"sneckomod:UnknownStrike","floor":20},{"not_picked":["sneckomod:RainOfDice","sneckomod:SoulCleanse"],"picked":"sneckomod:UnknownBlock","floor":22},{"not_picked":["sneckomod:DiceCrush","sneckomod:SnekBeam"],"picked":"sneckomod:UnknownWeak+1","floor":23},{"not_picked":["sneckomod:DiceBlock","sneckomod:MasterEye"],"picked":"sneckomod:IronFang+1","floor":27},{"not_picked":["sneckomod:UnknownBlock","sneckomod:DiceCrush+1"],"picked":"sneckomod:SoulDraw+1","floor":28},{"not_picked":["sneckomod:UnknownCommonSkill","sneckomod:PureSnecko+1"],"picked":"sneckomod:Unknown1Cost","floor":29}],"player_experience":241932,"relics_obtained":[{"floor":6,"key":"Nunchaku"},{"floor":9,"key":"CeramicFish"},{"floor":11,"key":"Tiny Chest"},{"floor":24,"key":"Bronze Scales"},{"floor":27,"key":"Molten Egg 2"}],"event_choices":[{"damage_healed":0,"gold_gain":0,"player_choice":"Got Potions","damage_taken":0,"max_hp_gain":0,"max_hp_loss":0,"event_name":"Lab","floor":25,"gold_loss":0}],"is_beta":false,"boss_relics":[{"not_picked":["hubris:GrandSneckoEye","ChewingGum"],"picked":"conspire:RoyalGoblet"}],"items_purged_floors":[],"is_endless":false,"potions_floor_spawned":[6,10,15,27],"killed_by":"Chosen and Byrds","ascension_level":0}}