{"host":"g907ck67u7c3hrs6","time":1613044506,"event":{"mods":["BaseMod","Colored Map","DeckTracker","Highlight Path","Keyboard Shortcuts","Minty Spire (QoL Compilation)","Permanent Neow","Say the Spire","SuperFastMode"],"gold_per_floor":[116,128,146,162,177,205,205,239,289,36,36,63,63,63,63,164,164,175,186,202,213,233,263,288,288,288,321,321,321,321,356,356,461,461,479,262,150,150,203,203,229,260,260,260,9,39,39,39,39,39],"floor_reached":51,"language":"KOR","playtime":1693,"items_purged":["Strike_G","Defend_G+1"],"score":1042,"play_id":"5bb10c41-d8d3-48a9-8364-d33151e6c8a0","local_time":"20210211205506","daily_mods":["Heirloom","Flight"],"is_ascension_mode":false,"campfire_choices":[{"data":"After Image","floor":7,"key":"SMITH"},{"data":"Noxious Fumes","floor":11,"key":"SMITH"},{"data":"Leg Sweep","floor":13,"key":"SMITH"},{"data":"Deadly Poison","floor":15,"key":"SMITH"},{"data":"Catalyst","floor":25,"key":"SMITH"},{"data":"Catalyst","floor":29,"key":"SMITH"},{"data":"After Image","floor":30,"key":"SMITH"},{"data":"Adrenaline","floor":32,"key":"SMITH"},{"data":"Catalyst","floor":40,"key":"SMITH"},{"data":"Well Laid Plans","floor":47,"key":"SMITH"},{"data":"Footwork","floor":49,"key":"SMITH"}],"circlet_count":0,"master_deck":["Defend_G+1","Defend_G+1","Defend_G+1","Defend_G+1","Survivor","Neutralize+1","Poisoned Stab+1","Bane","Backflip","Deadly Poison+1","Leg Sweep+1","After Image+1","Deflect","Noxious Fumes+1","Adrenaline+1","Prepared+1","Heel Hook+1","Dash+1","Cloak And Dagger+1","Concentrate+1","Catalyst+1","Backflip","Leg Sweep","Catalyst+1","After Image+1","Tools of the Trade","Backflip+1","Well Laid Plans+1","Footwork+1","Catalyst+1","Dodge and Roll+1","Madness","Madness"],"relics":["Ring of the Snake","CaptainsWheel","HornCleat","TungstenRod","Oddly Smooth Stone","Blood Vial","Odd Mushroom","Astrolabe","Molten Egg 2","Anchor","Ancient Tea Set","Vajra","Bag of Marbles","Runic Dome","Lantern","Snake Skull","Whetstone","Strawberry","Pocketwatch","Centennial Puzzle","Juzu Bracelet"],"acts_visited":["Exordium","TheCity","TheBeyond"],"potions_floor_usage":[23,50],"damage_taken":[{"damage":0,"enemies":"Jaw Worm","floor":1,"turns":4},{"damage":0,"enemies":"Cultist","floor":2,"turns":4},{"damage":0,"enemies":"2 Louse","floor":3,"turns":3},{"damage":8,"enemies":"Exordium Thugs","floor":4,"turns":5},{"damage":9,"enemies":"2 Fungi Beasts","floor":5,"turns":3},{"damage":24,"enemies":"3 Sentries","floor":6,"turns":12},{"damage":5,"enemies":"Gremlin Nob","floor":8,"turns":5},{"damage":0,"enemies":"The Mushroom Lair","floor":12,"turns":4},{"damage":0,"enemies":"Hexaghost","floor":16,"turns":8},{"damage":0,"enemies":"Shell Parasite","floor":18,"turns":5},{"damage":0,"enemies":"3 Byrds","floor":19,"turns":4},{"damage":0,"enemies":"Snake Plant","floor":20,"turns":4},{"damage":0,"enemies":"Shelled Parasite and Fungi","floor":21,"turns":5},{"damage":0,"enemies":"Chosen and Byrds","floor":22,"turns":5},{"damage":4,"enemies":"Slavers","floor":23,"turns":8},{"damage":31,"enemies":"Gremlin Leader","floor":24,"turns":9},{"damage":0,"enemies":"Book of Stabbing","floor":27,"turns":5},{"damage":0,"enemies":"Gremlin Leader","floor":31,"turns":5},{"damage":13,"enemies":"Champ","floor":33,"turns":10},{"damage":0,"enemies":"3 Darklings","floor":35,"turns":5},{"damage":0,"enemies":"Nemesis","floor":41,"turns":3},{"damage":0,"enemies":"Giant Head","floor":42,"turns":5},{"damage":15,"enemies":"Reptomancer","floor":46,"turns":4},{"damage":0,"enemies":"Donu and Deca","floor":50,"turns":8}],"seed_played":"3162728104509956655","potions_obtained":[{"floor":3,"key":"DistilledChaos"},{"floor":5,"key":"AttackPotion"},{"floor":6,"key":"Weak Potion"},{"floor":24,"key":"Dexterity Potion"},{"floor":48,"key":"Block Potion"},{"floor":48,"key":"AttackPotion"}],"is_trial":true,"path_per_floor":["M","M","M","M","M","E","R","E","T","$","R","?","R","?","R","B",null,"M","M","M","M","M","E","E","R","T","E","?","R","R","E","R","B",null,"M","$","$","?","T","R","E","E","T","?","$","E","R","?","R","B",null],"character_chosen":"THE_SILENT","items_purchased":["Blood Vial","Noxious Fumes","Well Laid Plans","Lantern","Footwork","Catalyst","Centennial Puzzle"],"campfire_rested":0,"item_purchase_floors":[10,10,36,36,37,37,45],"current_hp_per_floor":[70,70,70,62,53,29,29,24,24,24,24,26,26,26,26,28,70,70,70,70,70,70,66,37,37,37,39,39,39,39,41,41,30,70,70,70,70,70,70,70,70,77,77,68,68,55,55,55,55,57],"gold":39,"neow_bonus":"","is_daily":false,"chose_seed":false,"campfire_upgraded":11,"win_rate":0.0,"timestamp":1613044506,"path_taken":["M","M","M","M","M","E","R","E","T","$","R","?","R","?","R","BOSS","M","M","M","M","M","E","E","R","T","E","?","R","R","E","R","BOSS","M","$","$","?","?","R","E","E","T","?","$","E","R","?","R","BOSS"],"items_purchased_type":["Relic","Card","Card","Relic","Card","Card","Relic"],"build_version":"2020-12-22","purchased_purges":2,"victory":true,"max_hp_per_floor":[70,70,70,70,70,70,70,70,70,70,70,70,70,70,70,70,70,70,70,70,70,70,70,70,70,70,70,70,70,70,70,70,70,70,70,70,70,70,70,70,70,77,77,77,77,77,77,77,77,77],"card_choices":[{"not_picked":["Flying Knee","Quick Slash"],"picked":"Poisoned Stab","floor":1},{"not_picked":["Calculated Gamble","Riddle With Holes"],"picked":"Bane","floor":2},{"not_picked":["Slice","Dagger Throw"],"picked":"Backflip","floor":3},{"not_picked":["Sucker Punch","Tactician"],"picked":"Deadly Poison","floor":4},{"not_picked":["Flechettes","Finisher"],"picked":"Leg Sweep","floor":5},{"not_picked":["Blur","Reflex"],"picked":"After Image","floor":6},{"not_picked":["Deadly Poison","Dagger Throw"],"picked":"Deflect","floor":8},{"not_picked":["Phantasmal Killer","Unload"],"picked":"Adrenaline","floor":16},{"not_picked":["Crippling Poison","Deflect"],"picked":"Cloak And Dagger+1","floor":18},{"not_picked":["Calculated Gamble+1","Cloak And Dagger"],"picked":"Concentrate+1","floor":19},{"not_picked":["Prepared+1","Underhanded Strike"],"picked":"Catalyst","floor":20},{"not_picked":["Masterful Stab","Endless Agony+1"],"picked":"Backflip","floor":21},{"not_picked":["Poisoned Stab","Skewer"],"picked":"Leg Sweep","floor":22},{"not_picked":["Riddle With Holes+1","Skewer+1","Underhanded Strike+1"],"picked":"SKIP","floor":23},{"not_picked":["Dagger Spray+1","Flying Knee+1"],"picked":"Catalyst","floor":24},{"not_picked":["Concentrate","Sucker Punch+1"],"picked":"After Image","floor":27},{"not_picked":["Deadly Poison","Accuracy+1","Backstab+1"],"picked":"SKIP","floor":31},{"not_picked":["Unload+1","Wraith Form v2"],"picked":"Tools of the Trade","floor":33},{"not_picked":["All Out Attack+1","Deadly Poison+1"],"picked":"Backflip+1","floor":35},{"not_picked":["Skewer+1","Choke+1"],"picked":"Dodge and Roll+1","floor":41},{"not_picked":["Slice+1","Quick Slash+1","Skewer+1"],"picked":"SKIP","floor":42},{"not_picked":["Backflip","Backstab+1","Sucker Punch+1"],"picked":"SKIP","floor":46}],"player_experience":284518,"relics_obtained":[{"floor":6,"key":"HornCleat"},{"floor":8,"key":"TungstenRod"},{"floor":9,"key":"Oddly Smooth Stone"},{"floor":12,"key":"Odd Mushroom"},{"floor":23,"key":"Molten Egg 2"},{"floor":24,"key":"Anchor"},{"floor":26,"key":"Ancient Tea Set"},{"floor":27,"key":"Vajra"},{"floor":31,"key":"Bag of Marbles"},{"floor":39,"key":"Snake Skull"},{"floor":41,"key":"Whetstone"},{"floor":42,"key":"Strawberry"},{"floor":43,"key":"Pocketwatch"},{"floor":46,"key":"Juzu Bracelet"}],"event_choices":[{"damage_healed":0,"gold_gain":0,"player_choice":"Fought Mushrooms","damage_taken":0,"max_hp_gain":0,"max_hp_loss":0,"event_name":"Mushrooms","floor":12,"gold_loss":0},{"cards_removed":["Strike_G"],"damage_healed":0,"gold_gain":0,"player_choice":"Offered Basic","damage_taken":0,"max_hp_gain":0,"max_hp_loss":0,"event_name":"Bonfire Elementals","floor":14,"gold_loss":0},{"damage_healed":0,"gold_gain":0,"player_choice":"Simplicity","damage_taken":0,"max_hp_gain":0,"max_hp_loss":0,"event_name":"Back to Basics","floor":28,"gold_loss":0,"cards_upgraded":["Defend_G","Defend_G","Defend_G","Defend_G","Defend_G"]},{"damage_healed":0,"gold_gain":0,"player_choice":"Ignored","damage_taken":0,"max_hp_gain":0,"max_hp_loss":0,"event_name":"Tomb of Lord Red Mask","floor":38,"gold_loss":0},{"damage_healed":0,"gold_gain":0,"player_choice":"Embrace Madness","damage_taken":10,"max_hp_gain":0,"max_hp_loss":0,"event_name":"Winding Halls","floor":44,"gold_loss":0,"cards_obtained":["Madness","Madness"]},{"damage_healed":0,"gold_gain":0,"player_choice":"Got Potions","damage_taken":0,"max_hp_gain":0,"max_hp_loss":0,"event_name":"Lab","floor":48,"gold_loss":0}],"is_beta":false,"boss_relics":[{"not_picked":["HoveringKite","Black Star"],"picked":"Astrolabe"},{"not_picked":["SacredBark","Philosopher\u0027s Stone"],"picked":"Runic Dome"}],"items_purged_floors":[10,45],"is_endless":false,"potions_floor_spawned":[3,5,6,21,22,24,27,31,42,46],"ascension_level":0}}