{"host":"nyir1v7xajwugdek","time":1613049755,"event":{"mods":["BaseMod","Colored Powertips","Downfall","Minty Spire (QoL Compilation)","StSLib"],"gold_per_floor":[99,99,99,99,99,99,124,159,59,59,59,84,100,116,132,237,237,137,153,166,177,162,162,162,147,147,173,173,209,219,219,246,348,348,348,358,371,108,118,149,149,176,176,189,209,109,109,56,75,75,75,110,110,110,110,110],"floor_reached":57,"language":"ENG","playtime":5608,"items_purged":[],"score":1460,"play_id":"11447f2a-cb0b-4e82-b589-a5c168281fac","local_time":"20210211142235","is_ascension_mode":true,"campfire_choices":[{"data":"hexamod:Float","floor":1,"key":"SMITH"},{"floor":9,"key":"RECALL"},{"data":"hexamod:HauntingEcho","floor":11,"key":"SMITH"},{"data":"hexamod:TimeOfNeed","floor":18,"key":"SMITH"},{"data":"hexamod:RecurringNightmare","floor":26,"key":"SMITH"},{"data":"hexamod:RainOfEmbers","floor":28,"key":"SMITH"},{"data":"hexamod:HexaLevel","floor":35,"key":"SMITH"}],"circlet_count":0,"master_deck":["hexamod:Strike+1","hexamod:Strike+1","hexamod:Defend+1","hexamod:Defend+1","hexamod:Defend+1","hexamod:Defend+1","hexamod:Sear+1","hexamod:Float+1","hexamod:HauntingEcho+1","hexamod:GhostShield+1","hexamod:Hexaguard+1","hexamod:GhostOfSpirePast+1","hexamod:TimeOfNeed+1","hexamod:FastForward+1","hexamod:GhostLash+1","hexamod:SwordOfDarkness+1","hexamod:GhostflameBarrier+1","hexamod:ApocalypseNow+1","hexamod:RecurringNightmare+1","hexamod:StepThrough+1","hexamod:RainOfEmbers+1","hexamod:FirstSeal","hexamod:BacktrackSmack+1","hexamod:SixthSeal","hexamod:SpectersWail+1","hexamod:GhostLash+1","hexamod:SwordOfDarkness+1","hexamod:NightmareGuise+1","hexamod:HexaLevel+1","hexamod:HauntingEcho+1","hexamod:Hexaguard+1","hexamod:AdvancingGuard+1","hexamod:ShieldOfDarkness+1","hexamod:Hexaguard+1","expansioncontent:AwakenDeath+1","hexamod:Toasty+1","hexamod:TimeOfNeed+1","hexamod:RetreatToShadows+1","hexamod:Hexaguard+1"],"relics":["hexamod:SpiritBrand","downfall:HeartsMalice","Vajra","Blood Vial","downfall:HeartBlessingGreen","Cursed Key","downfall:HeartBlessingRed","Torii","Akabeko","hexamod:TheBrokenSeal","Coffee Dripper","Shuriken","Toxic Egg 2","Boot","downfall:HeartBlessingBlue","Bottled Tornado","bronze:DonusWashers","hexamod:CandleOfCauterizing"],"acts_visited":["Exordium","TheCity","TheBeyond","TheEnding"],"potions_floor_usage":[15,29,29,30,33,33,52,55,56,56],"damage_taken":[{"damage":0,"enemies":"2 Louse","floor":2,"turns":1},{"damage":0,"enemies":"Jaw Worm","floor":5,"turns":1},{"damage":0,"enemies":"3 Sentries","floor":8,"turns":1},{"damage":0,"enemies":"Cultist","floor":10,"turns":1},{"damage":15,"enemies":"Lagavulin","floor":12,"turns":10},{"damage":0,"enemies":"3 Louse","floor":13,"turns":3},{"damage":2,"enemies":"Lots of Slimes","floor":14,"turns":4},{"damage":13,"enemies":"Gremlin Gang","floor":15,"turns":5},{"damage":32,"enemies":"WA_ARCHETYPE_RETAIN","floor":16,"turns":8},{"damage":6,"enemies":"Shell Parasite","floor":19,"turns":4},{"damage":0,"enemies":"3 Byrds","floor":20,"turns":4},{"damage":18,"enemies":"Snake Plant","floor":21,"turns":4},{"damage":3,"enemies":"downfall:FleeingMerchant","floor":22,"turns":4},{"damage":0,"enemies":"downfall:FleeingMerchant","floor":25,"turns":4},{"damage":13,"enemies":"Snecko","floor":27,"turns":5},{"damage":34,"enemies":"Slavers","floor":29,"turns":6},{"damage":20,"enemies":"Centurion and Healer","floor":30,"turns":4},{"damage":0,"enemies":"3 Cultists","floor":32,"turns":5},{"damage":34,"enemies":"DF_ARCHETYPE_CLAW","floor":33,"turns":11},{"damage":0,"enemies":"3 Shapes","floor":36,"turns":3},{"damage":10,"enemies":"3 Darklings","floor":37,"turns":4},{"damage":1,"enemies":"downfall:FleeingMerchant","floor":38,"turns":4},{"damage":0,"enemies":"Sphere and 2 Shapes","floor":39,"turns":3},{"damage":35,"enemies":"Giant Head","floor":40,"turns":7},{"damage":0,"enemies":"Nemesis","floor":42,"turns":7},{"damage":11,"enemies":"Spire Growth","floor":44,"turns":4},{"damage":1,"enemies":"Transient","floor":45,"turns":5},{"damage":0,"enemies":"downfall:FleeingMerchant","floor":48,"turns":3},{"damage":9,"enemies":"Jaw Worm Horde","floor":49,"turns":4},{"damage":6,"enemies":"SI_POISON_ARCHETYPE","floor":50,"turns":14},{"damage":73,"enemies":"downfall:CharBossMerchant","floor":52,"turns":7},{"damage":3,"enemies":"downfall:NeowBoss","floor":55,"turns":15},{"damage":22,"enemies":"downfall:NeowBossFinal","floor":56,"turns":12}],"seed_played":"7629414928354645255","potions_obtained":[{"floor":12,"key":"ColorlessPotion"},{"floor":13,"key":"hexamod:SoulburnPotion"},{"floor":14,"key":"PowerPotion"},{"floor":19,"key":"LiquidMemories"},{"floor":29,"key":"Weak Potion"},{"floor":29,"key":"Weak Potion"},{"floor":30,"key":"Fire Potion"},{"floor":32,"key":"hexamod:DoubleChargePotion"},{"floor":33,"key":"Explosive Potion"},{"floor":37,"key":"Block Potion"},{"floor":44,"key":"Weak Potion"},{"floor":52,"key":"FearPotion"}],"is_trial":false,"path_per_floor":["R","M","?","?","M","?","T","E","R","M","R","E","M","M","M","B",null,"R","M","M","M","$","?","T","$","R","M","R","E","M","?","M","B",null,"R","M","M","$","M","E","T","E","?","M","M","R","?","$","M","B",null,"E","$","R","B","B",null],"character_chosen":"THE_SPIRIT","items_purchased":["Shuriken","Bottled Tornado","bronze:DonusWashers"],"campfire_rested":0,"item_purchase_floors":[38,48,48],"current_hp_per_floor":[70,70,70,70,70,70,70,70,70,70,70,55,57,57,46,16,70,70,64,66,50,56,56,56,65,65,61,61,43,25,25,34,80,80,80,80,77,78,80,45,45,54,54,52,60,70,70,79,72,75,90,24,24,24,30,17],"gold":110,"neow_bonus":"THREE_ENEMY_KILL","is_daily":false,"chose_seed":false,"campfire_upgraded":6,"win_rate":0.0,"timestamp":1613049755,"path_taken":["R","M","?","?","M","?","T","E","R","M","R","E","M","M","M","BOSS","R","M","M","M","$","?","T","?","R","M","R","E","M","?","M","BOSS","R","M","M","$","M","E","T","E","?","M","M","R","?","$","M","BOSS","E","$","R","BOSS","BOSS"],"items_purchased_type":["Relic","Relic","Relic"],"build_version":"2020-12-22","purchased_purges":0,"victory":true,"max_hp_per_floor":[70,70,70,70,70,70,70,70,70,70,70,70,70,70,70,70,70,70,70,70,70,70,70,70,70,70,70,70,70,70,70,70,80,80,80,80,80,80,80,80,80,80,80,80,80,90,90,90,90,90,90,90,90,90,90,90],"card_choices":[{"not_picked":["hexamod:EtherealExpedition","hexamod:NightmareGuise"],"picked":"hexamod:HauntingEcho","floor":2},{"not_picked":["hexamod:ExtraCrispy","hexamod:NecessarySacrifice"],"picked":"hexamod:GhostShield","floor":5},{"not_picked":["hexamod:BurningTouch","hexamod:GhostflameBarrier"],"picked":"hexamod:Hexaguard","floor":8},{"not_picked":["hexamod:FirstSeal","hexamod:NightmareStrike"],"picked":"hexamod:GhostOfSpirePast","floor":10},{"not_picked":["hexamod:HeatCrush","hexamod:Firestarter"],"picked":"hexamod:TimeOfNeed","floor":12},{"not_picked":["hexamod:HeatMetal","hexamod:SuperheatedStrike"],"picked":"hexamod:FastForward","floor":13},{"not_picked":["hexamod:ShieldOfDarkness","hexamod:InspiringFlames","hexamod:BurningTouch"],"picked":"SKIP","floor":14},{"not_picked":["hexamod:HeatCrush","hexamod:BurningTouch"],"picked":"hexamod:GhostLash","floor":15},{"not_picked":["hexamod:VolcanoVisage","hexamod:GhostOfSpirePresent"],"picked":"hexamod:FifthSeal","floor":16},{"not_picked":["hexamod:FourthSeal","hexamod:SecondSeal"],"picked":"hexamod:SixthSeal","floor":19},{"not_picked":["hexamod:FastForward","hexamod:SkipABeat"],"picked":"hexamod:SwordOfDarkness+1","floor":19},{"not_picked":["hexamod:ThermalTransfer","hexamod:FastForward","hexamod:BurningTouch"],"picked":"SKIP","floor":20},{"not_picked":["hexamod:ThirdSeal","hexamod:SecondSeal"],"picked":"hexamod:FirstSeal","floor":21},{"not_picked":["hexamod:SoulSteal+1","hexamod:NightmareStrike"],"picked":"hexamod:GhostflameBarrier","floor":21},{"not_picked":["hexamod:FirstSeal","hexamod:SecondSeal"],"picked":"hexamod:ThirdSeal","floor":22},{"not_picked":["hexamod:ThermalTransfer","hexamod:HeatCrush"],"picked":"hexamod:ApocalypseNow","floor":22},{"not_picked":["hexamod:RainOfEmbers","hexamod:SuperheatedStrike"],"picked":"hexamod:RecurringNightmare","floor":25},{"not_picked":["hexamod:SixthSeal","hexamod:FirstSeal"],"picked":"hexamod:SecondSeal","floor":25},{"not_picked":["hexamod:Haunt","hexamod:FlamesFromBeyond"],"picked":"hexamod:StepThrough","floor":25},{"not_picked":["hexamod:SuperheatedStrike","hexamod:NightmareStrike"],"picked":"hexamod:RainOfEmbers","floor":27},{"not_picked":["hexamod:FirstSeal","hexamod:SixthSeal"],"picked":"hexamod:FourthSeal","floor":27},{"not_picked":["hexamod:FourthSeal","hexamod:PhantomCloak"],"picked":"hexamod:FirstSeal","floor":27},{"not_picked":["hexamod:SpectersWail","hexamod:FirstSeal"],"picked":"hexamod:BacktrackSmack+1","floor":29},{"not_picked":["hexamod:HeatCrush","hexamod:TurnItUp","hexamod:GhostflameBarrier"],"picked":"SKIP","floor":29},{"not_picked":["hexamod:ThirdSeal","hexamod:SecondSeal"],"picked":"hexamod:SixthSeal","floor":30},{"not_picked":["hexamod:HeatMetal","hexamod:GhostShield"],"picked":"hexamod:SpectersWail+1","floor":30},{"not_picked":["hexamod:FlamesFromBeyond","hexamod:Firestarter+1"],"picked":"hexamod:GhostLash+1","floor":30},{"not_picked":["hexamod:NightmareGuise","hexamod:Firestarter+1"],"picked":"hexamod:SwordOfDarkness","floor":32},{"not_picked":["hexamod:Toasty","hexamod:RainOfEmbers"],"picked":"hexamod:NightmareGuise+1","floor":32},{"not_picked":["hexamod:GhostflameInferno","hexamod:FlameSwitch"],"picked":"hexamod:HexaLevel","floor":33},{"not_picked":["hexamod:NightmareStrike","hexamod:HeatMetal+1"],"picked":"hexamod:HauntingEcho+1","floor":36},{"not_picked":["hexamod:SoulSteal","hexamod:SuperheatedStrike+1"],"picked":"hexamod:Hexaguard+1","floor":37},{"not_picked":["hexamod:NecessarySacrifice+1","hexamod:RecurringNightmare+1"],"picked":"hexamod:AdvancingGuard","floor":38},{"not_picked":["hexamod:SwordOfDarkness","hexamod:Haunt"],"picked":"hexamod:ShieldOfDarkness+1","floor":39},{"not_picked":["hexamod:SpectralSpark+1","hexamod:FlamesFromBeyond+1"],"picked":"hexamod:Hexaguard+1","floor":40},{"not_picked":["hexamod:ThermalTransfer","hexamod:SpectralSpark+1","hexamod:BurningTouch+1"],"picked":"SKIP","floor":42},{"not_picked":["expansioncontent:LastStand","expansioncontent:PolyBeam"],"picked":"expansioncontent:AwakenDeath","floor":43},{"not_picked":["hexamod:NecessarySacrifice+1","hexamod:GhostOfSpirePast","hexamod:ThermalTransfer"],"picked":"SKIP","floor":44},{"not_picked":["hexamod:RecurringNightmare+1","hexamod:ThermalTransfer","hexamod:Haunt+1"],"picked":"SKIP","floor":45},{"not_picked":["hexamod:SwordOfDarkness+1","hexamod:PhantomFireball+1"],"picked":"hexamod:TimeOfNeed+1","floor":48},{"not_picked":["hexamod:Haunt+1","hexamod:CatchUp+1"],"picked":"hexamod:RetreatToShadows+1","floor":49},{"not_picked":["hexamod:ShieldOfDarkness+1","hexamod:FlamesFromBeyond+1"],"picked":"hexamod:Hexaguard+1","floor":52}],"player_experience":758534,"relics_obtained":[{"floor":7,"key":"Vajra"},{"floor":8,"key":"Blood Vial"},{"floor":12,"key":"Omamori"},{"floor":24,"key":"Torii"},{"floor":29,"key":"Akabeko"},{"floor":40,"key":"Toxic Egg 2"},{"floor":42,"key":"Boot"},{"floor":52,"key":"hexamod:CandleOfCauterizing"}],"event_choices":[{"cards_removed":["hexamod:Strike"],"damage_healed":0,"gold_gain":0,"player_choice":"Card Removal","damage_taken":0,"max_hp_gain":0,"max_hp_loss":0,"event_name":"The Cleric","floor":4,"gold_loss":0},{"damage_healed":0,"gold_gain":0,"player_choice":"Forge","damage_taken":0,"max_hp_gain":0,"max_hp_loss":0,"event_name":"Accursed Blacksmith","floor":23,"gold_loss":0,"cards_upgraded":["hexamod:Hexaguard"]}],"is_beta":false,"boss_relics":[{"not_picked":["Runic Dome","Pandora\u0027s Box"],"picked":"Cursed Key"},{"not_picked":["Runic Pyramid","Tiny House"],"picked":"Coffee Dripper"}],"items_purged_floors":[],"is_endless":false,"potions_floor_spawned":[12,13,14,19,27,29,33,37,39,44,49,52],"ascension_level":3}}