{"host":"kzpuingyul43kz0j","time":1613083972,"event":{"mods":["2.2 Compatiblity","BaseMod","Bestiary","Better Skull","BetterRewards","Colored Map","Colored Powertips","Curses Come First","Displayed Cursed Tome","Downfall","Gold Saver","Highlight Path","Keyboard Shortcuts","Minty Spire (QoL Compilation)","Relic Stats","Remove Card Discount Mod","StSLib","SuperFastMode","Uncapped"],"gold_per_floor":[930,953,965,991,1013,377,403,420,420,436,436,27,85,102,112,207,207,207,220,220,237,237,237,264,264,290,290,301,4,4,17,36,139,139,139,149,165,165,181,201,254,254,272,284,297,297,297,332,232,232],"floor_reached":51,"language":"ENG","playtime":3331,"items_purged":["Slimebound:Strike_Slimebound","Slimebound:Strike_Slimebound","Slimebound:Split","Slimebound:Defend_Slimebound","Slimebound:Defend_Slimebound"],"score":693,"play_id":"22a99699-42a6-4fad-83cb-69123657abb1","local_time":"20210211235252","is_ascension_mode":false,"campfire_choices":[{"data":"Slimebound:CorrosiveSpit","floor":1,"key":"SMITH"},{"data":"Slimebound:MegaLick","floor":9,"key":"SMITH"},{"data":"Slimebound:Nibble","floor":11,"key":"SMITH"},{"data":"Slimebound:Equalize","floor":18,"key":"SMITH"},{"data":"Slimebound:SamplingLick","floor":23,"key":"SMITH"},{"data":"Slimebound:SplitMire","floor":25,"key":"SMITH"},{"data":"Slimebound:Recollect","floor":27,"key":"SMITH"},{"data":"Slimebound:Nibble","floor":30,"key":"SMITH"},{"data":"Slimebound:RollThrough","floor":35,"key":"SMITH"},{"data":"Slimebound:SplitSpecialist","floor":42,"key":"SMITH"},{"data":"Slimebound:MegaLick","floor":47,"key":"SMITH"},{"data":"Slimebound:LeechingTouch","floor":49,"key":"SMITH"}],"circlet_count":0,"master_deck":["Slimebound:Strike_Slimebound","Slimebound:Tackle","Slimebound:Defend_Slimebound","Slimebound:Defend_Slimebound","Slimebound:CorrosiveSpit+1","Slimebound:FinishingTackle","Slimebound:MegaLick+1","Slimebound:SamplingLick+1","Slimebound:SamplingLick+1","Slimebound:LevelUp+1","Slimebound:LeechingTouch+1","Slimebound:Nibble+1","Slimebound:Equalize+1","Slimebound:SpikyOuterGoop+1","Slimebound:SplitMire+1","Slimebound:GoopSpray+1","Slimebound:Recollect+1","Slimebound:LevelUp+1","Slimebound:Recycling+1","Slimebound:SplitMire+1","Necronomicurse","Slimebound:LeechEnergy+1","Slimebound:SplitLeeching+1","Slimebound:SplitSpecialist+1","Slimebound:ComboTackle+1","expansioncontent:AwakenDeath+1","Slimebound:Nibble+1","Slimebound:MegaLick+1","Slimebound:RollThrough+1","Slimebound:MinionMaster+1","Slimebound:RollThrough+1","Slimebound:SplitAcid+1","Slimebound:LeadByExample+1","Slimebound:SlimeSpikes+1","Slimebound:HauntingLick+1","expansioncontent:InvincibleStrength+1","expansioncontent:LastStand+1","Slimebound:GoopSpray+1"],"relics":["Slimebound:AbsorbEndCombat","MawBank","Frozen Egg 2","OrangePellets","Art of War","Nunchaku","Slimebound:StickyStick","Pen Nib","WingedGreaves","Philosopher\u0027s Stone","Necronomicon","War Paint","Oddly Smooth Stone","Bag of Preparation","Coffee Dripper","Juzu Bracelet","Toxic Egg 2","downfall:HeartBlessingGreen"],"acts_visited":["Exordium","TheCity","TheBeyond"],"potions_floor_usage":[6,6,13,26,31,43,43,50],"damage_taken":[{"damage":1,"enemies":"2 Louse","floor":2,"turns":3},{"damage":4,"enemies":"Cultist","floor":4,"turns":3},{"damage":6,"enemies":"Jaw Worm","floor":5,"turns":4},{"damage":14,"enemies":"downfall:FleeingMerchant","floor":6,"turns":4},{"damage":21,"enemies":"Large Slime","floor":8,"turns":7},{"damage":3,"enemies":"2 Fungi Beasts","floor":10,"turns":4},{"damage":10,"enemies":"downfall:FleeingMerchant","floor":12,"turns":4},{"damage":0,"enemies":"3 Sentries","floor":13,"turns":6},{"damage":3,"enemies":"Red Slaver","floor":14,"turns":3},{"damage":0,"enemies":"Exordium Wildlife","floor":15,"turns":2},{"damage":18,"enemies":"SI_SHIV_ARCHETYPE","floor":16,"turns":6},{"damage":6,"enemies":"Spheric Guardian","floor":19,"turns":3},{"damage":13,"enemies":"Snake Plant","floor":21,"turns":4},{"damage":28,"enemies":"Book of Stabbing","floor":26,"turns":3},{"damage":6,"enemies":"Shelled Parasite and Fungi","floor":28,"turns":5},{"damage":2,"enemies":"downfall:FleeingMerchant","floor":29,"turns":4},{"damage":0,"enemies":"Sentry and Sphere","floor":31,"turns":4},{"damage":0,"enemies":"Snecko","floor":32,"turns":2},{"damage":29,"enemies":"IC_MUSHROOM_ARCHETYPE","floor":33,"turns":5},{"damage":11,"enemies":"3 Darklings","floor":36,"turns":3},{"damage":19,"enemies":"3 Shapes","floor":37,"turns":3},{"damage":0,"enemies":"Sphere and 2 Shapes","floor":39,"turns":3},{"damage":0,"enemies":"Maw","floor":40,"turns":4},{"damage":19,"enemies":"Transient","floor":43,"turns":5},{"damage":0,"enemies":"3 Darklings","floor":44,"turns":3},{"damage":0,"enemies":"Spire Growth","floor":45,"turns":3},{"damage":10,"enemies":"Giant Head","floor":48,"turns":5},{"damage":82,"enemies":"WA_ARCHETYPE_DIVINITY","floor":50,"turns":6}],"seed_played":"1562473587302105030","potions_obtained":[{"floor":2,"key":"BlessingOfTheForge"},{"floor":3,"key":"SteroidPotion"},{"floor":3,"key":"bronze:BurnAndBuffPotion"},{"floor":10,"key":"Block Potion"},{"floor":13,"key":"champ:CounterPotion"},{"floor":14,"key":"Block Potion"},{"floor":19,"key":"FairyPotion"},{"floor":21,"key":"DistilledChaos"},{"floor":33,"key":"LiquidMemories"},{"floor":37,"key":"hexamod:SoulburnPotion"},{"floor":39,"key":"sneckomod:MuddlingPotion"},{"floor":44,"key":"DistilledChaos"}],"is_trial":false,"path_per_floor":["R","M","?","M","M","$","T","M","R","M","R","$","?","M","M","B",null,"R","M","?","M","?","R","T","R","E","R","M","$","R","M","M","B",null,"R","M","M","?","M","M","T","R","M","M","M","?","R","E","R","B",null],"character_chosen":"SLIMEBOUND","items_purchased":["Frozen Egg 2","Slimebound:LevelUp+1","OrangePellets","Art of War","Slimebound:SpikyOuterGoop+1","Slimebound:SplitMire","Slimebound:StickyStick","Pen Nib","Bag of Preparation","expansioncontent:AwakenDeath","Slimebound:Nibble"],"campfire_rested":0,"item_purchase_floors":[6,6,6,6,12,12,12,12,29,29,29],"current_hp_per_floor":[65,65,65,65,61,53,53,38,38,41,41,39,55,56,60,58,65,65,65,49,55,44,44,44,44,42,42,50,70,70,70,70,61,70,70,67,67,67,70,70,70,70,70,70,70,60,60,70,70,27],"gold":232,"neow_bonus":"RANDOM_COMMON_RELIC","is_daily":false,"chose_seed":false,"campfire_upgraded":12,"win_rate":0.0,"timestamp":1613083972,"path_taken":["R","M","?","M","?","$","T","?","R","M","R","?","?","M","M","BOSS","R","M","?","M","?","R","T","R","E","R","M","?","R","M","M","BOSS","R","M","M","?","M","M","T","R","M","M","M","?","R","E","R","BOSS"],"items_purchased_type":["Relic","Card","Relic","Relic","Card","Card","Relic","Relic","Relic","Card","Card"],"build_version":"2020-12-22","purchased_purges":5,"victory":true,"max_hp_per_floor":[65,65,65,65,65,65,65,65,65,65,65,65,65,65,65,65,65,65,65,65,65,70,70,70,70,70,70,70,70,70,70,70,70,70,70,70,70,70,70,70,70,70,70,70,70,70,70,70,70,70],"relic_stats":{"OrangePellets":[12],"Nunchaku":[20],"counters":[28,108],"Pen Nib":[19],"Art of War":[15],"Necronomicon":[13],"Bag of Preparation":[24],"Juzu Bracelet":0,"War Paint":["Slimebound:GoopSpray","Slimebound:SamplingLick"],"MawBank":72,"obtain_stats":[{"Oddly Smooth Stone":26,"downfall:HeartBlessingGreen":49,"Pen Nib":12,"Bag of Preparation":29,"Juzu Bracelet":41,"Frozen Egg 2":6,"War Paint":24,"MawBank":0,"OrangePellets":6,"Nunchaku":7,"Slimebound:StickyStick":12,"Philosopher\u0027s Stone":17,"WingedGreaves":13,"Slimebound:AbsorbEndCombat":0,"Art of War":6,"Necronomicon":20,"Coffee Dripper":34,"Toxic Egg 2":48},{"Oddly Smooth Stone":14,"downfall:HeartBlessingGreen":27,"Pen Nib":7,"Bag of Preparation":16,"Juzu Bracelet":23,"Frozen Egg 2":4,"War Paint":13,"MawBank":0,"OrangePellets":4,"Nunchaku":4,"Slimebound:StickyStick":7,"Philosopher\u0027s Stone":11,"WingedGreaves":7,"Slimebound:AbsorbEndCombat":0,"Art of War":4,"Necronomicon":12,"Coffee Dripper":19,"Toxic Egg 2":27},{"Oddly Smooth Stone":55,"downfall:HeartBlessingGreen":102,"Pen Nib":28,"Bag of Preparation":63,"Juzu Bracelet":86,"Frozen Egg 2":14,"War Paint":52,"MawBank":0,"OrangePellets":14,"Nunchaku":14,"Slimebound:StickyStick":28,"Philosopher\u0027s Stone":45,"WingedGreaves":28,"Slimebound:AbsorbEndCombat":0,"Art of War":14,"Necronomicon":48,"Coffee Dripper":73,"Toxic Egg 2":102}]},"card_choices":[{"not_picked":["Slimebound:DivideAndConquer","Slimebound:GoopTackle"],"picked":"Slimebound:FinishingTackle","floor":2},{"not_picked":["Slimebound:Prepare","Slimebound:SplitSpecialist"],"picked":"Slimebound:MegaLick","floor":4},{"not_picked":["Slimebound:SplitLeeching","Slimebound:SlimeSpikes"],"picked":"Slimebound:SamplingLick","floor":5},{"not_picked":["Slimebound:ForwardTackle","Slimebound:DisruptingSlam"],"picked":"Slimebound:SamplingLick","floor":6},{"not_picked":["Slimebound:SlimeTap","Slimebound:GoopSpray"],"picked":"Slimebound:LeechingTouch","floor":8},{"not_picked":["Slimebound:WasteNot","Slimebound:LeechingTouch"],"picked":"Slimebound:Nibble","floor":10},{"not_picked":["Slimebound:Schlurp","Slimebound:Replication"],"picked":"Slimebound:Equalize","floor":12},{"not_picked":["Slimebound:RollThrough","Slimebound:LivingWall"],"picked":"Slimebound:GoopSpray","floor":13},{"not_picked":["Slimebound:PressTheAttack","Slimebound:ComboTackle"],"picked":"Slimebound:Recollect","floor":14},{"not_picked":["Slimebound:Dissolve","Slimebound:SplitAcid"],"picked":"Slimebound:LevelUp+1","floor":15},{"not_picked":["Slimebound:PrepareCrush","Slimebound:RallyTheTroops"],"picked":"Slimebound:Recycling+1","floor":16},{"not_picked":["Slimebound:SlimeBarrage","Slimebound:Prepare"],"picked":"Slimebound:SplitMire+1","floor":19},{"not_picked":["Slimebound:Schlurp+1","Slimebound:ComboTackle"],"picked":"Slimebound:LeechEnergy+1","floor":21},{"not_picked":["Slimebound:SpikyOuterGoop+1","Slimebound:GoopTackle"],"picked":"Slimebound:SplitLeeching+1","floor":26},{"not_picked":["Slimebound:SplitMire","Slimebound:Prepare+1"],"picked":"Slimebound:SplitSpecialist","floor":28},{"not_picked":["Slimebound:SlimeTap","Slimebound:FlameTackle+1"],"picked":"Slimebound:ComboTackle+1","floor":29},{"not_picked":["Slimebound:RejuvenatingLick","Slimebound:TongueLash"],"picked":"Slimebound:MegaLick","floor":31},{"not_picked":["Slimebound:ComboTackle","Slimebound:HungryTackle"],"picked":"Slimebound:RollThrough","floor":32},{"not_picked":["Slimebound:RallyTheTroops","Slimebound:OozeBath"],"picked":"Slimebound:MinionMaster+1","floor":33},{"not_picked":["Slimebound:DivideAndConquer+1","Slimebound:LeadByExample+1"],"picked":"Slimebound:RollThrough+1","floor":36},{"not_picked":["Slimebound:TongueLash","Slimebound:ForwardTackle+1"],"picked":"Slimebound:SplitAcid+1","floor":37},{"not_picked":["Slimebound:SplitLeeching+1","Slimebound:FormOfPuddle"],"picked":"Slimebound:LeadByExample+1","floor":39},{"not_picked":["Slimebound:LeechingTouch","Slimebound:OozeBath"],"picked":"Slimebound:SlimeSpikes+1","floor":40},{"not_picked":["Slimebound:FinishingTackle+1","Slimebound:FormOfPuddle","Slimebound:LivingWall"],"picked":"SKIP","floor":43},{"not_picked":["Slimebound:SplitAcid+1","Slimebound:Gluttony+1"],"picked":"Slimebound:HauntingLick+1","floor":44},{"not_picked":["Slimebound:SplitMire+1","Slimebound:FormOfPuddle","Slimebound:LeadByExample+1"],"picked":"SKIP","floor":45},{"not_picked":["expansioncontent:GuardianWhirl","expansioncontent:Hexaburn"],"picked":"expansioncontent:InvincibleStrength","floor":46},{"not_picked":["expansioncontent:YouAreMine","expansioncontent:Chronoboost"],"picked":"expansioncontent:LastStand","floor":46},{"not_picked":["Slimebound:FinishingTackle","Slimebound:GoopTackle+1"],"picked":"Slimebound:GoopSpray+1","floor":48}],"player_experience":112096,"relics_obtained":[{"floor":7,"key":"Nunchaku"},{"floor":20,"key":"Necronomicon"},{"floor":24,"key":"War Paint"},{"floor":26,"key":"Oddly Smooth Stone"},{"floor":41,"key":"Juzu Bracelet"},{"floor":48,"key":"Toxic Egg 2"}],"event_choices":[{"damage_healed":0,"gold_gain":0,"player_choice":"Got Potions","damage_taken":0,"max_hp_gain":0,"max_hp_loss":0,"event_name":"Lab","floor":3,"gold_loss":0}],"is_beta":false,"boss_relics":[{"not_picked":["Busted Crown","Fusion Hammer"],"picked":"Philosopher\u0027s Stone"},{"not_picked":["Velvet Choker","Astrolabe"],"picked":"Coffee Dripper"}],"items_purged_floors":[6,12,29,29,29],"is_endless":false,"potions_floor_spawned":[2,10,13,14,19,21,33,37,39,44],"ascension_level":0}}