{"host":"8ztb9kwpjc2zof9s","time":1613020775,"event":{"mods":["BaseMod","Block Reminder","Curses Come First","Minty Spire (QoL Compilation)","Relic Stats","StSLib"],"gold_per_floor":[211,311,65,75,89,120,120,149,201,215,231,231,251,285,285,381,381,396,85,101,101,114,114,127,137,137,170,170,14,47,47,47,150,150,165,181,199,199,199],"floor_reached":38,"language":"ENG","playtime":5040,"items_purged":["Strike_G","Strike_G"],"score":708,"play_id":"b610e152-25dd-4f28-940d-d9671d60225e","local_time":"20210210211935","is_ascension_mode":true,"campfire_choices":[{"floor":7.0,"key":"REST"},{"floor":12.0,"key":"REST"},{"floor":15.0,"key":"REST"},{"data":"Noxious Fumes","floor":23.0,"key":"SMITH"},{"data":"Noxious Fumes","floor":28.0,"key":"SMITH"},{"data":"Leg Sweep","floor":32.0,"key":"SMITH"}],"circlet_count":0,"master_deck":["Strike_G","Strike_G","Strike_G","Defend_G","Defend_G","Defend_G","Defend_G","Defend_G","Survivor","Neutralize","Dodge and Roll","Noxious Fumes+1","Backflip","Bane","Leg Sweep+1","Deadly Poison","PiercingWail","Unload","Leg Sweep+1","Noxious Fumes+1","PiercingWail","Dash+1","Caltrops","Noxious Fumes+1"],"relics":["Ring of the Serpent","Membership Card","HornCleat","Oddly Smooth Stone","Akabeko","Anchor","Cursed Key","Tough Bandages","Happy Flower","Pen Nib","Snake Skull","Calipers"],"acts_visited":["TheBeyond"],"potions_floor_usage":[33,33,38,38,38],"damage_taken":[{"damage":0.0,"enemies":"2 Louse","floor":1.0,"turns":3.0},{"damage":4.0,"enemies":"Cultist","floor":4.0,"turns":6.0},{"damage":0.0,"enemies":"Small Slimes","floor":5.0,"turns":3.0},{"damage":39.0,"enemies":"Gremlin Nob","floor":6.0,"turns":5.0},{"damage":22.0,"enemies":"Lagavulin","floor":8.0,"turns":9.0},{"damage":0.0,"enemies":"3 Louse","floor":10.0,"turns":1.0},{"damage":8.0,"enemies":"Lots of Slimes","floor":11.0,"turns":5.0},{"damage":3.0,"enemies":"Blue Slaver","floor":13.0,"turns":3.0},{"damage":16.0,"enemies":"Gremlin Nob","floor":14.0,"turns":6.0},{"damage":18.0,"enemies":"Hexaghost","floor":16.0,"turns":12.0},{"damage":8.0,"enemies":"3 Byrds","floor":18.0,"turns":7.0},{"damage":0.0,"enemies":"2 Thieves","floor":20.0,"turns":5.0},{"damage":17.0,"enemies":"Sentry and Sphere","floor":22.0,"turns":5.0},{"damage":7.0,"enemies":"Centurion and Healer","floor":24.0,"turns":7.0},{"damage":1.0,"enemies":"Snake Plant","floor":25.0,"turns":6.0},{"damage":1.0,"enemies":"Slavers","floor":27.0,"turns":7.0},{"damage":1.0,"enemies":"Book of Stabbing","floor":30.0,"turns":7.0},{"damage":0,"enemies":"Collector","floor":33,"turns":9},{"damage":0,"enemies":"3 Darklings","floor":35,"turns":5},{"damage":0,"enemies":"3 Shapes","floor":36,"turns":5},{"damage":5,"enemies":"Jaw Worm Horde","floor":37,"turns":5},{"damage":76,"enemies":"2 Orb Walkers","floor":38,"turns":6}],"seed_played":"-4656176988916467703","potions_obtained":[{"floor":4.0,"key":"Explosive Potion"},{"floor":8.0,"key":"GamblersBrew"},{"floor":13.0,"key":"SteroidPotion"},{"floor":14.0,"key":"FearPotion"},{"floor":20.0,"key":"SkillPotion"},{"floor":22.0,"key":"Dexterity Potion"},{"floor":30.0,"key":"Swift Potion"},{"floor":33,"key":"Fruit Juice"},{"floor":37,"key":"Fruit Juice"}],"is_trial":false,"path_per_floor":["M","?","$","M","M","E","R","E","T","M","M","R","M","E","R","B",null,"M","$","M","?","M","R","M","M","T","E","R","$","E","?","R","B",null,"M","M","M","?"],"character_chosen":"THE_SILENT","items_purchased":["Membership Card","Noxious Fumes","Backflip","Noxious Fumes","Tough Bandages","Happy Flower","Calipers"],"campfire_rested":3,"item_purchase_floors":[3,3,3,19,19,19,29],"current_hp_per_floor":[63,63,63,59,59,20,41,19,19,19,11,32,29,13,34,16,57,49,49,49,49,32,32,25,24,24,23,23,23,22,70,70,70,70,70,70,65,0,0],"gold":199,"neow_bonus":"HUNDRED_GOLD","is_daily":false,"chose_seed":false,"campfire_upgraded":3,"win_rate":0.0,"timestamp":1613020775,"path_taken":["M","?","$","M","?","E","R","E","T","M","M","R","M","E","R","BOSS","M","$","M","?","M","R","M","M","T","E","R","$","E","?","R","BOSS","M","?","M","?"],"items_purchased_type":["Relic","Card","Card","Card","Relic","Relic","Relic"],"build_version":"2020-12-22","purchased_purges":2,"victory":false,"max_hp_per_floor":[70,70,70,70,70,70,70,70,70,70,70,70,70,70,70,70,70,70,70,70,70,70,70,70,70,70,70,70,70,70,70,70,70,70,70,70,70,80,80],"relic_stats":{"Tough Bandages":[51],"Happy Flower":[15],"counters":[7,44],"Pen Nib":[4],"Snake Skull":[65],"Cursed Key":0,"obtain_stats":[{"Calipers":29,"Happy Flower":0,"Oddly Smooth Stone":0,"Pen Nib":0,"Snake Skull":27,"Cursed Key":0,"Akabeko":0,"Anchor":0,"Tough Bandages":0,"HornCleat":0,"Membership Card":0,"Ring of the Serpent":34,"Ring of the Snake":0},{"Calipers":1,"Happy Flower":0,"Oddly Smooth Stone":0,"Pen Nib":0,"Snake Skull":1,"Cursed Key":0,"Akabeko":0,"Anchor":0,"Tough Bandages":0,"HornCleat":0,"Membership Card":0,"Ring of the Serpent":3,"Ring of the Snake":0},{"Calipers":7,"Happy Flower":0,"Oddly Smooth Stone":0,"Pen Nib":0,"Snake Skull":7,"Cursed Key":0,"Akabeko":0,"Anchor":0,"Tough Bandages":0,"HornCleat":0,"Membership Card":0,"Ring of the Serpent":23,"Ring of the Snake":0}]},"card_choices":[{"not_picked":["Outmaneuver","Expertise"],"picked":"Dodge and Roll","floor":1.0},{"not_picked":["Reflex","Outmaneuver"],"picked":"Bane","floor":4.0},{"not_picked":["Outmaneuver","Escape Plan","Dodge and Roll"],"picked":"SKIP","floor":5.0},{"not_picked":["Predator","Sucker Punch","Envenom"],"picked":"SKIP","floor":6.0},{"not_picked":["Heel Hook","Backflip"],"picked":"Leg Sweep","floor":8.0},{"not_picked":["Quick Slash","Bane"],"picked":"Deadly Poison","floor":10.0},{"not_picked":["Sucker Punch","Dagger Spray"],"picked":"PiercingWail","floor":11.0},{"not_picked":["Dagger Spray","Acrobatics","Outmaneuver"],"picked":"SKIP","floor":13.0},{"not_picked":["Escape Plan","Dodge and Roll","Blade Dance"],"picked":"SKIP","floor":14.0},{"not_picked":["Envenom","Venomology"],"picked":"Unload","floor":16.0},{"not_picked":["Prepared","Backflip"],"picked":"Leg Sweep+1","floor":18.0},{"not_picked":["Cloak And Dagger","Finisher","Sucker Punch"],"picked":"SKIP","floor":20.0},{"not_picked":["Cloak And Dagger","Accuracy","Infinite Blades"],"picked":"SKIP","floor":22.0},{"not_picked":["Tactician+1","Dodge and Roll","Expertise"],"picked":"SKIP","floor":24.0},{"not_picked":["Blade Dance","Choke","Dagger Throw"],"picked":"SKIP","floor":25.0},{"not_picked":["Eviscerate","Finisher+1","Concentrate"],"picked":"SKIP","floor":27.0},{"not_picked":["Flechettes","Cloak And Dagger"],"picked":"PiercingWail","floor":30.0},{"not_picked":["Predator+1","Slice"],"picked":"Dash+1","floor":35},{"not_picked":["Blade Dance+1","Slice+1"],"picked":"Caltrops","floor":36},{"not_picked":["Poisoned Stab+1","PiercingWail+1"],"picked":"Noxious Fumes+1","floor":37}],"player_experience":276320,"relics_obtained":[{"floor":6.0,"key":"HornCleat"},{"floor":8.0,"key":"Oddly Smooth Stone"},{"floor":9.0,"key":"Akabeko"},{"floor":14.0,"key":"Anchor"},{"floor":27.0,"key":"Snake Skull"}],"event_choices":[{"damage_healed":0.0,"max_hp_gain":0.0,"max_hp_loss":0.0,"gold_gain":100.0,"event_name":"Golden Shrine","player_choice":"Pray","floor":2.0,"gold_loss":0.0,"damage_taken":0.0},{"damage_healed":0.0,"max_hp_gain":0.0,"max_hp_loss":0.0,"gold_gain":0.0,"event_name":"The Mausoleum","player_choice":"Opened","floor":21.0,"gold_loss":0.0,"damage_taken":0.0,"relics_obtained":["Pen Nib"]},{"damage_healed":48.0,"max_hp_gain":0.0,"max_hp_loss":0.0,"gold_gain":0.0,"event_name":"Wheel of Change","player_choice":"Full Heal","floor":31.0,"gold_loss":0.0,"damage_taken":0.0},{"damage_healed":0,"gold_gain":0,"player_choice":"Fight","damage_taken":0,"max_hp_gain":0,"max_hp_loss":0,"event_name":"Mysterious Sphere","floor":38,"gold_loss":0}],"is_beta":false,"boss_relics":[{"not_picked":["Calling Bell","Runic Pyramid"],"picked":"Cursed Key"},{"not_picked":["Velvet Choker","HoveringKite"],"picked":"Ring of the Serpent"}],"items_purged_floors":[3,19],"is_endless":false,"potions_floor_spawned":[4,8,13,14,20,22,30,33,37],"killed_by":"2 Orb Walkers","ascension_level":9}}