{"host":"a92fqxohjrzqy5rn","time":1613081786,"event":{"mods":["AchievementEnabler","BaseMod","Minty Spire (QoL Compilation)","Relic Sorter","Smile Girya"],"gold_per_floor":[111,111,121,54,66,95,107,119,157,182,213,236,265,293,305,420,432,460,484,513,541,572,584,628,666,678,690,1102,667,692,692,692,797,797,817,817,867,246,246,246,246,246,246,258,258,272,319,333,333,333,333,333,38,63,63],"floor_reached":56,"language":"ENG","playtime":2342,"items_purged":["Strike_R","Dark Embrace"],"score":1224,"play_id":"e5c5bd3c-9b52-41c3-ae20-b3565aa0624f","local_time":"20210211221626","is_ascension_mode":false,"campfire_choices":[{"floor":7.0,"key":"REST"},{"data":"Offering","floor":15.0,"key":"SMITH"},{"data":"Limit Break","floor":23,"key":"SMITH"},{"data":"Demon Form","floor":32,"key":"SMITH"},{"floor":40,"key":"RECALL"},{"data":"Limit Break","floor":42,"key":"SMITH"},{"data":"Exhume","floor":45,"key":"SMITH"},{"floor":49,"key":"REST"},{"data":"Double Tap","floor":52,"key":"SMITH"}],"circlet_count":0,"master_deck":["Bash","Offering+1","Twin Strike","Body Slam","Shockwave","Armaments","Immolate","Reaper","Spot Weakness","Uppercut","Limit Break+1","Evolve","Headbutt+1","Whirlwind","Body Slam+1","Infernal Blade","Feed","Uppercut+1","Demon Form+1","Exhume+1","Carnage","Double Tap+1","Clash","Rupture","Shockwave","Limit Break+1","Cleave","Secret Weapon","Parasite"],"relics":["Burning Blood","Ancient Tea Set","Philosopher\u0027s Stone","Red Mask","Art of War","Bottled Lightning","Old Coin","Singing Bowl","Pen Nib","Strange Spoon","Orichalcum","Nloth\u0027s Gift","Pandora\u0027s Box","Du-Vu Doll","Paper Frog","Kunai","Akabeko","TungstenRod","White Beast Statue"],"acts_visited":["TheCity","TheBeyond","TheEnding"],"potions_floor_usage":[22,25,25,25,25,25,28,30,33,44,50,55],"damage_taken":[{"damage":13.0,"enemies":"Small Slimes","floor":1.0,"turns":3.0},{"damage":12.0,"enemies":"Cultist","floor":3.0,"turns":3.0},{"damage":6.0,"enemies":"2 Louse","floor":5.0,"turns":2.0},{"damage":21.0,"enemies":"Gremlin Nob","floor":6.0,"turns":4.0},{"damage":0.0,"enemies":"3 Sentries","floor":8.0,"turns":1.0},{"damage":13.0,"enemies":"Large Slime","floor":10.0,"turns":4.0},{"damage":7.0,"enemies":"Blue Slaver","floor":11.0,"turns":2.0},{"damage":15.0,"enemies":"Exordium Thugs","floor":12.0,"turns":3.0},{"damage":15.0,"enemies":"Large Slime","floor":13.0,"turns":5.0},{"damage":16.0,"enemies":"2 Fungi Beasts","floor":14.0,"turns":3.0},{"damage":31.0,"enemies":"Slime Boss","floor":16.0,"turns":7.0},{"damage":10,"enemies":"Shell Parasite","floor":18,"turns":3},{"damage":14,"enemies":"Chosen","floor":19,"turns":4},{"damage":21,"enemies":"Snake Plant","floor":20,"turns":3},{"damage":30,"enemies":"Centurion and Healer","floor":21,"turns":4},{"damage":18,"enemies":"Snecko","floor":22,"turns":3},{"damage":0,"enemies":"Masked Bandits","floor":24,"turns":2},{"damage":13,"enemies":"Slavers","floor":25,"turns":4},{"damage":6,"enemies":"Colosseum Slavers","floor":28,"turns":1},{"damage":17,"enemies":"Colosseum Nobs","floor":28,"turns":3},{"damage":37,"enemies":"Book of Stabbing","floor":30,"turns":4},{"damage":57,"enemies":"Automaton","floor":33,"turns":6},{"damage":32,"enemies":"3 Darklings","floor":35,"turns":3},{"damage":31,"enemies":"Mind Bloom Boss Battle","floor":37,"turns":5},{"damage":6,"enemies":"Orb Walker","floor":44,"turns":1},{"damage":12,"enemies":"Writhing Mass","floor":46,"turns":3},{"damage":21,"enemies":"Maw","floor":48,"turns":5},{"damage":69,"enemies":"Time Eater","floor":50,"turns":6},{"damage":47,"enemies":"Shield and Spear","floor":54,"turns":3},{"damage":47,"enemies":"The Heart","floor":55,"turns":5}],"seed_played":"4322430709559602476","potions_obtained":[{"floor":3.0,"key":"SmokeBomb"},{"floor":6.0,"key":"ColorlessPotion"},{"floor":10.0,"key":"BloodPotion"},{"floor":14.0,"key":"SpeedPotion"},{"floor":16.0,"key":"EntropicBrew"},{"floor":18,"key":"LiquidBronze"},{"floor":22,"key":"Ancient Potion"},{"floor":25,"key":"Fire Potion"},{"floor":28,"key":"Dexterity Potion"},{"floor":33,"key":"Fire Potion"},{"floor":35,"key":"Ancient Potion"},{"floor":48,"key":"Regen Potion"}],"is_trial":false,"path_per_floor":["M","?","M","$","M","E","R","E","T","M","M","M","M","M","R","B",null,"M","M","M","M","M","R","?","E","T","?","?","$","E","?","R","B",null,"M","?","?","$","?","R","?","R","T","M","R","M","T","M","R","B",null,"R","$","E","B",null],"character_chosen":"IRONCLAD","items_purchased":["Shockwave","Demon Form","Pen Nib","Strange Spoon","Paper Frog","Kunai","TungstenRod"],"campfire_rested":2,"item_purchase_floors":[4,29,29,29,38,38,53],"current_hp_per_floor":[49,41,35,35,35,20,44,50,50,43,42,45,36,34,34,23,80,76,72,57,53,57,57,71,72,72,72,78,78,59,59,59,19,88,64,64,41,41,41,41,80,80,80,82,82,81,81,68,89,43,89,89,89,50,19],"gold":63,"neow_bonus":"THREE_RARE_CARDS","is_daily":false,"chose_seed":false,"campfire_upgraded":6,"win_rate":0.0,"timestamp":1613081786,"path_taken":["M","?","M","?","?","E","R","E","T","M","M","M","M","M","R","BOSS","M","M","M","M","M","R","?","E","T","?","?","?","E","?","R","BOSS","M","?","?","$","?","R","?","R","T","M","R","M","?","?","R","BOSS","R","$","E","BOSS"],"items_purchased_type":["Card","Card","Relic","Relic","Relic","Relic","Relic"],"build_version":"2020-12-22","purchased_purges":2,"victory":true,"max_hp_per_floor":[80,80,80,80,80,80,80,80,80,80,80,80,80,80,80,80,80,80,80,80,80,80,80,80,80,80,80,83,83,85,85,85,88,88,90,90,92,92,92,92,80,80,80,82,82,87,87,89,89,89,89,89,89,91,91],"card_choices":[{"not_picked":["Bludgeon","Exhume"],"picked":"Offering","floor":0.0},{"not_picked":["Clothesline","Flex"],"picked":"Twin Strike","floor":1.0},{"not_picked":["Heavy Blade","Havoc"],"picked":"Body Slam","floor":3.0},{"not_picked":["Rage","Clash"],"picked":"Armaments","floor":5.0},{"not_picked":["Headbutt","Flex"],"picked":"Immolate","floor":6.0},{"not_picked":["Armaments","Iron Wave","Warcry"],"picked":"SKIP","floor":10.0},{"not_picked":["Clothesline","Anger"],"picked":"Reaper","floor":11.0},{"not_picked":["Cleave","Warcry","Dark Embrace"],"picked":"SKIP","floor":12.0},{"not_picked":["Cleave","Warcry","Dark Embrace"],"picked":"SKIP","floor":12.0},{"not_picked":["Warcry","Thunderclap"],"picked":"Spot Weakness","floor":13.0},{"not_picked":["Intimidate","Reckless Charge"],"picked":"Uppercut","floor":14.0},{"not_picked":["Fiend Fire","Immolate"],"picked":"Limit Break","floor":16.0},{"not_picked":["Clash","Dual Wield"],"picked":"Evolve","floor":18},{"not_picked":["Seeing Red","Shrug It Off"],"picked":"Headbutt+1","floor":19},{"not_picked":["Havoc","Evolve","Pommel Strike+1"],"picked":"SKIP","floor":20},{"not_picked":["Evolve","Body Slam+1","Warcry"],"picked":"SKIP","floor":21},{"not_picked":["Twin Strike","Iron Wave"],"picked":"Whirlwind","floor":22},{"not_picked":["Battle Trance","Armaments"],"picked":"Body Slam+1","floor":24},{"not_picked":["Pommel Strike","Iron Wave"],"picked":"Infernal Blade","floor":25},{"not_picked":["Warcry","Searing Blow"],"picked":"Uppercut+1","floor":28},{"not_picked":["Feel No Pain","Uppercut","Armaments"],"picked":"Singing Bowl","floor":30},{"not_picked":["Brutality","Berserk"],"picked":"Exhume","floor":33},{"not_picked":["Shrug It Off+1","Warcry","Sever Soul"],"picked":"Singing Bowl","floor":35},{"not_picked":["Dramatic Entrance","Transmutation"],"picked":"Secret Weapon","floor":36},{"not_picked":["Carnage","Sentinel+1","Shockwave+1"],"picked":"Singing Bowl","floor":37},{"not_picked":["Reckless Charge","Carnage","Clash+1"],"picked":"Singing Bowl","floor":44},{"not_picked":["Iron Wave+1","Anger+1","Sword Boomerang"],"picked":"Singing Bowl","floor":46},{"not_picked":["True Grit+1","Anger","Reaper"],"picked":"Singing Bowl","floor":48},{"not_picked":["Shrug It Off+1","Anger","Combust"],"picked":"Singing Bowl","floor":54}],"player_experience":232915,"relics_obtained":[{"floor":6.0,"key":"MawBank"},{"floor":9.0,"key":"Ancient Tea Set"},{"floor":24,"key":"Red Mask"},{"floor":25,"key":"Art of War"},{"floor":26,"key":"Bottled Lightning"},{"floor":28,"key":"Old Coin"},{"floor":28,"key":"Singing Bowl"},{"floor":30,"key":"Orichalcum"},{"floor":37,"key":"Du-Vu Doll"},{"floor":47,"key":"Akabeko"},{"floor":54,"key":"White Beast Statue"}],"event_choices":[{"damage_healed":0.0,"max_hp_gain":0.0,"max_hp_loss":0.0,"gold_gain":0.0,"event_name":"Wheel of Change","player_choice":"Damaged","floor":2.0,"gold_loss":0.0,"damage_taken":8.0},{"damage_healed":0,"gold_gain":0,"player_choice":"Fought Bandits","damage_taken":0,"max_hp_gain":0,"max_hp_loss":0,"event_name":"Masked Bandits","floor":24,"gold_loss":0},{"damage_healed":0,"gold_gain":0,"player_choice":"Read","damage_taken":0,"max_hp_gain":0,"max_hp_loss":0,"event_name":"The Library","floor":27,"gold_loss":0,"cards_obtained":["Feed"]},{"damage_healed":0,"gold_gain":0,"player_choice":"Fight","damage_taken":0,"max_hp_gain":0,"max_hp_loss":0,"event_name":"Colosseum","floor":28,"gold_loss":0},{"damage_healed":0,"gold_gain":0,"player_choice":"Fought Nobs","damage_taken":0,"max_hp_gain":0,"max_hp_loss":0,"event_name":"Colosseum","floor":28,"gold_loss":0},{"damage_healed":0,"gold_gain":0,"player_choice":"Traded Relic","damage_taken":0,"relics_obtained":["Nloth\u0027s Gift"],"max_hp_gain":0,"max_hp_loss":0,"event_name":"N\u0027loth","floor":31,"relics_lost":["MawBank"],"gold_loss":0},{"damage_healed":0,"gold_gain":0,"player_choice":"Memory 1","damage_taken":0,"max_hp_gain":0,"max_hp_loss":0,"event_name":"SensoryStone","floor":36,"gold_loss":0},{"damage_healed":0,"gold_gain":0,"player_choice":"Fight","damage_taken":0,"max_hp_gain":0,"max_hp_loss":0,"event_name":"MindBloom","floor":37,"gold_loss":0},{"damage_healed":0,"gold_gain":0,"player_choice":"Ignored","damage_taken":0,"max_hp_gain":0,"max_hp_loss":0,"event_name":"Mysterious Sphere","floor":39,"gold_loss":0},{"damage_healed":80,"gold_gain":0,"player_choice":"Heal","damage_taken":0,"max_hp_gain":0,"max_hp_loss":12,"event_name":"The Moai Head","floor":41,"gold_loss":0}],"is_beta":false,"boss_relics":[{"not_picked":["Sozu","Mark of Pain"],"picked":"Philosopher\u0027s Stone"},{"not_picked":["Runic Pyramid","Runic Cube"],"picked":"Pandora\u0027s Box"}],"items_purged_floors":[29,38],"is_endless":false,"potions_floor_spawned":[3,6,10,14,16,18,21,22,25,28,33,35,48],"ascension_level":0}}