{"host":"soyfmymeou4emntr","time":1613014204,"event":{"mods":["BaseMod","Minty Spire (QoL Compilation)","Permanent Neow","Relic Sorter","Relic Stats","StSLib"],"gold_per_floor":[113,129,149,149,165,165,191,191,191,22,52,63,63,93,93,167,167,187,187,0,20,20,20],"floor_reached":22,"language":"ENG","playtime":1359,"items_purged":[],"score":408,"play_id":"184cd182-7544-4d52-a604-5d3b59acb95e","local_time":"20210210203004","is_ascension_mode":true,"campfire_choices":[{"data":"Sweeping Beam","floor":6.0,"key":"SMITH"},{"floor":8.0,"key":"REST"},{"floor":13.0,"key":"REST"},{"floor":15.0,"key":"REST"}],"circlet_count":0,"master_deck":["AscendersBane","Strike_B","Strike_B","Strike_B","Defend_B","Defend_B","Defend_B","Defend_B","Zap","Dualcast","Self Repair","Capacitor","Compile Driver+1","Sweeping Beam+1","Ball Lightning","Consume","Conserve Battery","A Thousand Cuts","Juggernaut","Electrodynamics","Steam"],"relics":["Cracked Core","Lizard Tail","Vajra","InkBottle","PrismaticShard","Sundial","Ancient Tea Set","Coffee Dripper","Membership Card"],"acts_visited":["Exordium","TheCity"],"potions_floor_usage":[18,22],"damage_taken":[{"damage":4.0,"enemies":"Small Slimes","floor":1.0,"turns":3.0},{"damage":1.0,"enemies":"Cultist","floor":2.0,"turns":3.0},{"damage":9.0,"enemies":"Jaw Worm","floor":3.0,"turns":4.0},{"damage":25.0,"enemies":"Large Slime","floor":5.0,"turns":8.0},{"damage":42.0,"enemies":"Lagavulin","floor":7.0,"turns":8.0},{"damage":30.0,"enemies":"3 Sentries","floor":11.0,"turns":6.0},{"damage":20.0,"enemies":"Exordium Thugs","floor":12.0,"turns":4.0},{"damage":32.0,"enemies":"Gremlin Nob","floor":14.0,"turns":4.0},{"damage":22.0,"enemies":"The Guardian","floor":16.0,"turns":9.0},{"damage":37,"enemies":"Shell Parasite","floor":18,"turns":5},{"damage":22,"enemies":"2 Thieves","floor":21,"turns":2},{"damage":36,"enemies":"Shelled Parasite and Fungi","floor":22,"turns":3}],"seed_played":"4005541073937928505","potions_obtained":[{"floor":2.0,"key":"SpeedPotion"},{"floor":3.0,"key":"Energy Potion"},{"floor":12.0,"key":"PotionOfCapacity"},{"floor":14.0,"key":"Block Potion"},{"floor":21,"key":"Block Potion"}],"is_trial":false,"path_per_floor":["M","M","M","?","M","R","E","R","T","$","E","M","R","E","R","B",null,"M","?","$","M","M"],"character_chosen":"DEFECT","items_purchased":["PrismaticShard","Membership Card","Steam"],"campfire_rested":3,"item_purchase_floors":[10,20,20],"current_hp_per_floor":[60,64,62,62,44,44,9,28,28,28,39,26,45,20,39,24,54,24,24,24,9,0,0],"gold":20,"neow_bonus":"ONE_RARE_RELIC","is_daily":false,"chose_seed":false,"campfire_upgraded":1,"win_rate":0.0,"timestamp":1613014204,"path_taken":["M","M","M","?","M","R","E","R","T","?","E","M","R","E","R","BOSS","M","?","$","?","M"],"items_purchased_type":["Relic","Relic","Card"],"build_version":"2020-12-22","purchased_purges":0,"victory":false,"max_hp_per_floor":[64,64,64,64,64,64,64,64,64,64,64,64,64,64,64,64,64,64,64,64,64,64,64],"relic_stats":{"Lizard Tail":32,"counters":[12,59],"Sundial":[4],"obtain_stats":[{"Lizard Tail":0,"Sundial":11,"Vajra":7,"Coffee Dripper":17,"Membership Card":20,"Cracked Core":0,"PrismaticShard":10,"Ancient Tea Set":14,"InkBottle":9},{"Lizard Tail":0,"Sundial":6,"Vajra":5,"Coffee Dripper":9,"Membership Card":10,"Cracked Core":0,"PrismaticShard":5,"Ancient Tea Set":8,"InkBottle":5},{"Lizard Tail":0,"Sundial":32,"Vajra":26,"Coffee Dripper":49,"Membership Card":54,"Cracked Core":0,"PrismaticShard":26,"Ancient Tea Set":40,"InkBottle":26}],"InkBottle":[10]},"card_choices":[{"not_picked":["Compile Driver","Beam Cell"],"picked":"Self Repair","floor":1.0},{"not_picked":["Hologram","Barrage"],"picked":"Capacitor","floor":2.0},{"not_picked":["Self Repair","Gash"],"picked":"Compile Driver","floor":3.0},{"not_picked":["Steam","Leap"],"picked":"Sweeping Beam","floor":5.0},{"not_picked":["Undo","All For One"],"picked":"Ball Lightning","floor":7.0},{"not_picked":["Heatsinks","ThirdEye"],"picked":"Consume","floor":11.0},{"not_picked":["Backflip","Flying Knee"],"picked":"Conserve Battery","floor":12.0},{"not_picked":["Perfected Strike","Sword Boomerang"],"picked":"A Thousand Cuts","floor":14.0},{"not_picked":["SpiritShield","Bludgeon"],"picked":"Juggernaut","floor":16.0},{"not_picked":["Bouncing Flask","Heel Hook","Flex"],"picked":"SKIP","floor":18},{"not_picked":["Thunderclap","Go for the Eyes","WreathOfFlame"],"picked":"SKIP","floor":21}],"player_experience":3215927,"relics_obtained":[{"floor":7.0,"key":"Vajra"},{"floor":9.0,"key":"InkBottle"},{"floor":11.0,"key":"Sundial"},{"floor":14.0,"key":"Ancient Tea Set"}],"event_choices":[{"damage_healed":0.0,"max_hp_gain":0.0,"max_hp_loss":0.0,"gold_gain":0.0,"event_name":"Upgrade Shrine","player_choice":"Upgraded","floor":4.0,"gold_loss":0.0,"damage_taken":0.0,"cards_upgraded":["Compile Driver"]},{"damage_healed":0,"gold_gain":0,"cards_transformed":["Strike_B"],"player_choice":"Transformed","damage_taken":0,"max_hp_gain":0,"max_hp_loss":0,"event_name":"Transmorgrifier","floor":19,"gold_loss":0,"cards_obtained":["Electrodynamics"]}],"is_beta":false,"boss_relics":[{"not_picked":["Cursed Key","Tiny House"],"picked":"Coffee Dripper"}],"items_purged_floors":[],"is_endless":false,"potions_floor_spawned":[2,3,12,14,16,21],"killed_by":"Shelled Parasite and Fungi","ascension_level":20}}