{"host":"bp6b47iftb3mluh0","time":1613080567,"event":{"mods":["100% Spire Juice","Act Like it!","Alarm Clock","Aspiration","Astrologer","BaseMod","Bestiary","Better Third Choice","Better Vampires","Challenge The Spire","Colored Powertips","Conspire","Curses Come First","Dota2Spire","Downfall","Friendly Minions","Gensokyo","Hallownest","Hermit","Kiyohime£®«Âºß£©","Lobotomy","LobotomyExtend","Marisa£®ÏF”Í°°ƒß¿Ì…≥£©","Marked Mod","Minty Spire (QoL Compilation)","Quick Restart","Rare Cards Sparkle","Red Circlet Mod","Relic Filter Mod","Relic Stats","Remilia£®¿Ÿ√◊¿Ú—«£©","Replay The Spire","Reworked Bosses","Ryuuou¡˙Õı","Shop Mod","Spicy Shops","StSLib","The Bug Knight","The Invoker Mod","Uncapped","Waifu the Spire","Youmu£®ªÍ∆«—˝√Œ£©","°æ“≈ŒÔø®≈∆°øREMEMod","≤–¡Ù÷ÆŒÔ"],"gold_per_floor":[114,114,127,127,127,127,127,140,140,140,152,152,152,181,181,281,281,300,300,311,311,6,6,6,66,66,66,66,66,134,158,158,158,158],"floor_reached":33,"language":"ZHS","playtime":1502,"items_purged":[],"score":357,"play_id":"03c5cf01-76c6-464c-a84a-eeaa3d5af873","local_time":"20210212055607","daily_mods":["Heirloom","Time Dilation","Flight"],"is_ascension_mode":false,"campfire_choices":[{"data":"Die Die Die","floor":6,"key":"SMITH"},{"data":"Bash","floor":6,"key":"SMITH"},{"data":"Run Through","floor":12,"key":"SMITH"},{"data":"Riddle With Holes","floor":12,"key":"SMITH"},{"data":"Poison Darts","floor":13,"key":"SMITH"},{"data":"Clash","floor":13,"key":"SMITH"},{"data":"Defend_R","floor":15,"key":"PURGE"},{"data":"HandOfGreed","floor":23,"key":"SMITH"},{"data":"Die Die Die","floor":23,"key":"SMITH"},{"data":"Poison Darts","floor":24,"key":"SMITH"},{"data":"Unload","floor":24,"key":"SMITH"},{"data":"Reaper","floor":28,"key":"SMITH"},{"data":"Strike_R","floor":28,"key":"SMITH"}],"circlet_count":0,"master_deck":["Strike_R+1","Defend_R","Bash+1","MatsuyoiReflectingSatelliteSlash","Run Through+1","Die Die Die+1","Riddle With Holes+1","Poison Darts+1","Clash+1","Reaper+1","Die Die Die+1","Poison Darts+1","Unload+1","Flex+1","HandOfGreed+1","Flex+1","Gensokyo:SlitMouthedWoman"],"relics":["Burning Blood","REME_ComplimentaryCards","Replay:Arrowhead","LetterFromLob","Hallownest:DreamNailRelic","Dota2Spire:BlackKingBar","Dota2Spire:EchoSabre","sneckomod:SneckoTalon","MerchantsRug","Nunchaku","MealTicket","Snack Pack","Regal Pillow"],"acts_visited":["Hallownest:Greenpath","Gensokyo:Gensokyoer"],"potions_floor_usage":[],"damage_taken":[{"damage":4,"enemies":"2_ Uuma","floor":1,"turns":8},{"damage":1,"enemies":"Hallownest:monsterHuskWarrior","floor":3,"turns":3},{"damage":10,"enemies":"Hallownest:monsterHuskGuard","floor":8,"turns":4},{"damage":8,"enemies":"Hallownest:1_Baldur_1_Crawlid_1_Warrior","floor":11,"turns":3},{"damage":3,"enemies":"Hallownest:eliteMossKnight","floor":14,"turns":4},{"damage":50,"enemies":"Hallownest:BossFalseKnight","floor":16,"turns":6},{"damage":4,"enemies":"Gensokyo:AngelMirror","floor":18,"turns":2},{"damage":0,"enemies":"Gensokyo:Chomper","floor":20,"turns":2},{"damage":21,"enemies":"Gensokyo:Koishi","floor":25,"turns":4},{"damage":53,"enemies":"Gensokyo:Kaguya","floor":33,"turns":4}],"seed_played":"8248861968817486885","potions_obtained":[{"floor":3,"key":"Dexterity Potion"},{"floor":8,"key":"Doom Potion"},{"floor":14,"key":"Regen Potion"},{"floor":16,"key":"Flashbang"},{"floor":20,"key":"Explosive Potion"}],"is_trial":true,"path_per_floor":["M","?","M","?","?","R","$","M","T","$","?","R","R","E","R","B",null,"M","?","M","?","$","R","R","E","T","$","R","?","T","T","R","B"],"character_chosen":"IRONCLAD","items_purchased":["MerchantsRug","HandOfGreed"],"campfire_rested":0,"item_purchase_floors":[22,22],"current_hp_per_floor":[80,80,80,80,80,80,80,76,76,76,74,74,74,77,77,33,80,80,80,80,80,80,80,80,80,80,80,80,72,72,72,72,23,23],"gold":158,"neow_bonus":"","is_daily":false,"chose_seed":false,"campfire_upgraded":12,"win_rate":0.0,"timestamp":1613080567,"path_taken":["M","?","?","?","?","R","$","?","T","?","?","R","R","E","R","BOSS","M","?","?","?","$","R","R","E","T","?","R","?","?","?","R","BOSS"],"items_purchased_type":["Relic","Card"],"build_version":"2020-12-22","purchased_purges":0,"victory":false,"max_hp_per_floor":[80,80,80,80,80,80,80,80,80,80,80,80,80,80,80,80,80,80,80,80,80,80,80,80,80,80,80,80,72,72,72,72,72,72],"relic_stats":{"Nunchaku":[0],"Regal Pillow":0,"counters":[10,40],"MealTicket":0,"obtain_stats":[{"Dota2Spire:EchoSabre":14,"MerchantsRug":22,"Regal Pillow":31,"Dota2Spire:BlackKingBar":9,"Hallownest:DreamNailRelic":5,"sneckomod:SneckoTalon":17,"Burning Blood":0,"Replay:Arrowhead":0,"Frozen Eye":25,"Nunchaku":25,"MealTicket":26,"LetterFromLob":1,"Snack Pack":30,"REME_ComplimentaryCards":0},{"Dota2Spire:EchoSabre":5,"MerchantsRug":8,"Regal Pillow":9,"Dota2Spire:BlackKingBar":3,"Hallownest:DreamNailRelic":2,"sneckomod:SneckoTalon":6,"Burning Blood":0,"Replay:Arrowhead":0,"Frozen Eye":8,"Nunchaku":9,"MealTicket":9,"LetterFromLob":1,"Snack Pack":9,"REME_ComplimentaryCards":0},{"Dota2Spire:EchoSabre":22,"MerchantsRug":32,"Regal Pillow":36,"Dota2Spire:BlackKingBar":15,"Hallownest:DreamNailRelic":11,"sneckomod:SneckoTalon":28,"Burning Blood":0,"Replay:Arrowhead":0,"Frozen Eye":32,"Nunchaku":36,"MealTicket":36,"LetterFromLob":8,"Snack Pack":36,"REME_ComplimentaryCards":0}],"Burning Blood":33},"card_choices":[{"not_picked":["Feel No Pain","Anger"],"picked":"Run Through","floor":1},{"not_picked":["Clothesline","Pummel"],"picked":"Clash","floor":3},{"not_picked":["Spot Weakness","ReplayTheSpireMod:Strike From Hell","Anger"],"picked":"SKIP","floor":8},{"not_picked":["Warcry","Twin Strike","Perfected Strike"],"picked":"SKIP","floor":11},{"not_picked":["Pummel","Shrug It Off","Combust"],"picked":"SKIP","floor":14},{"not_picked":["Double Tap","REME_Fury"],"picked":"Reaper","floor":16},{"not_picked":["Iron Wave","Clothesline","Flame Barrier"],"picked":"SKIP","floor":18},{"not_picked":["Fire Breathing","Shrug It Off"],"picked":"Flex+1","floor":20},{"not_picked":["Iron Wave+1","Perfected Strike"],"picked":"Flex+1","floor":25},{"not_picked":["Gensokyo:SevenSchoolMysteries","Gensokyo:GapWoman"],"picked":"Gensokyo:SlitMouthedWoman","floor":29}],"player_experience":210441,"relics_obtained":[{"floor":1,"key":"LetterFromLob"},{"floor":9,"key":"Dota2Spire:BlackKingBar"},{"floor":14,"key":"Dota2Spire:EchoSabre"},{"floor":25,"key":"Nunchaku"},{"floor":26,"key":"MealTicket"},{"floor":30,"key":"Snack Pack"},{"floor":31,"key":"Regal Pillow"}],"event_choices":[],"is_beta":false,"boss_relics":[{"not_picked":["REME_DemonsWealth","Runic Dome"],"picked":"sneckomod:SneckoTalon"}],"items_purged_floors":[],"is_endless":true,"potions_floor_spawned":[3,8,14,16,20],"killed_by":"Gensokyo:Kaguya","ascension_level":0}}