{"host":"3qkmyeoym75lj4wn","time":1613001714,"event":{"mods":["2.2 Compatiblity","Act Like it!","BaseMod","Bestiary","Block Reminder","Colored Powertips","Highlight Path","Minty Spire (QoL Compilation)","Permanent Neow","Rare Cards Sparkle","Relic Stats","StSLib"],"gold_per_floor":[365,365,207,224,98,115,115,132,159,177,204,216,250,265,265,265,265],"floor_reached":16,"language":"ENG","playtime":515,"items_purged":["Strike_B"],"score":278,"play_id":"abbfc83e-6987-471c-981a-4f013c7338a3","local_time":"20210211000154","is_ascension_mode":true,"campfire_choices":[{"data":"Zap","floor":7.0,"key":"SMITH"},{"floor":15,"key":"REST"}],"circlet_count":0,"master_deck":["AscendersBane","Strike_B","Strike_B","Strike_B","Defend_B","Defend_B","Defend_B","Defend_B","Zap+1","Dualcast","Chaos","Glacier","Doom and Gloom","Compile Driver","Sweeping Beam","Go for the Eyes","Steam","Go for the Eyes","Glacier","Conserve Battery","Hologram","Cold Snap"],"relics":["Cracked Core","Pen Nib","Vajra","Darkstone Periapt"],"acts_visited":["Exordium"],"potions_floor_usage":[10,13],"damage_taken":[{"damage":4.0,"enemies":"Jaw Worm","floor":1.0,"turns":4.0},{"damage":0.0,"enemies":"Cultist","floor":4.0,"turns":4.0},{"damage":2.0,"enemies":"2 Louse","floor":6.0,"turns":3.0},{"damage":12.0,"enemies":"Blue Slaver","floor":8.0,"turns":3.0},{"damage":3,"enemies":"3 Louse","floor":10,"turns":2},{"damage":0,"enemies":"Lagavulin","floor":11,"turns":6},{"damage":20,"enemies":"Exordium Wildlife","floor":12,"turns":3},{"damage":16,"enemies":"3 Sentries","floor":13,"turns":3},{"damage":3,"enemies":"Exordium Thugs","floor":14,"turns":5},{"damage":29,"enemies":"Hexaghost","floor":16,"turns":11}],"seed_played":"-5110192839190878404","potions_obtained":[{"floor":1.0,"key":"BlessingOfTheForge"},{"floor":4.0,"key":"SteroidPotion"},{"floor":14,"key":"Ancient Potion"}],"is_trial":false,"path_per_floor":["M","?","$","M","$","M","R","M","T","M","E","M","E","M","R","B"],"character_chosen":"DEFECT","items_purchased":["Glacier","Doom and Gloom","Sweeping Beam"],"campfire_rested":1,"item_purchase_floors":[3,3,5],"current_hp_per_floor":[60,65,65,65,65,63,63,51,51,48,48,28,12,9,29,0,0],"gold":265,"neow_bonus":"TWO_FIFTY_GOLD","is_daily":false,"chose_seed":false,"campfire_upgraded":1,"win_rate":0.0,"timestamp":1613001714,"path_taken":["M","?","$","M","$","M","R","M","T","M","E","M","E","M","R","BOSS"],"items_purchased_type":["Card","Card","Card"],"build_version":"2020-12-22","purchased_purges":1,"victory":false,"max_hp_per_floor":[64,69,69,69,69,69,69,69,69,69,69,69,69,69,69,69,69],"relic_stats":{"Darkstone Periapt":0,"counters":[10,44],"Pen Nib":[4],"obtain_stats":[{"Darkstone Periapt":13,"Vajra":11,"Pen Nib":9,"Cracked Core":0},{"Darkstone Periapt":8,"Vajra":6,"Pen Nib":4,"Cracked Core":0},{"Darkstone Periapt":28,"Vajra":22,"Pen Nib":14,"Cracked Core":0}]},"card_choices":[{"not_picked":["Reprogram","Barrage"],"picked":"Chaos","floor":1.0},{"not_picked":["Redo","Steam"],"picked":"Compile Driver","floor":4.0},{"not_picked":["Double Energy","Rebound"],"picked":"Go for the Eyes","floor":6.0},{"not_picked":["Conserve Battery","Sweeping Beam"],"picked":"Steam","floor":8.0},{"not_picked":["Doom and Gloom","Steam"],"picked":"Go for the Eyes","floor":10},{"not_picked":["Streamline","Go for the Eyes"],"picked":"Glacier","floor":11},{"not_picked":["Consume","Compile Driver"],"picked":"Conserve Battery","floor":12},{"not_picked":["Sweeping Beam","Reinforced Body"],"picked":"Hologram","floor":13},{"not_picked":["Rebound","Gash"],"picked":"Cold Snap","floor":14}],"player_experience":1749139,"relics_obtained":[{"floor":9.0,"key":"Pen Nib"},{"floor":11,"key":"Vajra"},{"floor":13,"key":"Darkstone Periapt"}],"event_choices":[{"damage_healed":0.0,"max_hp_gain":5.0,"max_hp_loss":0.0,"gold_gain":0.0,"event_name":"Big Fish","player_choice":"Donut","floor":2.0,"gold_loss":0.0,"damage_taken":0.0}],"is_beta":false,"boss_relics":[],"items_purged_floors":[5],"is_endless":false,"potions_floor_spawned":[1,4,6,14],"killed_by":"Hexaghost","ascension_level":20}}