{"host":"ydg0vn0pu4pubmdt","time":1613030656,"event":{"mods":["AchievementEnabler","BaseMod","Colored Map","Gold Saver","Minty Spire (QoL Compilation)","Quick Restart","SuperFastMode"],"gold_per_floor":[709,709,727,740,760,760,339,339,362,406,430,140,181,202,202,292,292,311,334,271,284,209,209,244,244,267,280,280,295,295,220,220,313,313,331,0,0,0,0,0],"floor_reached":39,"language":"KOR","playtime":4076,"items_purged":["Strike_G","Defend_G","Strike_G","Strike_G"],"score":1293,"play_id":"2cce2685-a613-48c2-928b-e649c635a023","local_time":"20210211170416","is_ascension_mode":true,"campfire_choices":[{"floor":6.0,"key":"REST"},{"floor":15.0,"key":"REST"},{"floor":23.0,"key":"REST"},{"data":"Apotheosis","floor":28.0,"key":"SMITH"},{"floor":30.0,"key":"REST"},{"floor":32.0,"key":"RECALL"}],"circlet_count":0,"master_deck":["AscendersBane","Strike_G","Strike_G","Defend_G","Defend_G","Defend_G","Survivor","Neutralize","Dagger Throw","Skewer","Predator","Apotheosis+1","Blade Dance","Escape Plan","Blade Dance","Cloak And Dagger","Blade Dance+1","Burst","Backflip","Blur","Adrenaline","Adrenaline","Blade Dance","Accuracy","Escape Plan"],"relics":["Ring of the Snake","NeowsBlessing","Potion Belt","Membership Card","Regal Pillow","Golden Idol","PreservedInsect","Strawberry","Kunai","Vajra","Bottled Lightning","Black Star","Sundial","Prayer Wheel","Omamori","Calling Bell","MealTicket","Pantograph","Unceasing Top","TheAbacus","Bag of Preparation","Lantern"],"acts_visited":["Exordium","TheCity","TheBeyond"],"potions_floor_usage":[],"damage_taken":[{"damage":0.0,"enemies":"Jaw Worm","floor":1.0,"turns":1.0},{"damage":0.0,"enemies":"2 Louse","floor":3.0,"turns":1.0},{"damage":0.0,"enemies":"Small Slimes","floor":4.0,"turns":1.0},{"damage":31.0,"enemies":"Exordium Wildlife","floor":5.0,"turns":9.0},{"damage":4.0,"enemies":"Lagavulin","floor":10.0,"turns":5.0},{"damage":4.0,"enemies":"2 Fungi Beasts","floor":11.0,"turns":4.0},{"damage":11.0,"enemies":"Gremlin Nob","floor":13.0,"turns":3.0},{"damage":10.0,"enemies":"Lots of Slimes","floor":14.0,"turns":4.0},{"damage":41.0,"enemies":"The Guardian","floor":16.0,"turns":10.0},{"damage":18.0,"enemies":"Shell Parasite","floor":18.0,"turns":4.0},{"damage":6.0,"enemies":"3 Byrds","floor":19.0,"turns":6.0},{"damage":11.0,"enemies":"Snake Plant","floor":21.0,"turns":4.0},{"damage":34.0,"enemies":"Gremlin Leader","floor":24.0,"turns":7.0},{"damage":3.0,"enemies":"Cultist and Chosen","floor":27.0,"turns":7.0},{"damage":7.0,"enemies":"Snecko","floor":29.0,"turns":5.0},{"damage":0.0,"enemies":"Champ","floor":33.0,"turns":12.0},{"damage":8.0,"enemies":"3 Shapes","floor":35.0,"turns":2.0},{"damage":6.0,"enemies":"Donu and Deca","floor":38.0,"turns":11.0},{"damage":79,"enemies":"Time Eater","floor":39,"turns":8}],"seed_played":"9076395835276044144","potions_obtained":[{"floor":3.0,"key":"Weak Potion"},{"floor":5.0,"key":"Weak Potion"},{"floor":11.0,"key":"SteroidPotion"},{"floor":16.0,"key":"SteroidPotion"},{"floor":24.0,"key":"Poison Potion"},{"floor":29.0,"key":"PowerPotion"},{"floor":35.0,"key":"Fruit Juice"}],"is_trial":false,"path_per_floor":["M","?","M","M","M","R","$","?","T","E","M","$","E","M","R","B",null,"M","M","$","M","?","R","E","?","T","M","R","M","R","$","R","B",null,"M","$","?","B","B"],"character_chosen":"THE_SILENT","items_purchased":["Membership Card","Apotheosis","DistilledChaos","Regal Pillow","Kunai","Blade Dance","Vajra","TheAbacus","Bag of Preparation","Lantern","Accuracy","Escape Plan"],"campfire_rested":4,"item_purchase_floors":[7,7,7,7,12,12,12,36,36,36,36,36],"current_hp_per_floor":[59,48,48,48,17,36,36,36,36,39,35,35,24,14,49,8,52,34,28,28,17,17,52,18,31,31,28,28,21,56,56,56,56,64,56,67,67,66,0,0],"gold":0,"neow_bonus":"THREE_ENEMY_KILL","is_daily":false,"chose_seed":false,"campfire_upgraded":1,"win_rate":0.0,"timestamp":1613030656,"path_taken":["M","?","M","M","M","R","$","?","T","E","M","$","E","M","R","BOSS","M","M","$","M","?","R","E","?","T","M","R","M","R","?","R","BOSS","M","$","?","BOSS","BOSS"],"items_purchased_type":["Relic","Card","Potion","Relic","Relic","Card","Relic","Relic","Relic","Relic","Card","Card"],"build_version":"2020-12-22","purchased_purges":4,"victory":false,"max_hp_per_floor":[66,66,66,66,66,66,66,60,60,67,67,67,67,67,67,67,67,67,67,67,67,67,67,67,67,67,67,67,67,67,67,67,67,67,67,67,67,72,72,72],"card_choices":[{"not_picked":["Quick Slash","Flechettes"],"picked":"Dagger Throw","floor":1.0},{"not_picked":["Choke","PiercingWail"],"picked":"Skewer","floor":3.0},{"not_picked":["Flechettes","Dagger Throw","Flying Knee"],"picked":"SKIP","floor":4.0},{"not_picked":["Eviscerate","Backflip"],"picked":"Predator","floor":5.0},{"not_picked":["Leg Sweep","Bane","Deflect"],"picked":"SKIP","floor":10.0},{"not_picked":["Deflect","Leg Sweep","Distraction"],"picked":"SKIP","floor":11.0},{"not_picked":["Die Die Die","Flechettes"],"picked":"Escape Plan","floor":13.0},{"not_picked":["Finisher","Dodge and Roll"],"picked":"Blade Dance","floor":14.0},{"not_picked":["Prepared","Underhanded Strike"],"picked":"Cloak And Dagger","floor":18.0},{"not_picked":["Backstab","Quick Slash"],"picked":"Blade Dance+1","floor":19.0},{"not_picked":["Flying Knee","Sucker Punch","Quick Slash"],"picked":"SKIP","floor":21.0},{"not_picked":["PiercingWail","Quick Slash"],"picked":"Burst","floor":24.0},{"not_picked":["Heel Hook","Infinite Blades"],"picked":"Backflip","floor":27.0},{"not_picked":["Skewer","Sucker Punch","Quick Slash"],"picked":"SKIP","floor":27.0},{"not_picked":["PiercingWail","Dagger Spray"],"picked":"Blur","floor":29.0},{"not_picked":["Dagger Throw","PiercingWail"],"picked":"Adrenaline","floor":29.0},{"not_picked":["Corpse Explosion","Night Terror"],"picked":"Adrenaline","floor":33.0},{"not_picked":["Dagger Throw","Sucker Punch"],"picked":"Blade Dance","floor":35.0},{"not_picked":["Slice","Dagger Spray","Leg Sweep"],"picked":"SKIP","floor":35.0}],"player_experience":537818,"relics_obtained":[{"floor":9.0,"key":"PreservedInsect"},{"floor":10.0,"key":"Strawberry"},{"floor":13.0,"key":"Bottled Lightning"},{"floor":24.0,"key":"Sundial"},{"floor":24.0,"key":"Prayer Wheel"},{"floor":26.0,"key":"Omamori"},{"floor":34.0,"key":"MealTicket"},{"floor":34.0,"key":"Pantograph"},{"floor":34.0,"key":"Unceasing Top"}],"event_choices":[{"damage_healed":0.0,"max_hp_gain":0.0,"max_hp_loss":0.0,"gold_gain":0.0,"event_name":"Scrap Ooze","player_choice":"Success","floor":2.0,"gold_loss":0.0,"damage_taken":11.0,"relics_obtained":["Potion Belt"]},{"damage_healed":0.0,"max_hp_gain":0.0,"max_hp_loss":6.0,"gold_gain":0.0,"event_name":"Golden Idol","player_choice":"Lose Max HP","floor":8.0,"gold_loss":0.0,"damage_taken":0.0,"relics_obtained":["Golden Idol"]},{"cards_removed":["Defend_G"],"damage_healed":0.0,"max_hp_gain":0.0,"max_hp_loss":0.0,"gold_gain":0.0,"event_name":"Beggar","player_choice":"Gave Gold","floor":22.0,"gold_loss":75.0,"damage_taken":0.0},{"damage_healed":13.0,"max_hp_gain":0.0,"max_hp_loss":0.0,"gold_gain":0.0,"event_name":"The Library","player_choice":"Heal","floor":25.0,"gold_loss":0.0,"damage_taken":0.0},{"damage_healed":0.0,"max_hp_gain":0.0,"max_hp_loss":0.0,"gold_gain":0.0,"event_name":"SecretPortal","player_choice":"Took Portal","floor":37.0,"gold_loss":0.0,"damage_taken":0.0}],"is_beta":false,"boss_relics":[{"not_picked":["HoveringKite","Runic Dome"],"picked":"Black Star"},{"not_picked":["Empty Cage","SlaversCollar"],"picked":"Calling Bell"}],"items_purged_floors":[7,12,20,31],"is_endless":false,"potions_floor_spawned":[3,5,11,16,19,24,29,35],"killed_by":"Time Eater","ascension_level":20}}