{"host":"vhw5fdvi8l2afono","time":1613040474,"event":{"mods":["ATMod(∞¢Ë™Mod)","Act Like it!","BaseMod","Energized Spire","Gensokyo","Minty Spire (QoL Compilation)","Reimu£®≤©¿ˆ¡È√Œ£©","Shop Mod","StSLib","Waifu the Spire"],"gold_per_floor":[116,72,72,24,40,73,73,73,73,406,406,632,648,687,687,765,765,785,798,552,565,615,615,629,629,629,648,648,30,58,108,108,186,186,199,213,88,101,115,115,147,147,170,189,223,223,258,258,258,258],"floor_reached":51,"language":"ZHS","playtime":2918,"items_purged":["Strike_R","Strike_R","Strike_R"],"score":1685,"play_id":"d2073d04-0258-485c-ad4e-fbd6daceb2f0","local_time":"20210211184754","is_ascension_mode":true,"campfire_choices":[{"data":"AT_FamilyPortrait","floor":7.0,"key":"SMITH"},{"data":"Burning Pact","floor":15.0,"key":"SMITH"},{"floor":23.0,"key":"REST"},{"floor":25.0,"key":"REST"},{"data":"Offering","floor":28.0,"key":"SMITH"},{"data":"Body Slam","floor":32.0,"key":"SMITH"},{"data":"Battle Trance","floor":40,"key":"SMITH"},{"data":"AT_BodySlamDance","floor":46,"key":"SMITH"},{"data":"Shockwave","floor":49,"key":"SMITH"}],"circlet_count":0,"master_deck":["AscendersBane","Strike_R","Defend_R","Defend_R","Defend_R","Defend_R","Bash","AT_FamilyPortrait+1","AT_DrawKnifeCut","Burning Pact+1","Power Through","Exhume","Clumsy","Body Slam+1","Battle Trance+1","Second Wind","Offering+1","Sentinel","Evolve+1","Power Through","Power Through","Body Slam+1","AT_CaressingTears+1","Feel No Pain","Barricade","Corruption","Entrench","AT_ShrugMaster+1","Armaments+1","AT_BodySlamDance+1","Uppercut","Shockwave+1"],"relics":["Burning Blood","AT_ATBox","NeowsBlessing","Prayer Wheel","CrazyTorch:ReiMu","RuthlessExorcism:ReiMu","Gensokyo:NagashiBinaDoll","Gremlin Horn","energizedSpire:OgreHead","AT_EbonyIvory","Toy Ornithopter","AT_BellowingDragoncrestRing","Toolbox","Red Mask","Snecko Eye","MealTicket","AT_SpeedBoots","AT_SunfireAegis","Dream Catcher","Pantograph"],"acts_visited":["Gensokyo:Gensokyo","TheCity","TheBeyond"],"potions_floor_usage":[38,41],"damage_taken":[{"damage":0.0,"enemies":"Gensokyo:2_Kodama","floor":1.0,"turns":1.0},{"damage":8.0,"enemies":"Gensokyo:Gryphon","floor":5.0,"turns":2.0},{"damage":4.0,"enemies":"Gensokyo:Cirno","floor":6.0,"turns":2.0},{"damage":50.0,"enemies":"Gensokyo:Aya","floor":10.0,"turns":9.0},{"damage":0.0,"enemies":"Gensokyo:Cirno","floor":12.0,"turns":4.0},{"damage":0.0,"enemies":"Gensokyo:3_Fairies","floor":13.0,"turns":2.0},{"damage":0.0,"enemies":"Gensokyo:LivingMonolith","floor":14.0,"turns":2.0},{"damage":2.0,"enemies":"Gensokyo:Reimu","floor":16.0,"turns":7.0},{"damage":26.0,"enemies":"Spheric Guardian","floor":18.0,"turns":5.0},{"damage":27.0,"enemies":"3 Byrds","floor":19.0,"turns":5.0},{"damage":30.0,"enemies":"Snake Plant","floor":21.0,"turns":6.0},{"damage":23.0,"enemies":"Shelled Parasite and Fungi","floor":24.0,"turns":5.0},{"damage":20.0,"enemies":"Chosen and Byrds","floor":27.0,"turns":4.0},{"damage":0.0,"enemies":"Masked Bandits","floor":30.0,"turns":2.0},{"damage":37.0,"enemies":"Automaton","floor":33.0,"turns":13.0},{"damage":23.0,"enemies":"3 Shapes","floor":35.0,"turns":6.0},{"damage":0.0,"enemies":"3 Darklings","floor":36.0,"turns":5.0},{"damage":4,"enemies":"4 Shapes","floor":38,"turns":6},{"damage":6,"enemies":"Writhing Mass","floor":39,"turns":2},{"damage":22,"enemies":"Nemesis","floor":41,"turns":7},{"damage":3,"enemies":"Sphere and 2 Shapes","floor":44,"turns":3},{"damage":6,"enemies":"Giant Head","floor":45,"turns":5},{"damage":0,"enemies":"Nemesis","floor":47,"turns":3},{"damage":6,"enemies":"Donu and Deca","floor":50,"turns":3}],"seed_played":"-7283221067779338283","potions_obtained":[{"floor":1.0,"key":"Fire Potion"},{"floor":5.0,"key":"Block Potion"},{"floor":10.0,"key":"Ancient Potion"},{"floor":16.0,"key":"SkillPotion"},{"floor":24.0,"key":"BlessingOfTheForge"},{"floor":27.0,"key":"ColorlessPotion"},{"floor":36,"key":"LiquidMemories"}],"is_trial":false,"path_per_floor":["M","$","?","COS","M","E","R","$","T","E","?","E","M","M","R","B",null,"M","M","$","M","?","R","M","R","T","M","R","$","?","?","R","B",null,"M","M","$","M","M","R","E","?","T","M","E","R","E","T","R","B",null],"character_chosen":"IRONCLAD","items_purchased":["Burning Pact","AT_EbonyIvory","AT_BellowingDragoncrestRing","Feel No Pain","Toolbox"],"campfire_rested":2,"item_purchase_floors":[2,20,29,29,29],"current_hp_per_floor":[74,74,74,74,72,74,74,74,74,30,30,36,42,48,48,52,69,52,31,31,7,7,30,13,36,36,22,22,22,36,36,36,27,65,60,78,78,78,78,78,78,78,78,78,78,78,78,78,78,78],"gold":258,"neow_bonus":"THREE_ENEMY_KILL","is_daily":false,"chose_seed":false,"campfire_upgraded":7,"win_rate":0.0,"timestamp":1613040474,"path_taken":["M","?","?","COS","M","E","R","$","T","E","?","E","?","?","R","BOSS","M","M","$","M","?","R","M","R","T","M","R","$","?","?","R","BOSS","M","M","$","M","?","R","E","?","T","?","E","R","E","?","R","BOSS"],"items_purchased_type":["Card","Relic","Relic","Card","Relic"],"build_version":"2020-12-22","purchased_purges":3,"victory":true,"max_hp_per_floor":[75,75,75,75,75,75,75,75,75,75,75,75,75,75,75,75,75,78,78,78,78,78,78,78,78,78,78,78,78,78,78,78,78,78,78,78,78,78,78,78,78,78,78,78,78,78,78,78,78,78],"card_choices":[{"not_picked":["Hemokinesis","Headbutt"],"picked":"AT_DrawKnifeCut","floor":1.0},{"not_picked":["Evolve","Perfected Strike"],"picked":"Power Through","floor":5.0},{"not_picked":["Havoc","Cleave"],"picked":"Exhume","floor":6.0},{"not_picked":["Wild Strike","Limit Break","Metallicize"],"picked":"SKIP","floor":10.0},{"not_picked":["Heavy Blade","Thunderclap"],"picked":"Body Slam","floor":12.0},{"not_picked":["Thunderclap","Hemokinesis"],"picked":"Battle Trance","floor":13.0},{"not_picked":["Infernal Blade","Shrug It Off"],"picked":"Second Wind","floor":13.0},{"not_picked":["Combust","Body Slam","Infernal Blade"],"picked":"SKIP","floor":14.0},{"not_picked":["Clash","Evolve","Perfected Strike"],"picked":"SKIP","floor":14.0},{"not_picked":["Reaper","Immolate"],"picked":"Offering","floor":16.0},{"not_picked":["AT_IchimonjiDouble","Disarm"],"picked":"Sentinel","floor":18.0},{"not_picked":["AT_IchimonjiDouble","Headbutt","Thunderclap+1"],"picked":"SKIP","floor":18.0},{"not_picked":["Shrug It Off","AT_IchimonjiDouble"],"picked":"Evolve+1","floor":19.0},{"not_picked":["Twin Strike","Pommel Strike"],"picked":"Power Through","floor":19.0},{"not_picked":["Havoc","Headbutt"],"picked":"Power Through","floor":21.0},{"not_picked":["Perfected Strike","Blood for Blood","Brutality"],"picked":"SKIP","floor":21.0},{"not_picked":["Flex","True Grit"],"picked":"Body Slam+1","floor":24.0},{"not_picked":["Evolve","Inflame","Bloodletting"],"picked":"SKIP","floor":24.0},{"not_picked":["AT_BodySlamDance","Body Slam"],"picked":"AT_CaressingTears+1","floor":27.0},{"not_picked":["Rupture","Thunderclap","Metallicize"],"picked":"SKIP","floor":27.0},{"not_picked":["Demon Form","Offering"],"picked":"Barricade","floor":33.0},{"not_picked":["Whirlwind+1","Rampage","Body Slam"],"picked":"SKIP","floor":35.0},{"not_picked":["Wild Strike+1","Rupture","Warcry"],"picked":"SKIP","floor":35.0},{"not_picked":["Shrug It Off","Rupture"],"picked":"Corruption","floor":36},{"not_picked":["Pommel Strike","Iron Wave"],"picked":"Entrench","floor":36},{"not_picked":["Clash","Armaments+1"],"picked":"AT_ShrugMaster+1","floor":38},{"not_picked":["Intimidate+1","Warcry","Anger"],"picked":"SKIP","floor":38},{"not_picked":["Iron Wave","Seeing Red"],"picked":"Armaments+1","floor":39},{"not_picked":["Iron Wave","Combust+1","Headbutt+1"],"picked":"SKIP","floor":39},{"not_picked":["Clothesline","Sever Soul+1"],"picked":"AT_BodySlamDance","floor":41},{"not_picked":["Wild Strike","Heavy Blade","Second Wind+1"],"picked":"SKIP","floor":44},{"not_picked":["Headbutt","Intimidate","Clothesline"],"picked":"SKIP","floor":44},{"not_picked":["Havoc","Brutality"],"picked":"Shockwave","floor":45},{"not_picked":["Pommel Strike","Feel No Pain","AT_CaressingTears"],"picked":"SKIP","floor":47}],"player_experience":279863,"relics_obtained":[{"floor":6.0,"key":"Prayer Wheel"},{"floor":9.0,"key":"CrazyTorch:ReiMu"},{"floor":10.0,"key":"RuthlessExorcism:ReiMu"},{"floor":12.0,"key":"Gremlin Horn"},{"floor":26.0,"key":"Toy Ornithopter"},{"floor":30.0,"key":"Red Mask"},{"floor":41,"key":"MealTicket"},{"floor":43,"key":"AT_SpeedBoots"},{"floor":45,"key":"AT_SunfireAegis"},{"floor":47,"key":"Dream Catcher"},{"floor":48,"key":"Pantograph"}],"event_choices":[{"damage_healed":0.0,"max_hp_gain":0.0,"max_hp_loss":0.0,"gold_gain":50.0,"event_name":"Nest","player_choice":"Stole From Cult","floor":22.0,"gold_loss":0.0,"damage_taken":0.0},{"damage_healed":0.0,"max_hp_gain":0.0,"max_hp_loss":0.0,"gold_gain":0.0,"event_name":"Masked Bandits","player_choice":"Fought Bandits","floor":30.0,"gold_loss":0.0,"damage_taken":0.0},{"damage_healed":0.0,"max_hp_gain":0.0,"max_hp_loss":0.0,"gold_gain":50.0,"event_name":"Golden Shrine","player_choice":"Pray","floor":31.0,"gold_loss":0.0,"damage_taken":0.0},{"damage_healed":0,"gold_gain":0,"cards_transformed":["Strike_R"],"player_choice":"Transformed","damage_taken":0,"max_hp_gain":0,"max_hp_loss":0,"event_name":"Transmorgrifier","floor":42,"gold_loss":0,"cards_obtained":["Uppercut"]}],"is_beta":false,"boss_relics":[{"not_picked":["Ectoplasm","Black Star"],"picked":"energizedSpire:OgreHead"},{"not_picked":["SacredBark","energizedSpire:DecayingSkull"],"picked":"Snecko Eye"}],"items_purged_floors":[20,29,37],"is_endless":false,"potions_floor_spawned":[1,5,10,16,24,27,36,38,44,47],"ascension_level":19}}