{"host":"z9rwthyxsf7d04ix","time":1613036504,"event":{"mods":["AchievementEnabler","BaseMod","Colored Map","Colored Powertips","Minty Spire (QoL Compilation)","Quick Restart"],"gold_per_floor":[115,115,130,145,159,187,203,234,259,273,291,58,58,233,233,338,338,348,358,358,373,314,348,348,348,348],"floor_reached":25,"language":"ENG","playtime":2208,"items_purged":["Strike_R"],"score":352,"play_id":"916c6188-26cc-4a5c-ab8c-3e307e43ea4e","local_time":"20210211114144","is_ascension_mode":true,"campfire_choices":[{"floor":13,"key":"REST"},{"floor":15,"key":"REST"},{"floor":24,"key":"REST"}],"circlet_count":0,"master_deck":["Bash","Iron Wave","Feel No Pain","Rage","Metallicize","Iron Wave","Second Wind","Corruption","Doubt","Berserk","Immolate","Body Slam","Brutality","Feel No Pain","Battle Trance","Cleave","Infernal Blade","Sword Boomerang","Pummel","Iron Wave","Armaments","Shockwave"],"relics":["Burning Blood","WingedGreaves","Shuriken","Toy Ornithopter","Pandora\u0027s Box","Strawberry","Nunchaku"],"acts_visited":["Exordium","TheCity"],"potions_floor_usage":[6,8,16,23],"damage_taken":[{"damage":3.0,"enemies":"Jaw Worm","floor":1.0,"turns":5.0},{"damage":5.0,"enemies":"Cultist","floor":3.0,"turns":4.0},{"damage":0,"enemies":"Small Slimes","floor":4,"turns":3},{"damage":18,"enemies":"Red Slaver","floor":5,"turns":8},{"damage":32,"enemies":"Gremlin Nob","floor":6,"turns":6},{"damage":2,"enemies":"Blue Slaver","floor":7,"turns":6},{"damage":34,"enemies":"Lagavulin","floor":8,"turns":13},{"damage":5,"enemies":"Lots of Slimes","floor":10,"turns":7},{"damage":0,"enemies":"3 Louse","floor":11,"turns":5},{"damage":18,"enemies":"The Guardian","floor":16,"turns":14},{"damage":26,"enemies":"3 Byrds","floor":18,"turns":5},{"damage":21,"enemies":"Shell Parasite","floor":19,"turns":7},{"damage":12,"enemies":"Snecko","floor":21,"turns":7},{"damage":22,"enemies":"Slavers","floor":23,"turns":3},{"damage":72,"enemies":"Gremlin Leader","floor":25,"turns":4}],"seed_played":"8073477612955475889","potions_obtained":[{"floor":3,"key":"LiquidMemories"},{"floor":4,"key":"LiquidMemories"},{"floor":8,"key":"AttackPotion"},{"floor":16,"key":"BloodPotion"},{"floor":18,"key":"AttackPotion"}],"is_trial":true,"path_per_floor":["M","?","M","M","M","E","M","E","T","M","M","$","R","?","R","B",null,"M","M","?","M","?","E","R","E"],"character_chosen":"IRONCLAD","items_purchased":["Corruption"],"campfire_rested":3,"item_purchase_floors":[12],"current_hp_per_floor":[80,80,80,80,68,42,46,18,18,19,25,25,49,49,73,66,80,60,45,45,39,46,35,61,0,0],"gold":348,"neow_bonus":"","is_daily":false,"chose_seed":false,"campfire_upgraded":0,"win_rate":0.0,"timestamp":1613036504,"path_taken":["M","?","M","M","M","E","?","E","T","M","?","$","R","?","R","BOSS","M","M","?","?","?","E","R","E"],"items_purchased_type":["Card"],"build_version":"2020-12-22","purchased_purges":1,"victory":false,"max_hp_per_floor":[80,80,80,80,80,80,80,80,80,80,80,80,80,80,80,80,80,80,80,80,80,87,87,87,87,87],"card_choices":[{"not_picked":["Thunderclap","Headbutt","Sever Soul"],"picked":"SKIP","floor":1.0},{"not_picked":["Headbutt","Havoc"],"picked":"Iron Wave","floor":3},{"not_picked":["Carnage","Evolve"],"picked":"Feel No Pain","floor":4},{"not_picked":["Havoc","Wild Strike"],"picked":"Rage","floor":5},{"not_picked":["Rupture","Second Wind"],"picked":"Metallicize","floor":6},{"not_picked":["Warcry","Twin Strike"],"picked":"Iron Wave","floor":7},{"not_picked":["Headbutt","Body Slam","Rupture"],"picked":"SKIP","floor":8},{"not_picked":["Sentinel","Perfected Strike","Power Through"],"picked":"SKIP","floor":10},{"not_picked":["Pommel Strike","Fire Breathing"],"picked":"Second Wind","floor":11},{"not_picked":["Impervious","Bludgeon"],"picked":"Berserk","floor":16},{"not_picked":["Pommel Strike","Wild Strike","Thunderclap+1"],"picked":"SKIP","floor":18},{"not_picked":["Power Through","Anger"],"picked":"Pummel","floor":19},{"not_picked":["Clash","Corruption"],"picked":"Armaments","floor":21},{"not_picked":["Perfected Strike","Headbutt+1"],"picked":"Shockwave","floor":23}],"player_experience":745560,"relics_obtained":[{"floor":6,"key":"WingedGreaves"},{"floor":8,"key":"Shuriken"},{"floor":9,"key":"Toy Ornithopter"},{"floor":23,"key":"Nunchaku"}],"event_choices":[{"damage_healed":0.0,"max_hp_gain":0.0,"max_hp_loss":0.0,"gold_gain":0.0,"event_name":"NoteForYourself","player_choice":"Ignored","floor":2.0,"gold_loss":0.0,"damage_taken":0.0},{"damage_healed":0,"gold_gain":175,"player_choice":"AGREE","damage_taken":0,"max_hp_gain":0,"max_hp_loss":0,"event_name":"Liars Game","floor":14,"gold_loss":0,"cards_obtained":["Doubt"]},{"damage_healed":0,"gold_gain":0,"player_choice":"Copied","damage_taken":0,"max_hp_gain":0,"max_hp_loss":0,"event_name":"Duplicator","floor":20,"gold_loss":0,"cards_obtained":["Iron Wave"]},{"damage_healed":0,"gold_gain":0,"player_choice":"Paid Gold","damage_taken":0,"relics_obtained":["Strawberry"],"max_hp_gain":0,"max_hp_loss":0,"event_name":"WeMeetAgain","floor":22,"gold_loss":59}],"is_beta":false,"boss_relics":[{"not_picked":["Ectoplasm","Busted Crown"],"picked":"Pandora\u0027s Box"}],"items_purged_floors":[12],"is_endless":true,"potions_floor_spawned":[3,4,8,16,18],"killed_by":"Gremlin Leader","ascension_level":1}}