{"host":"April","time":1613034643,"event":{"mods":["BaseMod","Minty Spire (QoL Compilation)"],"gold_per_floor":[217,229,229,242,266,300,321,352,352,352,388,5,41,80,80,199,199,222,321,360,379,399,443,467,467,494,507,507,530,564,579,579,698,698,698,698],"floor_reached":35,"language":"ENG","playtime":3275,"items_purged":[],"score":516,"play_id":"09e24ca2-5b03-43c4-8dae-9efbe6e66a14","local_time":"20210211011043","is_ascension_mode":true,"campfire_choices":[{"data":"Anger","floor":15.0,"key":"SMITH"},{"data":"Limit Break","floor":32.0,"key":"SMITH"}],"circlet_count":0,"master_deck":["Strike_R+1","Strike_R+1","Strike_R+1","Strike_R+1","Strike_R+1","Defend_R+1","Defend_R+1","Defend_R+1","Defend_R+1","Bash+1","Anger+1","Feel No Pain","Injury","Wild Strike+1","Bludgeon","Double Tap","Pommel Strike","Warcry","Cleave","Flame Barrier","Limit Break+1","Power Through","Demon Form","Pommel Strike+1","Dual Wield","Sword Boomerang+1","Metallicize","Shrug It Off+1","Perfected Strike+1","Berserk","CurseOfTheBell"],"relics":["Burning Blood","Golden Idol","FossilizedHelix","The Courier","Ornamental Fan","WingedGreaves","Oddly Smooth Stone","Sundial","Molten Egg 2","War Paint","Busted Crown","Red Mask","Art of War","MealTicket","Whetstone","Calling Bell","Happy Flower","Self Forming Clay","Ice Cream"],"acts_visited":["Exordium","TheCity","TheBeyond"],"potions_floor_usage":[],"damage_taken":[{"damage":8.0,"enemies":"2 Louse","floor":1.0,"turns":3.0},{"damage":6.0,"enemies":"Jaw Worm","floor":2.0,"turns":2.0},{"damage":6.0,"enemies":"Cultist","floor":4.0,"turns":3.0},{"damage":8.0,"enemies":"2 Fungi Beasts","floor":5.0,"turns":4.0},{"damage":26.0,"enemies":"Lagavulin","floor":6.0,"turns":6.0},{"damage":0.0,"enemies":"Looter","floor":7.0,"turns":2.0},{"damage":0.0,"enemies":"Gremlin Nob","floor":8.0,"turns":3.0},{"damage":10.0,"enemies":"3 Sentries","floor":11.0,"turns":7.0},{"damage":0.0,"enemies":"Gremlin Nob","floor":13.0,"turns":4.0},{"damage":12.0,"enemies":"3 Sentries","floor":14.0,"turns":7.0},{"damage":51.0,"enemies":"Hexaghost","floor":16.0,"turns":13.0},{"damage":7.0,"enemies":"Shell Parasite","floor":18.0,"turns":5.0},{"damage":27.0,"enemies":"Masked Bandits","floor":20.0,"turns":5.0},{"damage":4.0,"enemies":"Spheric Guardian","floor":21.0,"turns":5.0},{"damage":0.0,"enemies":"Snake Plant","floor":22.0,"turns":2.0},{"damage":17.0,"enemies":"Book of Stabbing","floor":23.0,"turns":7.0},{"damage":15.0,"enemies":"Cultist and Chosen","floor":24.0,"turns":7.0},{"damage":9.0,"enemies":"3 Cultists","floor":27.0,"turns":4.0},{"damage":0.0,"enemies":"Snecko","floor":29.0,"turns":5.0},{"damage":23.0,"enemies":"Gremlin Leader","floor":30.0,"turns":7.0},{"damage":0.0,"enemies":"Cultist and Chosen","floor":31.0,"turns":5.0},{"damage":19.0,"enemies":"Champ","floor":33.0,"turns":11.0},{"damage":6.0,"enemies":"Orb Walker","floor":35.0,"turns":3.0}],"seed_played":"4419618261469451418","potions_obtained":[{"floor":2.0,"key":"GamblersBrew"},{"floor":6.0,"key":"Explosive Potion"},{"floor":8.0,"key":"Swift Potion"},{"floor":11.0,"key":"SkillPotion"},{"floor":18.0,"key":"Energy Potion"},{"floor":20.0,"key":"EntropicBrew"},{"floor":24.0,"key":"Explosive Potion"},{"floor":30.0,"key":"ElixirPotion"},{"floor":31.0,"key":"SpeedPotion"},{"floor":33.0,"key":"Energy Potion"}],"is_trial":false,"path_per_floor":["M","M","?","M","M","E","M","E","T","?","E","$","E","E","R","B",null,"M","?","?","M","M","E","M","?","T","M","?","M","E","M","R","B",null,"M"],"character_chosen":"IRONCLAD","items_purchased":["Oddly Smooth Stone","Flame Barrier","Sundial"],"campfire_rested":0,"item_purchase_floors":[12,12,12],"current_hp_per_floor":[78,78,78,78,76,56,62,68,68,73,69,69,75,69,69,24,85,84,84,63,65,71,60,51,51,51,48,48,54,37,43,43,30,85,85,85],"gold":698,"neow_bonus":"HUNDRED_GOLD","is_daily":false,"chose_seed":false,"campfire_upgraded":2,"win_rate":0.0,"timestamp":1613034643,"path_taken":["M","M","?","M","M","E","M","E","T","?","E","$","E","E","R","BOSS","M","?","?","?","?","E","M","?","T","M","?","M","E","M","R","BOSS","M"],"items_purchased_type":["Relic","Card","Relic"],"build_version":"2020-12-18","purchased_purges":0,"victory":false,"max_hp_per_floor":[80,80,80,80,80,80,80,80,80,85,85,85,85,85,85,85,85,85,85,85,85,85,85,85,85,85,85,85,85,85,85,85,85,85,85,85],"card_choices":[{"not_picked":["Thunderclap","True Grit"],"picked":"Anger","floor":1.0},{"not_picked":["Perfected Strike","Pommel Strike"],"picked":"Feel No Pain","floor":2.0},{"not_picked":["Spot Weakness","Sword Boomerang"],"picked":"Wild Strike","floor":4.0},{"not_picked":["Sword Boomerang","Iron Wave"],"picked":"Bludgeon","floor":5.0},{"not_picked":["Heavy Blade","Power Through"],"picked":"Double Tap","floor":6.0},{"not_picked":["Clash","True Grit"],"picked":"Pommel Strike","floor":7.0},{"not_picked":["Iron Wave","Clash"],"picked":"Warcry","floor":8.0},{"not_picked":["Bludgeon","Pommel Strike"],"picked":"Cleave","floor":11.0},{"not_picked":["Corruption","Anger+1"],"picked":"Limit Break","floor":13.0},{"not_picked":["Headbutt+1","Thunderclap+1"],"picked":"Power Through","floor":14.0},{"not_picked":["Juggernaut","Limit Break"],"picked":"Demon Form","floor":16.0},{"not_picked":[],"picked":"Pommel Strike+1","floor":18.0},{"not_picked":[],"picked":"Dual Wield","floor":20.0},{"not_picked":[],"picked":"Sword Boomerang+1","floor":21.0},{"not_picked":[],"picked":"Metallicize","floor":22.0},{"not_picked":["Wild Strike+1"],"picked":"SKIP","floor":23.0},{"not_picked":["Iron Wave+1"],"picked":"SKIP","floor":24.0},{"not_picked":[],"picked":"Shrug It Off+1","floor":27.0},{"not_picked":["Anger+1"],"picked":"SKIP","floor":29.0},{"not_picked":["Iron Wave+1"],"picked":"SKIP","floor":30.0},{"not_picked":[],"picked":"Perfected Strike+1","floor":31.0},{"not_picked":[],"picked":"Berserk","floor":33.0}],"player_experience":2652372,"relics_obtained":[{"floor":6.0,"key":"FossilizedHelix"},{"floor":8.0,"key":"The Courier"},{"floor":9.0,"key":"Ornamental Fan"},{"floor":11.0,"key":"WingedGreaves"},{"floor":13.0,"key":"Molten Egg 2"},{"floor":14.0,"key":"War Paint"},{"floor":20.0,"key":"Red Mask"},{"floor":23.0,"key":"Art of War"},{"floor":26.0,"key":"MealTicket"},{"floor":30.0,"key":"Whetstone"},{"floor":34.0,"key":"Happy Flower"},{"floor":34.0,"key":"Self Forming Clay"},{"floor":34.0,"key":"Ice Cream"}],"event_choices":[{"damage_healed":0.0,"max_hp_gain":0.0,"max_hp_loss":0.0,"gold_gain":0.0,"event_name":"Golden Idol","player_choice":"Take Wound","floor":3.0,"gold_loss":0.0,"damage_taken":0.0,"relics_obtained":["Golden Idol"],"cards_obtained":["Injury"]},{"damage_healed":0.0,"max_hp_gain":5.0,"max_hp_loss":0.0,"gold_gain":0.0,"event_name":"Big Fish","player_choice":"Donut","floor":10.0,"gold_loss":0.0,"damage_taken":0.0},{"damage_healed":0.0,"max_hp_gain":0.0,"max_hp_loss":0.0,"gold_gain":99.0,"event_name":"Nest","player_choice":"Stole From Cult","floor":19.0,"gold_loss":0.0,"damage_taken":0.0},{"damage_healed":0.0,"max_hp_gain":0.0,"max_hp_loss":0.0,"gold_gain":0.0,"event_name":"Masked Bandits","player_choice":"Fought Bandits","floor":20.0,"gold_loss":0.0,"damage_taken":0.0},{"damage_healed":0.0,"max_hp_gain":0.0,"max_hp_loss":0.0,"gold_gain":0.0,"event_name":"Back to Basics","player_choice":"Simplicity","floor":25.0,"gold_loss":0.0,"damage_taken":0.0,"cards_upgraded":["Strike_R","Strike_R","Strike_R","Strike_R","Strike_R","Defend_R","Defend_R"]},{"damage_healed":0.0,"max_hp_gain":0.0,"max_hp_loss":0.0,"gold_gain":0.0,"event_name":"Vampires","player_choice":"Ignored","floor":28.0,"gold_loss":0.0,"damage_taken":0.0}],"is_beta":true,"boss_relics":[{"not_picked":["SlaversCollar","Coffee Dripper"],"picked":"Busted Crown"},{"not_picked":["Empty Cage","Black Star"],"picked":"Calling Bell"}],"items_purged_floors":[],"is_endless":false,"potions_floor_spawned":[2,6,8,11,18,20,24,30,31,33],"killed_by":"Orb Walker","ascension_level":1}}