{"host":"ttx8tv95o5vka1nm","time":1613019687,"event":{"mods":["AchievementEnabler","BaseMod","BetterRewards","Colored Map","Downfall","Evolution","Hermit","Hubris","Infinite Spire","Jorbs\u0027s Wanderer Trilogy","Minty Spire (QoL Compilation)","Relic Filter Mod","Reliquary","Robot Space Explorer","Shop Mod","Spicy Shops","StSLib","The Blue Laboratory","The Bug Knight","The Cursed","The Hayseed","The Necromancer","The Runesmith","TheBandit","TheVacant","Wandering Minibosses"],"gold_per_floor":[117,117,117,130,148,182,182,212,262,287,287,297,326,326,326,422,422,442,462,481,494,494,527,527,546,546,577,596,596,596,607,607,708,708,726,12,27,38,51,79,79,105,128,153,153,153,164,192,192,294,294,307,307,307,57,59,80,80,92,116,134,132,134,134,149,149,243,243,251,31,41,52,49,63,63,86,112,112,112,114,106,101,101,195,195,203,536,561,265,335,355,355,23,23,32,33,133,148,51,51,97,97,104,103,102,105,105,105,123,123,150,170,175,189,199,199,199,283,283,291,298,298,298,287,287],"floor_reached":124,"language":"ENG","playtime":8497,"items_purged":["Strike_B","Double Energy","Multi-Cast","Rip and Tear+1","Go for the Eyes+1","Thunder Strike+1","The Bomb+1","Fusion+1","Hologram","Conserve Battery"],"score":4872,"play_id":"c9a1c3d8-2de3-4dcf-be46-a0c979aa8db4","local_time":"20210211150127","is_ascension_mode":true,"campfire_choices":[{"data":"Defragment","floor":15.0,"key":"SMITH"},{"data":"Fission","floor":24.0,"key":"SMITH"},{"data":"Coolheaded","floor":29.0,"key":"SMITH"},{"data":"Double Energy","floor":32.0,"key":"SMITH"},{"data":"Storm","floor":41,"key":"SMITH"},{"data":"The Bomb","floor":45,"key":"SMITH"},{"data":"Fusion","floor":49,"key":"SMITH"},{"data":"Biased Cognition","floor":58,"key":"SMITH"},{"data":"Defragment","floor":66,"key":"SMITH"},{"data":"Consume","floor":78,"key":"SMITH"},{"data":"infinitespire:Collect","floor":83,"key":"SMITH"},{"data":"Seek","floor":92,"key":"SMITH"},{"data":"Master of Strategy","floor":100,"key":"SMITH"},{"floor":108,"key":"DIG"},{"floor":110,"key":"DIG"},{"data":"infinitespire:Menacing","floor":117,"key":"SMITH"}],"circlet_count":0,"master_deck":["Zap+1","Dualcast","Cold Snap+1","Hologram","Defragment+1","Compile Driver+1","Ball Lightning+1","Sweeping Beam+1","Glacier","White Noise+1","Hologram","Fission+1","Barrage+1","Capacitor+1","Ball Lightning+1","Double Energy+1","Doom and Gloom+1","infinitespire:Collect+1","infinitespire:SevenWalls+1","Barrage+1","Master of Strategy+1","Core Surge+1","Storm+1","Conserve Battery","Biased Cognition+1","Consume+1","Defragment+1","Defragment+1","Force Field","Defragment+1","Buffer+1","Seek+1","Echo Form+1","hubris:PowerSurge+1","infinitespire:Menacing+1","infinitespire:SealOfDarkness+","Zap","Gash","Chill","hubris:Prefetch","Finesse","hubris:Gluttony","CurseOfTheBell"],"relics":["Bloody Idol","infinitespire:Lychee Nut","Slimebound:AbsorbEndCombat","hubris:TerracottaHorce","hubris:Potato","champ:ChampionCrown","Runic Cube","InkBottle","Ectoplasm","infinitespire:EvilPickle","hexamod:Sixitude","Blood Vial","RobotSpaceExplorer:RoboCore","sneckomod:SuperSneckoSoul","NlothsMask","WristBlade","infinitespire:MutagenicDexterity","expansioncontent:StudyCardRelic","Guardian:StasisUpgradeRelic","TheCursedMod:FourLeafCloverCharm","hubris:FruitBowl","Dead Branch","Runic Dome","hubris:DeadTorch","Cables","HollowMod:QueensCombRelic","infinitespire:EmptyRelic","champ:LiftRelic","Orichalcum","HandDrill","Slimebound:StickyStick","Pantograph","hubris:DisguiseKit","HollowMod:JonisBlessing","bronze:DonusWashers","champ:DeflectingBracers","Guardian:ModeShifter","TheCursedMod:MagicCandle","Bronze Scales","hubris:HerbalPaste","hubris:Backtick","wariomod:SuperHat","theVacant:BrassGoblet","Sling","Pear","sneckomod:SneckoSoul","Champion Belt","infinitespire:Bottled Soul","hexamod:SpiritBrand","Ring of the Snake","bronze:SilverBullet","downfall:RedIOUUpgrade","downfall:GremlinSack","stsjorbsmod:GrimoireRelic","Philosopher\u0027s Stone","TwistedFunnel","infinitespire:Blanks Blanky","sneckomod:SuperSneckoEye","Boot","stsjorbsmod:WarpedGlassRelic","champ:ChampionCrownUpgraded","reliquary:RadioactivePellet","PreservedInsect","Membership Card","WingedGreaves","Guardian:PocketSentry","reliquary:TatteredRug","Burning Blood","Art of War","Calling Bell","hubris:AstralHammer","downfall:TeleportStone","Peace Pipe","wariomod:GlassHat","hubris:SlimyHat","infinitespire:Burning Sword","Frozen Eye","hubris:Zylophone","reliquary:RedCape","TheSimpletonMod:SpudOfTheInnocent","Blood Vial","hubris:RGBLights","HollowMod:PaleOreRelic","reliquary:Sideboard","reliquary:Conveyor"],"acts_visited":["Exordium","TheCity","TheBeyond","Exordium","TheCity","TheBeyond","Exordium","TheCity"],"potions_floor_usage":[76],"damage_taken":[{"damage":1.0,"enemies":"2 Louse","floor":1.0,"turns":2.0},{"damage":0.0,"enemies":"Jaw Worm","floor":4.0,"turns":1.0},{"damage":0.0,"enemies":"Small Slimes","floor":5.0,"turns":2.0},{"damage":7.0,"enemies":"HollowMod:MossKnight","floor":6.0,"turns":6.0},{"damage":5.0,"enemies":"Gremlin Nob","floor":8.0,"turns":3.0},{"damage":0.0,"enemies":"Lagavulin","floor":10.0,"turns":4.0},{"damage":3.0,"enemies":"Gremlin Gang","floor":12.0,"turns":4.0},{"damage":8.0,"enemies":"3 Sentries","floor":13.0,"turns":3.0},{"damage":2.0,"enemies":"The Guardian","floor":16.0,"turns":6.0},{"damage":0.0,"enemies":"Shell Parasite","floor":18.0,"turns":3.0},{"damage":0.0,"enemies":"Spheric Guardian","floor":19.0,"turns":3.0},{"damage":0.0,"enemies":"Snake Plant","floor":20.0,"turns":3.0},{"damage":0.0,"enemies":"Centurion and Healer","floor":21.0,"turns":4.0},{"damage":7.0,"enemies":"Slavers","floor":23.0,"turns":4.0},{"damage":0.0,"enemies":"Chosen and Byrds","floor":25.0,"turns":3.0},{"damage":13.0,"enemies":"Nightmare","floor":27.0,"turns":8.0},{"damage":0.0,"enemies":"Cultist and Chosen","floor":28.0,"turns":3.0},{"damage":0.0,"enemies":"Snecko","floor":31.0,"turns":2.0},{"damage":3.0,"enemies":"Collector","floor":33.0,"turns":6.0},{"damage":0,"enemies":"3 Shapes","floor":35,"turns":1},{"damage":0,"enemies":"Orb Walker","floor":37,"turns":3},{"damage":12,"enemies":"Spire Growth","floor":38,"turns":3},{"damage":2,"enemies":"Sphere and 2 Shapes","floor":39,"turns":3},{"damage":0,"enemies":"Nemesis","floor":40,"turns":4},{"damage":0,"enemies":"HollowMod:StalkingDevout","floor":42,"turns":4},{"damage":0,"enemies":"Giant Head","floor":44,"turns":5},{"damage":6,"enemies":"3 Darklings","floor":47,"turns":3},{"damage":0,"enemies":"Nemesis","floor":48,"turns":3},{"damage":0,"enemies":"Donu and Deca","floor":50,"turns":4},{"damage":0,"enemies":"2 Louse","floor":52,"turns":1},{"damage":0,"enemies":"Jaw Worm","floor":53,"turns":2},{"damage":0,"enemies":"Small Slimes","floor":56,"turns":1},{"damage":0,"enemies":"HollowMod:MossKnight","floor":57,"turns":1},{"damage":0,"enemies":"3 Sentries","floor":59,"turns":2},{"damage":12,"enemies":"Lagavulin","floor":61,"turns":3},{"damage":0,"enemies":"Exordium Thugs","floor":62,"turns":2},{"damage":0,"enemies":"Lots of Slimes","floor":63,"turns":2},{"damage":15,"enemies":"The Mushroom Lair","floor":65,"turns":2},{"damage":0,"enemies":"The Guardian","floor":67,"turns":3},{"damage":0,"enemies":"Chosen","floor":69,"turns":1},{"damage":0,"enemies":"Spheric Guardian","floor":71,"turns":1},{"damage":18,"enemies":"Chosen and Byrds","floor":72,"turns":2},{"damage":0,"enemies":"Shelled Parasite and Fungi","floor":73,"turns":1},{"damage":0,"enemies":"Gremlin Leader","floor":74,"turns":1},{"damage":15,"enemies":"Slavers","floor":76,"turns":2},{"damage":0,"enemies":"3 Cultists","floor":80,"turns":1},{"damage":0,"enemies":"Centurion and Healer","floor":82,"turns":2},{"damage":0,"enemies":"Collector","floor":84,"turns":2},{"damage":0,"enemies":"3 Shapes","floor":86,"turns":1},{"damage":0,"enemies":"Mind Bloom Boss Battle","floor":88,"turns":2},{"damage":0,"enemies":"Nemesis","floor":91,"turns":1},{"damage":0,"enemies":"Reptomancer","floor":95,"turns":1},{"damage":0,"enemies":"Orb Walker","floor":96,"turns":1},{"damage":0,"enemies":"Nemesis","floor":98,"turns":2},{"damage":0,"enemies":"Awakened One","floor":101,"turns":4},{"damage":0,"enemies":"Small Slimes","floor":103,"turns":1},{"damage":0,"enemies":"Cultist","floor":104,"turns":1},{"damage":0,"enemies":"Jaw Worm","floor":105,"turns":1},{"damage":0,"enemies":"Exordium Thugs","floor":106,"turns":1},{"damage":0,"enemies":"3 Sentries","floor":109,"turns":1},{"damage":0,"enemies":"Gremlin Nob","floor":112,"turns":1},{"damage":0,"enemies":"3 Louse","floor":113,"turns":1},{"damage":0,"enemies":"HollowMod:MossKnight","floor":114,"turns":1},{"damage":0,"enemies":"Blue Slaver","floor":115,"turns":1},{"damage":0,"enemies":"The Guardian","floor":118,"turns":2},{"damage":0,"enemies":"Spheric Guardian","floor":120,"turns":1},{"damage":0,"enemies":"Shell Parasite","floor":121,"turns":1},{"damage":0,"enemies":"3 Cultists","floor":124,"turns":2}],"seed_played":"-5257036262499642816","potions_obtained":[{"floor":6.0,"key":"blueLaboratory:HorrorPotion"},{"floor":8.0,"key":"blueLaboratory:Moonshine"},{"floor":10.0,"key":"blueLaboratory:FruitPunch"},{"floor":16.0,"key":"blueLaboratory:TrueEctoplasm"},{"floor":71,"key":"Weak Potion"},{"floor":76,"key":"blueLaboratory:NullPotion"},{"floor":80,"key":"BlessingOfTheForge"},{"floor":91,"key":"blueLaboratory:ImpenetrablePotion"},{"floor":96,"key":"Energy Potion"},{"floor":98,"key":"DistilledChaos"},{"floor":101,"key":"FairyPotion"},{"floor":104,"key":"blueLaboratory:HorrorPotion"},{"floor":106,"key":"blueLaboratory:CoolantVial"},{"floor":112,"key":"SteroidPotion"},{"floor":114,"key":"blueLaboratory:LouseDecoction"}],"is_trial":false,"path_per_floor":["M","?","?","M","M","E","?","E","T","E","?","M","E","?","R","B",null,"M","M","M","M","?","E","R","M","T","NM","M","R","AVR","M","R","B",null,"M","$","M","M","M","E","R","E","T","E","R","?","M","E","R","B",null,"M","M","?","$","M","E","R","E","T","E","M","M","?","?","R","B",null,"M","$","M","M","M","E","?","E","T","R","T","M","$","M","R","B",null,"M","?","?","$","T","E","R","$","T","E","M","?","E","$","R","B",null,"M","M","M","M","?","R","E","R","T","E","M","E","M","AVR","R","B",null,"M","M","AVR","M","M"],"character_chosen":"DEFECT","items_purchased":["Blood Vial","The Bomb","infinitespire:SolderingIron","Anchor","Kunai","Bag of Preparation","Molten Egg 2","Orrery","Toolbox","MerchantsRug","Master of Strategy","reliquary:PartyBalloon","Core Surge+1","TungstenRod","infinitespire:Freezer","Runic Capacitor","infinitespire:WardingShard","reliquary:BrokenClock","infinitespire:PuzzleCube","hubris:DeckOfHolding","Membership Card","Bottled Lightning","Frozen Eye"],"campfire_rested":0,"item_purchase_floors":[0,0,0,0,0,0,0,0,0,36,36,36,36,36,55,55,70,81,81,89,93,93,99],"current_hp_per_floor":[55,55,55,56,56,49,54,56,56,61,54,61,55,55,55,61,63,63,63,63,63,63,59,59,63,63,51,58,58,58,63,63,60,62,63,63,63,51,56,63,63,63,63,63,63,63,57,63,63,63,63,63,63,63,63,63,63,63,63,63,51,56,61,47,37,37,44,58,60,63,63,45,47,49,49,39,39,39,39,41,56,61,61,63,63,63,63,63,63,63,63,63,63,63,63,63,63,63,63,63,63,63,63,63,63,63,63,63,63,63,63,63,63,63,63,63,63,63,63,63,63,45,45,45,45],"gold":287,"neow_bonus":"","is_daily":false,"chose_seed":false,"campfire_upgraded":14,"win_rate":0.0,"timestamp":1613019687,"path_taken":["M","?","?","M","M","E","?","E","T","E","?","M","E","?","R","BOSS","M","M","M","M","?","E","R","M","T","NM","M","R","AVR","M","R","BOSS","M","$","?","M","M","E","R","E","T","E","R","?","?","E","R","BOSS","M","M","?","$","M","E","R","E","T","E","M","M","?","?","R","BOSS","M","$","M","M","M","E","?","E","T","R","?","M","$","M","R","BOSS","M","?","?","?","?","E","R","$","T","E","M","?","E","?","R","BOSS","M","M","M","M","?","R","E","R","T","E","M","E","M","AVR","R","BOSS","M","M","AVR","M","?"],"items_purchased_type":["Relic","Card","Relic","Relic","Relic","Relic","Relic","Relic","Relic","Relic","Card","Relic","Card","Relic","Relic","Relic","Relic","Relic","Relic","Relic","Relic","Relic","Relic"],"build_version":"2020-12-22","purchased_purges":10,"victory":false,"max_hp_per_floor":[56,56,56,56,56,56,61,61,61,61,61,63,63,63,63,63,63,63,63,63,63,63,63,63,63,63,63,63,63,63,63,63,63,63,63,63,63,63,63,63,63,63,63,63,63,63,63,63,63,63,63,63,63,63,63,63,63,63,63,63,63,63,63,63,63,63,63,63,63,63,63,63,63,63,63,63,63,63,63,63,63,63,63,63,63,63,63,63,63,63,63,63,63,63,63,63,63,63,63,63,63,63,63,63,63,63,63,63,63,63,63,63,63,63,63,63,63,63,63,63,63,45,45,49,49],"card_choices":[{"not_picked":["Recycle","Rebound+1"],"picked":"Cold Snap+1","floor":0.0},{"not_picked":["Turbo","Go for the Eyes+1"],"picked":"Hologram","floor":0.0},{"not_picked":["Compile Driver+1","All For One+1"],"picked":"Defragment","floor":0.0},{"not_picked":["Beam Cell+1","Coolheaded"],"picked":"Compile Driver+1","floor":0.0},{"not_picked":["Stack","Recycle"],"picked":"Go for the Eyes+1","floor":0.0},{"not_picked":["Recycle","Coolheaded"],"picked":"Ball Lightning+1","floor":1.0},{"not_picked":["Turbo","Lockon+1"],"picked":"Sweeping Beam+1","floor":4.0},{"not_picked":["Cold Snap+1","Redo","Ball Lightning+1"],"picked":"SKIP","floor":5.0},{"not_picked":["FTL+1","Rebound+1","Leap"],"picked":"SKIP","floor":6.0},{"not_picked":["Hologram","Fusion"],"picked":"Glacier","floor":8.0},{"not_picked":["hubris:PowerSurge","Melter+1"],"picked":"White Noise","floor":10.0},{"not_picked":["Static Discharge","Tempest","Leap"],"picked":"SKIP","floor":12.0},{"not_picked":["Static Discharge","Gash+1"],"picked":"Hologram","floor":13.0},{"not_picked":["Amplify","All For One+1"],"picked":"Fission","floor":16.0},{"not_picked":["Gash+1","Leap","Static Discharge"],"picked":"SKIP","floor":18.0},{"not_picked":["Gash+1","Steam"],"picked":"Barrage+1","floor":19.0},{"not_picked":["Gash+1","Stack+1"],"picked":"Coolheaded","floor":20.0},{"not_picked":["Redo","Buffer"],"picked":"Capacitor","floor":21.0},{"not_picked":["Skim","Rebound+1","Heatsinks"],"picked":"SKIP","floor":23.0},{"not_picked":["Skim","Rebound+1","Heatsinks"],"picked":"SKIP","floor":23.0},{"not_picked":["Steam Power","Darkness+1"],"picked":"Conserve Battery","floor":25.0},{"not_picked":["Gash+1","Steam Power"],"picked":"Ball Lightning+1","floor":27.0},{"not_picked":["Steam Power","Stack","Storm"],"picked":"SKIP","floor":28.0},{"not_picked":["Reprogram","Turbo","Sunder+1"],"picked":"SKIP","floor":31.0},{"not_picked":["Amplify","Reboot"],"picked":"Thunder Strike+1","floor":33.0},{"not_picked":["Melter+1","Stack"],"picked":"Barrage+1","floor":35},{"not_picked":["Glacier","Cold Snap+1"],"picked":"Fusion","floor":37},{"not_picked":["Cold Snap+1","Undo+1"],"picked":"Storm","floor":38},{"not_picked":["Beam Cell+1","Fusion+1","Stack"],"picked":"SKIP","floor":39},{"not_picked":["Self Repair","Streamline+1"],"picked":"Conserve Battery","floor":40},{"not_picked":["All For One+1","Coolheaded"],"picked":"Multi-Cast","floor":42},{"not_picked":["Steam","Stack","Sweeping Beam+1"],"picked":"SKIP","floor":44},{"not_picked":["Glacier","Stack+1","Heatsinks"],"picked":"SKIP","floor":47},{"not_picked":["Turbo+1","Steam","Gash+1"],"picked":"SKIP","floor":48},{"not_picked":["Core Surge+1","hubris:Prefetch"],"picked":"Biased Cognition","floor":50},{"not_picked":["Rip and Tear+1","Doom and Gloom+1"],"picked":"Consume","floor":52},{"not_picked":["Compile Driver+1","Auto Shields"],"picked":"Defragment","floor":53},{"not_picked":["Sweeping Beam+1","Genetic Algorithm","Redo"],"picked":"SKIP","floor":56},{"not_picked":["Steam","Gash+1"],"picked":"Defragment+1","floor":57},{"not_picked":["Fusion","Ball Lightning+1","Stack"],"picked":"SKIP","floor":59},{"not_picked":["Barrage+1","hubris:SpecializedCircuitry+1","Stack"],"picked":"SKIP","floor":61},{"not_picked":["Fission","Aggregate","Conserve Battery"],"picked":"SKIP","floor":62},{"not_picked":["Coolheaded","Steam"],"picked":"Heatsinks+1","floor":63},{"not_picked":["Multi-Cast","Hyperbeam+1"],"picked":"Reboot","floor":67},{"not_picked":["Double Energy","Go for the Eyes+1","Reboot"],"picked":"SKIP","floor":69},{"not_picked":["Turbo","Streamline+1"],"picked":"Force Field","floor":71},{"not_picked":["Force Field","Coolheaded","Barrage+1"],"picked":"SKIP","floor":72},{"not_picked":["Scrape+1","Tempest","Stack"],"picked":"SKIP","floor":73},{"not_picked":["Turbo","Sunder+1","Steam"],"picked":"SKIP","floor":74},{"not_picked":["Auto Shields","White Noise"],"picked":"Buffer+1","floor":76},{"not_picked":["Reprogram","Fusion","Capacitor+1"],"picked":"SKIP","floor":80},{"not_picked":["Hello World+1","Coolheaded+1","Leap"],"picked":"SKIP","floor":82},{"not_picked":["Creative AI+1","Multi-Cast"],"picked":"Seek","floor":84},{"not_picked":["Leap+1","Cold Snap+1","Ball Lightning+1"],"picked":"SKIP","floor":86},{"not_picked":["Barrage+1","Compile Driver+1","Hologram+1"],"picked":"SKIP","floor":91},{"not_picked":["Streamline+1","Beam Cell+1","Turbo+1"],"picked":"SKIP","floor":95},{"not_picked":["Gash+1","Static Discharge+1","Ball Lightning+1"],"picked":"SKIP","floor":96},{"not_picked":["Defragment+1","Conserve Battery+1","Go for the Eyes+1"],"picked":"SKIP","floor":98},{"not_picked":["Rainbow","Biased Cognition+1"],"picked":"Echo Form+1","floor":101},{"not_picked":["Blizzard+1","Ball Lightning+1","Turbo"],"picked":"SKIP","floor":103},{"not_picked":["Compile Driver+1","Tempest","Turbo"],"picked":"SKIP","floor":104},{"not_picked":["Redo","Hyperbeam+1","Chaos"],"picked":"SKIP","floor":105},{"not_picked":["Conserve Battery","Beam Cell+1"],"picked":"hubris:PowerSurge+1","floor":106},{"not_picked":["hubris:Prefetch","Cold Snap+1","Coolheaded"],"picked":"SKIP","floor":109},{"not_picked":["Undo","Rainbow","Turbo"],"picked":"SKIP","floor":112},{"not_picked":["FTL+1","Conserve Battery","Genetic Algorithm"],"picked":"SKIP","floor":113},{"not_picked":["Leap","Gash+1","Tempest"],"picked":"SKIP","floor":114},{"not_picked":["Conserve Battery","Compile Driver+1","Capacitor+1"],"picked":"SKIP","floor":115},{"not_picked":["Barrage+1","Heatsinks+1","Streamline+1"],"picked":"SKIP","floor":120},{"not_picked":["Lockon+1","Rebound+1","Aggregate"],"picked":"SKIP","floor":121},{"not_picked":["Barrage","Beam Cell+1","Redo","Bane"],"picked":"SKIP","floor":124}],"player_experience":1119907,"relics_obtained":[{"floor":6.0,"key":"infinitespire:PuzzleCube"},{"floor":8.0,"key":"Art of War"},{"floor":9.0,"key":"Pen Nib"},{"floor":10.0,"key":"Meat on the Bone"},{"floor":13.0,"key":"MealTicket"},{"floor":23.0,"key":"reliquary:RosewoodLute"},{"floor":26.0,"key":"Potion Belt"},{"floor":27.0,"key":"Darkstone Periapt"},{"floor":40,"key":"reliquary:Stiletto"},{"floor":40,"key":"reliquary:OuijaBoard"},{"floor":42,"key":"Dead Branch"},{"floor":42,"key":"infinitespire:Freezer"},{"floor":43,"key":"Smiling Mask"},{"floor":44,"key":"Shovel"},{"floor":44,"key":"reliquary:ShortFuse"},{"floor":48,"key":"hubris:ToyBattleship"},{"floor":48,"key":"Matryoshka"},{"floor":57,"key":"infinitespire:Bottled Soul"},{"floor":57,"key":"Frozen Egg 2"},{"floor":59,"key":"Lizard Tail"},{"floor":59,"key":"Ornamental Fan"},{"floor":60,"key":"Tiny Chest"},{"floor":60,"key":"Vajra"},{"floor":61,"key":"infinitespire:Satchel"},{"floor":61,"key":"infinitespire:Beetle Shell"},{"floor":65,"key":"Odd Mushroom"},{"floor":74,"key":"Oddly Smooth Stone"},{"floor":74,"key":"Juzu Bracelet"},{"floor":76,"key":"Bronze Scales"},{"floor":76,"key":"Akabeko"},{"floor":77,"key":"Lantern"},{"floor":77,"key":"Omamori"},{"floor":79,"key":"Mummified Hand"},{"floor":88,"key":"Calipers"},{"floor":90,"key":"reliquary:BoilingFlask"},{"floor":91,"key":"FossilizedHelix"},{"floor":91,"key":"Happy Flower"},{"floor":94,"key":"DataDisk"},{"floor":95,"key":"hubris:BallOfYels"},{"floor":95,"key":"PreservedInsect"},{"floor":98,"key":"reliquary:TridentHead"},{"floor":98,"key":"reliquary:Boomerang"},{"floor":108,"key":"infinitespire:Midas Blood"},{"floor":109,"key":"hubris:SoftwareUpdate"},{"floor":109,"key":"reliquary:SharkskinSheath"},{"floor":110,"key":"Dream Catcher"},{"floor":111,"key":"reliquary:ExpiredCoupon"},{"floor":112,"key":"Bag of Marbles"},{"floor":112,"key":"reliquary:PrincelyHelmet"},{"floor":114,"key":"Nunchaku"},{"floor":114,"key":"Bottled Flame"},{"floor":122,"key":"HollowMod:PaleOreRelic"},{"floor":122,"key":"reliquary:Sideboard"},{"floor":122,"key":"reliquary:Conveyor"}],"event_choices":[{"damage_healed":0.0,"max_hp_gain":5.0,"max_hp_loss":0.0,"gold_gain":0.0,"event_name":"Big Fish","player_choice":"Donut","floor":7.0,"gold_loss":0.0,"damage_taken":0.0},{"cards_removed":["Strike_B"],"damage_healed":0.0,"max_hp_gain":0.0,"max_hp_loss":0.0,"gold_gain":0.0,"event_name":"Golden Wing","player_choice":"Card Removal","floor":11.0,"gold_loss":0.0,"damage_taken":7.0},{"damage_healed":0.0,"max_hp_gain":0.0,"max_hp_loss":0.0,"gold_gain":0.0,"event_name":"Upgrade Shrine","player_choice":"Upgraded","floor":22.0,"gold_loss":0.0,"damage_taken":0.0,"cards_upgraded":["Capacitor"]},{"cards_removed":["Redo"],"damage_healed":0,"gold_gain":0,"player_choice":"Purged","damage_taken":0,"max_hp_gain":0,"max_hp_loss":0,"event_name":"Purifier","floor":46,"gold_loss":0},{"damage_healed":0,"gold_gain":0,"player_choice":"Take Damage","damage_taken":15,"relics_obtained":["Golden Idol"],"max_hp_gain":0,"max_hp_loss":0,"event_name":"Golden Idol","floor":64,"gold_loss":0},{"damage_healed":0,"gold_gain":0,"player_choice":"Fought Mushrooms","damage_taken":0,"max_hp_gain":0,"max_hp_loss":0,"event_name":"Mushrooms","floor":65,"gold_loss":0},{"damage_healed":0,"gold_gain":0,"player_choice":"Read","damage_taken":0,"max_hp_gain":0,"max_hp_loss":0,"event_name":"The Library","floor":75,"gold_loss":0,"cards_obtained":["Defragment"]},{"damage_healed":0,"gold_gain":333,"player_choice":"Gave Idol","damage_taken":0,"max_hp_gain":0,"max_hp_loss":0,"event_name":"The Moai Head","floor":87,"relics_lost":["Golden Idol"],"gold_loss":0},{"damage_healed":0,"gold_gain":0,"player_choice":"Fight","damage_taken":0,"max_hp_gain":0,"max_hp_loss":0,"event_name":"MindBloom","floor":88,"gold_loss":0},{"damage_healed":0,"gold_gain":100,"player_choice":"Pray","damage_taken":0,"max_hp_gain":0,"max_hp_loss":0,"event_name":"Golden Shrine","floor":97,"gold_loss":0},{"cards_removed":["Coolheaded"],"damage_healed":0,"gold_gain":0,"player_choice":"Gave Card","damage_taken":0,"relics_obtained":["Regal Pillow"],"max_hp_gain":0,"max_hp_loss":0,"event_name":"WeMeetAgain","floor":107,"gold_loss":0}],"is_beta":false,"boss_relics":[{"not_picked":["hubris:VirtuousBlindfold","Fusion Hammer"],"picked":"Sozu"},{"not_picked":["hubris:ScarierMask","Astrolabe"],"picked":"Black Star"},{"not_picked":["hubris:TerracottaHorce","Tiny House"],"picked":"reliquary:RedPaperclip"},{"not_picked":["hubris:Backtick","infinitespire:Cupcake"],"picked":"Nuclear Battery"},{"not_picked":["bronze:MakeshiftBattery","Empty Cage"],"picked":"Runic Pyramid"},{"not_picked":["reliquary:RedCape","Velvet Choker"],"picked":"Coffee Dripper"},{"not_picked":["hubris:CrackedHourglass","Runic Dome"],"picked":"Empty Cage"}],"items_purged_floors":[0,30,70,70,89,93,99,99,116,122],"is_endless":true,"potions_floor_spawned":[6,8,10,16,18,23,28,31,37,38,40,44,50,52,53,63,65,67,71,76,80,91,96,98,101,104,106,112,114,115,121,124],"killed_by":"3 Cultists","ascension_level":7}}