{"host":"fj5i6t4nkss7815d","time":1613028113,"event":{"mods":["AchievementEnabler","BaseMod","Minty Spire (QoL Compilation)","Quick Restart","Relic Stats"],"gold_per_floor":[119,119,5,19,19,19,47,47,74,92,124,144,174,186,186,257,257,257,257,8,8,20,50,50,100,100,117,143,155,167,167,167],"floor_reached":31,"language":"ENG","playtime":1616,"items_purged":["Strike_G"],"score":605,"play_id":"74e3085e-3896-4729-ba36-d9ee3ef5cefc","local_time":"20210210232153","is_ascension_mode":true,"campfire_choices":[{"data":"Caltrops","floor":6.0,"key":"SMITH"},{"floor":8.0,"key":"REST"},{"floor":15.0,"key":"REST"},{"floor":24.0,"key":"REST"}],"circlet_count":0,"master_deck":["AscendersBane","Strike_G","Strike_G","Strike_G","Strike_G","Defend_G","Defend_G","Defend_G","Defend_G","Defend_G+1","Survivor","Neutralize+1","Poisoned Stab","Caltrops+1","Dagger Spray","Night Terror","Backflip","Venomology+1","Dash","A Thousand Cuts","Envenom","Accuracy","Infinite Blades","Catalyst","Slice","Heel Hook+1"],"relics":["Ring of the Snake","NeowsBlessing","Mercury Hourglass","InkBottle","Art of War","Strawberry","Odd Mushroom","WristBlade","War Paint","TwistedFunnel","Bronze Scales","Unceasing Top","Bottled Tornado"],"acts_visited":["Exordium","TheCity"],"potions_floor_usage":[30,31,31,31],"damage_taken":[{"damage":0.0,"enemies":"2 Louse","floor":1.0,"turns":1.0},{"damage":0.0,"enemies":"Cultist","floor":4.0,"turns":1.0},{"damage":0.0,"enemies":"Lagavulin","floor":7.0,"turns":1.0},{"damage":4.0,"enemies":"Small Slimes","floor":10.0,"turns":3.0},{"damage":6.0,"enemies":"Gremlin Nob","floor":11.0,"turns":3.0},{"damage":32.0,"enemies":"Exordium Thugs","floor":12.0,"turns":5.0},{"damage":0.0,"enemies":"The Mushroom Lair","floor":13.0,"turns":2.0},{"damage":0.0,"enemies":"2 Fungi Beasts","floor":14.0,"turns":2.0},{"damage":19.0,"enemies":"Hexaghost","floor":16.0,"turns":7.0},{"damage":0.0,"enemies":"Shell Parasite","floor":18.0,"turns":1.0},{"damage":0.0,"enemies":"Chosen","floor":22.0,"turns":5.0},{"damage":29.0,"enemies":"Slavers","floor":23.0,"turns":4.0},{"damage":31.0,"enemies":"Centurion and Healer","floor":27.0,"turns":8.0},{"damage":15.0,"enemies":"Gremlin Leader","floor":28.0,"turns":5.0},{"damage":13.0,"enemies":"Sentry and Sphere","floor":29.0,"turns":4.0},{"damage":13,"enemies":"Snecko","floor":30,"turns":4},{"damage":2,"enemies":"Shelled Parasite and Fungi","floor":31,"turns":2}],"seed_played":"-8125541016019441578","potions_obtained":[{"floor":4.0,"key":"BlessingOfTheForge"},{"floor":10.0,"key":"DuplicationPotion"},{"floor":11.0,"key":"BlessingOfTheForge"},{"floor":12.0,"key":"Block Potion"},{"floor":14.0,"key":"LiquidBronze"},{"floor":29.0,"key":"Regen Potion"},{"floor":30,"key":"EssenceOfSteel"}],"is_trial":false,"path_per_floor":["M","?","$","M","?","R","E","R","T","M","E","M","?","M","R","B",null,"M","?","$","?","M","E","R","?","T","M","E","M","M","M"],"character_chosen":"THE_SILENT","items_purchased":["Caltrops","TwistedFunnel","Accuracy"],"campfire_rested":3,"item_purchase_floors":[3,20,20],"current_hp_per_floor":[59,59,59,59,33,33,33,52,52,48,49,17,17,17,38,19,60,60,60,60,60,60,43,64,64,64,33,18,5,6,4,4],"gold":167,"neow_bonus":"THREE_ENEMY_KILL","is_daily":false,"chose_seed":false,"campfire_upgraded":1,"win_rate":0.0,"timestamp":1613028113,"path_taken":["M","?","$","?","?","R","E","R","T","M","E","M","?","?","R","BOSS","M","?","$","?","M","E","R","?","T","M","E","M","?","M"],"items_purchased_type":["Card","Relic","Card"],"build_version":"2020-12-22","purchased_purges":1,"victory":false,"max_hp_per_floor":[66,66,66,66,66,66,66,66,66,66,73,73,73,73,73,73,73,73,73,73,73,73,73,73,73,73,73,73,73,73,73,73],"relic_stats":{"counters":[17,58],"Bronze Scales":[42],"Art of War":[5],"War Paint":["Venomology","Defend_G"],"obtain_stats":[{"TwistedFunnel":20,"NeowsBlessing":0,"Odd Mushroom":13,"War Paint":19,"Bottled Tornado":28,"Mercury Hourglass":5,"WristBlade":17,"Strawberry":11,"Bronze Scales":23,"Art of War":9,"InkBottle":7,"Unceasing Top":26,"Ring of the Snake":0},{"TwistedFunnel":10,"NeowsBlessing":0,"Odd Mushroom":7,"War Paint":10,"Bottled Tornado":14,"Mercury Hourglass":2,"WristBlade":9,"Strawberry":5,"Bronze Scales":12,"Art of War":3,"InkBottle":3,"Unceasing Top":12,"Ring of the Snake":0},{"TwistedFunnel":26,"NeowsBlessing":0,"Odd Mushroom":16,"War Paint":26,"Bottled Tornado":48,"Mercury Hourglass":2,"WristBlade":25,"Strawberry":9,"Bronze Scales":35,"Art of War":3,"InkBottle":3,"Unceasing Top":35,"Ring of the Snake":0}],"InkBottle":[18],"Unceasing Top":[2],"Ring of the Snake":[34],"Mercury Hourglass":[232]},"card_choices":[{"not_picked":["Cloak And Dagger","Endless Agony"],"picked":"Poisoned Stab","floor":1.0},{"not_picked":["Poisoned Stab","Bane"],"picked":"Dagger Spray","floor":4.0},{"not_picked":["Doppelganger","Acrobatics"],"picked":"Night Terror","floor":7.0},{"not_picked":["Heel Hook","Calculated Gamble"],"picked":"Backflip","floor":10.0},{"not_picked":["Deflect","Quick Slash"],"picked":"Venomology","floor":11.0},{"not_picked":["Predator","Calculated Gamble"],"picked":"Dash","floor":12.0},{"not_picked":["Quick Slash","Outmaneuver"],"picked":"A Thousand Cuts","floor":14.0},{"not_picked":["Burst","Grand Finale"],"picked":"Envenom","floor":16.0},{"not_picked":["Backflip","Deadly Poison"],"picked":"Infinite Blades","floor":22.0},{"not_picked":["Deadly Poison","Quick Slash"],"picked":"Catalyst","floor":23.0},{"not_picked":["Bane","Quick Slash","Caltrops"],"picked":"SKIP","floor":27.0},{"not_picked":["Quick Slash","Flechettes","Sucker Punch"],"picked":"SKIP","floor":28.0},{"not_picked":["Outmaneuver","Catalyst"],"picked":"Slice","floor":29.0},{"not_picked":["Sucker Punch","Setup"],"picked":"Heel Hook+1","floor":30}],"player_experience":1042127,"relics_obtained":[{"floor":7.0,"key":"InkBottle"},{"floor":9.0,"key":"Art of War"},{"floor":11.0,"key":"Strawberry"},{"floor":13.0,"key":"Odd Mushroom"},{"floor":23.0,"key":"Bronze Scales"},{"floor":26.0,"key":"Unceasing Top"},{"floor":28.0,"key":"Bottled Tornado"}],"event_choices":[{"damage_healed":0.0,"max_hp_gain":0.0,"max_hp_loss":0.0,"gold_gain":0.0,"event_name":"Upgrade Shrine","player_choice":"Upgraded","floor":2.0,"gold_loss":0.0,"damage_taken":0.0,"cards_upgraded":["Neutralize"]},{"damage_healed":0.0,"max_hp_gain":0.0,"max_hp_loss":0.0,"gold_gain":0.0,"event_name":"Scrap Ooze","player_choice":"Success","floor":5.0,"gold_loss":0.0,"damage_taken":26.0,"relics_obtained":["Mercury Hourglass"]},{"damage_healed":0.0,"max_hp_gain":0.0,"max_hp_loss":0.0,"gold_gain":0.0,"event_name":"Mushrooms","player_choice":"Fought Mushrooms","floor":13.0,"gold_loss":0.0,"damage_taken":0.0},{"damage_healed":0.0,"max_hp_gain":0.0,"max_hp_loss":0.0,"gold_gain":0.0,"event_name":"The Mausoleum","player_choice":"Opened","floor":19.0,"gold_loss":0.0,"damage_taken":0.0,"relics_obtained":["War Paint"],"cards_obtained":["Writhe"]},{"cards_removed":["Writhe"],"damage_healed":0.0,"max_hp_gain":0.0,"max_hp_loss":0.0,"gold_gain":0.0,"event_name":"Back to Basics","player_choice":"Elegance","floor":21.0,"gold_loss":0.0,"damage_taken":0.0},{"damage_healed":0.0,"max_hp_gain":0.0,"max_hp_loss":0.0,"gold_gain":100.0,"event_name":"The Joust","player_choice":"Bet on Murderer","floor":25.0,"gold_loss":50.0,"damage_taken":0.0}],"is_beta":false,"boss_relics":[{"not_picked":["Ectoplasm","Snecko Eye"],"picked":"WristBlade"}],"items_purged_floors":[3],"is_endless":false,"potions_floor_spawned":[4,10,11,12,14,18,29,30],"killed_by":"Shelled Parasite and Fungi","ascension_level":19}}