{"host":"uv5ws9rdk87e8i5k","time":1613003351,"event":{"mods":["AchievementEnabler","BaseMod","Colored Map","Minty Spire (QoL Compilation)","Permanent Neow","Quick Restart","StSLib","SuperFastMode","The Necromancer"],"gold_per_floor":[117,135,155,166,166,195,206,219,293,318,23,23,33,62,62,165,165,185,203,203,223,223,250,250,51,100,113,138,156,156,190,190,291,291,308,328,33,45,64,64,95,95,118,153,173,173,83,101,101,101,101,101,2,36,36],"floor_reached":56,"language":"ENG","playtime":1428,"items_purged":["Writhe","Decay","Strike_G","Strike_G","Strike_G"],"score":1518,"play_id":"caa71e1d-0a5d-4983-9c3b-11b4560d4245","local_time":"20210210182911","is_ascension_mode":true,"campfire_choices":[{"data":"Catalyst","floor":12.0,"key":"SMITH"},{"data":"Catalyst","floor":15.0,"key":"SMITH"},{"data":"Venomology","floor":24,"key":"SMITH"},{"floor":30,"key":"REST"},{"data":"Crippling Poison","floor":32,"key":"SMITH"},{"floor":40,"key":"RECALL"},{"floor":49,"key":"REST"},{"data":"Catalyst","floor":52,"key":"SMITH"}],"circlet_count":0,"master_deck":["Strike_G","Defend_G","Defend_G","Defend_G","Defend_G","Survivor","Neutralize","Deadly Poison","Deadly Poison","PiercingWail","Catalyst+1","Bane","Poisoned Stab","Prepared","Deadly Poison","Catalyst+1","Backflip","Venomology+1","Crippling Poison+1","Bouncing Flask+1","Crippling Poison","Burst","Noxious Fumes","Catalyst+1","Catalyst+1"],"relics":["Ring of the Serpent","Mercury Hourglass","Centennial Puzzle","Bottled Flame","Singing Bowl","Snake Skull","Bronze Scales","SlaversCollar","Smiling Mask","Unceasing Top","Regal Pillow","Strawberry","Happy Flower","DollysMirror","Bag of Preparation","Ancient Tea Set","Dead Branch"],"acts_visited":["Exordium","TheCity","TheBeyond","TheEnding"],"potions_floor_usage":[18,19,19,21,23,27,28,29,31,33,35,36,38,39,41,44,45,48,48,48,50,50,50,55,55,55],"damage_taken":[{"damage":0.0,"enemies":"Cultist","floor":1.0,"turns":4.0},{"damage":3.0,"enemies":"Jaw Worm","floor":2.0,"turns":4.0},{"damage":0.0,"enemies":"2 Louse","floor":3.0,"turns":2.0},{"damage":0.0,"enemies":"Large Slime","floor":4.0,"turns":6.0},{"damage":26.0,"enemies":"Lagavulin","floor":6.0,"turns":6.0},{"damage":1.0,"enemies":"Exordium Thugs","floor":7.0,"turns":3.0},{"damage":3.0,"enemies":"Lots of Slimes","floor":8.0,"turns":4.0},{"damage":10.0,"enemies":"Gremlin Nob","floor":10.0,"turns":3.0},{"damage":0.0,"enemies":"3 Louse","floor":13.0,"turns":3.0},{"damage":0.0,"enemies":"Lagavulin","floor":14.0,"turns":3.0},{"damage":6,"enemies":"Slime Boss","floor":16,"turns":8},{"damage":3,"enemies":"Shell Parasite","floor":18,"turns":3},{"damage":13,"enemies":"2 Thieves","floor":19,"turns":4},{"damage":3,"enemies":"Snake Plant","floor":21,"turns":4},{"damage":15,"enemies":"Gremlin Leader","floor":23,"turns":3},{"damage":4,"enemies":"3 Cultists","floor":27,"turns":4},{"damage":16,"enemies":"Slavers","floor":28,"turns":4},{"damage":4,"enemies":"Centurion and Healer","floor":29,"turns":5},{"damage":8,"enemies":"Book of Stabbing","floor":31,"turns":2},{"damage":1,"enemies":"Collector","floor":33,"turns":3},{"damage":0,"enemies":"3 Shapes","floor":35,"turns":3},{"damage":2,"enemies":"Orb Walker","floor":36,"turns":2},{"damage":9,"enemies":"4 Shapes","floor":38,"turns":3},{"damage":7,"enemies":"3 Darklings","floor":39,"turns":4},{"damage":9,"enemies":"Giant Head","floor":41,"turns":4},{"damage":14,"enemies":"Reptomancer","floor":44,"turns":3},{"damage":1,"enemies":"Maw","floor":45,"turns":3},{"damage":13,"enemies":"Jaw Worm Horde","floor":48,"turns":4},{"damage":55,"enemies":"Donu and Deca","floor":50,"turns":5},{"damage":26,"enemies":"Shield and Spear","floor":54,"turns":4},{"damage":59,"enemies":"The Heart","floor":55,"turns":4}],"seed_played":"-8639651577190859415","potions_obtained":[{"floor":4.0,"key":"GamblersBrew"},{"floor":6.0,"key":"Fire Potion"},{"floor":7.0,"key":"FearPotion"},{"floor":8.0,"key":"GhostInAJar"},{"floor":16,"key":"CunningPotion"},{"floor":23,"key":"CultistPotion"},{"floor":29,"key":"DuplicationPotion"},{"floor":35,"key":"LiquidMemories"}],"is_trial":false,"path_per_floor":["M","M","M","M","T","E","M","M","T","E","$","R","M","E","R","B",null,"M","M","?","M","?","E","R","$","T","M","E","M","R","E","R","B",null,"M","M","$","M","M","R","E","?","T","E","M","?","$","M","R","B",null,"R","$","E","B",null],"character_chosen":"THE_SILENT","items_purchased":["Snake Skull","Catalyst","Regen Potion","Crippling Poison","DollysMirror","GhostInAJar","Catalyst","BlessingOfTheForge"],"campfire_rested":2,"item_purchase_floors":[11,11,25,25,37,37,47,53],"current_hp_per_floor":[70,67,67,67,67,41,40,37,37,27,27,27,29,29,29,23,72,69,56,56,55,55,42,42,42,42,54,47,45,86,80,80,79,91,93,91,91,84,79,79,72,72,72,60,61,61,61,50,95,54,100,100,100,76,17],"gold":36,"neow_bonus":"TRANSFORM_TWO_CARDS","is_daily":false,"chose_seed":false,"campfire_upgraded":5,"win_rate":0.0,"timestamp":1613003351,"path_taken":["M","M","M","M","?","E","M","M","T","E","$","R","M","E","R","BOSS","M","M","?","M","?","E","R","$","T","M","E","?","R","E","R","BOSS","M","M","$","M","M","R","E","?","T","E","M","?","$","M","R","BOSS","R","$","E","BOSS"],"items_purchased_type":["Relic","Card","Potion","Card","Relic","Potion","Card","Potion"],"build_version":"2020-12-22","purchased_purges":5,"victory":true,"max_hp_per_floor":[70,70,70,70,70,70,70,70,70,70,70,70,72,72,72,72,72,72,72,72,74,74,76,76,76,76,78,87,89,89,91,91,91,91,93,93,93,95,97,97,99,94,94,96,98,98,98,100,100,100,100,100,100,102,102],"card_choices":[{"not_picked":["Prepared","Dodge and Roll"],"picked":"PiercingWail","floor":1.0},{"not_picked":["Backflip","Underhanded Strike"],"picked":"Catalyst","floor":2.0},{"not_picked":["Sucker Punch","Quick Slash"],"picked":"Bane","floor":3.0},{"not_picked":["Prepared","Blur"],"picked":"Poisoned Stab","floor":4.0},{"not_picked":["A Thousand Cuts","Predator","Dodge and Roll"],"picked":"SKIP","floor":6.0},{"not_picked":["Flying Knee","Dagger Spray","Accuracy"],"picked":"SKIP","floor":7.0},{"not_picked":["Concentrate","Predator"],"picked":"Prepared","floor":8.0},{"not_picked":["Poisoned Stab","Cloak And Dagger"],"picked":"Deadly Poison","floor":10.0},{"not_picked":["Underhanded Strike","Dodge and Roll","Poisoned Stab"],"picked":"Singing Bowl","floor":13.0},{"not_picked":["Accuracy","Outmaneuver"],"picked":"Backflip","floor":14.0},{"not_picked":["Doppelganger","Die Die Die"],"picked":"Venomology","floor":16},{"not_picked":["Cloak And Dagger+1","Flying Knee"],"picked":"Crippling Poison","floor":18},{"not_picked":["Skewer+1","PiercingWail+1"],"picked":"Bouncing Flask+1","floor":19},{"not_picked":["Underhanded Strike","Malaise","Dagger Spray"],"picked":"Singing Bowl","floor":21},{"not_picked":["Eviscerate","Skewer","Backflip"],"picked":"Singing Bowl","floor":23},{"not_picked":["PiercingWail","Quick Slash","Reflex+1"],"picked":"Singing Bowl","floor":27},{"not_picked":["Deflect","Cloak And Dagger","Bane"],"picked":"Singing Bowl","floor":28},{"not_picked":["Backflip","Well Laid Plans","Bane"],"picked":"Singing Bowl","floor":29},{"not_picked":["Concentrate","Dagger Throw","Underhanded Strike"],"picked":"Singing Bowl","floor":31},{"not_picked":["Bullet Time","Malaise"],"picked":"Burst","floor":33},{"not_picked":["Well Laid Plans","Cloak And Dagger","Flying Knee+1"],"picked":"Singing Bowl","floor":35},{"not_picked":["Deflect+1","Sucker Punch"],"picked":"Noxious Fumes","floor":36},{"not_picked":["Poisoned Stab+1","Flechettes+1","Sucker Punch+1"],"picked":"Singing Bowl","floor":38},{"not_picked":["Cloak And Dagger+1","Acrobatics","Slice"],"picked":"Singing Bowl","floor":39},{"not_picked":["Cloak And Dagger+1","Endless Agony","Backstab"],"picked":"Singing Bowl","floor":41},{"not_picked":["All Out Attack","Bane","Flechettes"],"picked":"Singing Bowl","floor":44},{"not_picked":["Sucker Punch+1","Dagger Spray","Acrobatics"],"picked":"Singing Bowl","floor":45},{"not_picked":["Acrobatics+1","Masterful Stab+1","PiercingWail"],"picked":"Singing Bowl","floor":48},{"not_picked":["Phantasmal Killer","Dagger Spray+1","Flechettes"],"picked":"Singing Bowl","floor":54}],"player_experience":171099,"relics_obtained":[{"floor":5.0,"key":"Mercury Hourglass"},{"floor":6.0,"key":"Centennial Puzzle"},{"floor":9.0,"key":"Bottled Flame"},{"floor":10.0,"key":"Singing Bowl"},{"floor":14.0,"key":"Bronze Scales"},{"floor":23,"key":"Unceasing Top"},{"floor":26,"key":"Regal Pillow"},{"floor":28,"key":"Strawberry"},{"floor":31,"key":"Happy Flower"},{"floor":41,"key":"Bag of Preparation"},{"floor":44,"key":"Ancient Tea Set"},{"floor":54,"key":"Dead Branch"}],"event_choices":[{"damage_healed":0,"gold_gain":0,"player_choice":"Opened","damage_taken":0,"relics_obtained":["Smiling Mask"],"max_hp_gain":0,"max_hp_loss":0,"event_name":"The Mausoleum","floor":20,"gold_loss":0},{"damage_healed":0,"gold_gain":0,"player_choice":"Smashed Altar","damage_taken":0,"max_hp_gain":0,"max_hp_loss":0,"event_name":"Forgotten Altar","floor":22,"gold_loss":0,"cards_obtained":["Decay"]},{"damage_healed":0,"gold_gain":0,"player_choice":"Max HP","damage_taken":0,"max_hp_gain":0,"max_hp_loss":5,"event_name":"Winding Halls","floor":42,"gold_loss":0},{"damage_healed":0,"gold_gain":0,"player_choice":"Ignored","damage_taken":0,"max_hp_gain":0,"max_hp_loss":0,"event_name":"SecretPortal","floor":46,"gold_loss":0}],"is_beta":false,"boss_relics":[{"not_picked":["Empty Cage","Coffee Dripper"],"picked":"SlaversCollar"},{"not_picked":["HoveringKite","Fusion Hammer"],"picked":"Ring of the Serpent"}],"items_purged_floors":[11,25,37,47,53],"is_endless":false,"potions_floor_spawned":[4,6,7,8,10,13,16,23,27,29,31,35,38,44],"ascension_level":2}}