{"host":"a1eatafr7pisesky","time":1613036598,"event":{"mods":["AchievementEnabler","BaseMod","Colored Map","Keyboard Shortcuts","Minty Spire (QoL Compilation)","Say the Spire","StSLib","SuperFastMode","everything is the same but u backflip on backflip"],"gold_per_floor":[109,184,234,8,19,54,73,87,114,147,38,72,72,83,83,157,157,173,223,239,259,29,29,29,29],"floor_reached":24,"language":"KOR","playtime":390,"items_purged":["Defend_R","Anger"],"score":470,"play_id":"d4478c92-7434-45c5-a5b1-066a1e05e36a","local_time":"20210211184318","is_ascension_mode":true,"campfire_choices":[{"floor":13,"key":"REST"},{"data":"Pommel Strike","floor":15,"key":"SMITH"},{"floor":23,"key":"REST"}],"circlet_count":0,"master_deck":["AscendersBane","Strike_R","Strike_R","Strike_R","Strike_R","Strike_R","Defend_R","Defend_R","Defend_R","Bash","Perfected Strike","Thunderclap","Feel No Pain","Uppercut","Pommel Strike+1","Perfected Strike","Immolate","Reaper","Offering","Ghostly Armor","Pommel Strike","Corruption","Wild Strike","Entrench","Fire Breathing"],"relics":["Black Blood","NeowsBlessing","Membership Card","Bronze Scales","Oddly Smooth Stone","Happy Flower","Orrery","Nunchaku","Bottled Lightning"],"acts_visited":["Exordium","TheCity"],"potions_floor_usage":[10,21],"damage_taken":[{"damage":0.0,"enemies":"Jaw Worm","floor":1.0,"turns":1.0},{"damage":0,"enemies":"2 Louse","floor":5,"turns":1},{"damage":0,"enemies":"Gremlin Nob","floor":6,"turns":1},{"damage":1,"enemies":"Cultist","floor":7,"turns":3},{"damage":0,"enemies":"Large Slime","floor":8,"turns":3},{"damage":27,"enemies":"3 Sentries","floor":10,"turns":7},{"damage":28,"enemies":"Lagavulin","floor":12,"turns":5},{"damage":7,"enemies":"3 Louse","floor":14,"turns":2},{"damage":57,"enemies":"The Guardian","floor":16,"turns":10},{"damage":7,"enemies":"Chosen","floor":18,"turns":4},{"damage":28,"enemies":"Shell Parasite","floor":20,"turns":3},{"damage":37,"enemies":"3 Cultists","floor":21,"turns":4},{"damage":44,"enemies":"Book of Stabbing","floor":24,"turns":3}],"seed_played":"-6916327976390368446","potions_obtained":[{"floor":5,"key":"EssenceOfSteel"},{"floor":6,"key":"SkillPotion"},{"floor":8,"key":"SteroidPotion"},{"floor":12,"key":"SkillPotion"},{"floor":21,"key":"Strength Potion"}],"is_trial":false,"path_per_floor":["M","?","?","$","M","E","M","M","T","E","$","E","R","M","R","B",null,"M","?","M","M","$","R","E"],"character_chosen":"IRONCLAD","items_purchased":["Membership Card","Explosive Potion","Perfected Strike","Orrery","Bottled Lightning","Fire Breathing"],"campfire_rested":2,"item_purchase_floors":[4,4,11,11,22,22],"current_hp_per_floor":[74,63,56,56,62,68,73,75,75,54,54,32,54,53,53,8,58,63,63,47,22,22,44,0,0],"gold":29,"neow_bonus":"THREE_ENEMY_KILL","is_daily":false,"chose_seed":false,"campfire_upgraded":1,"win_rate":0.0,"timestamp":1613036598,"path_taken":["M","?","?","$","M","E","?","M","T","E","$","E","R","M","R","BOSS","M","?","M","M","$","R","E"],"items_purchased_type":["Relic","Potion","Card","Relic","Relic","Card"],"build_version":"2020-12-22","purchased_purges":2,"victory":false,"max_hp_per_floor":[75,75,75,75,75,75,75,75,75,75,75,75,75,75,75,75,75,75,75,75,75,75,75,75,75],"card_choices":[{"not_picked":["Iron Wave","Clothesline"],"picked":"Perfected Strike","floor":1.0},{"not_picked":["Clothesline","Flame Barrier"],"picked":"Thunderclap","floor":5},{"not_picked":["Sword Boomerang","Rage"],"picked":"Feel No Pain","floor":6},{"not_picked":["Havoc","Sever Soul"],"picked":"Anger","floor":7},{"not_picked":["Sentinel","Feel No Pain"],"picked":"Uppercut","floor":8},{"not_picked":["Flex","Flame Barrier"],"picked":"Pommel Strike","floor":10},{"not_picked":["Reaper","Rupture"],"picked":"Immolate","floor":11},{"not_picked":["Carnage","Spot Weakness"],"picked":"Reaper","floor":11},{"not_picked":["Flame Barrier","Anger"],"picked":"Offering","floor":11},{"not_picked":["Intimidate","Iron Wave"],"picked":"Ghostly Armor","floor":12},{"not_picked":["Havoc","True Grit"],"picked":"Pommel Strike","floor":14},{"not_picked":["Immolate","Feed"],"picked":"Corruption","floor":16},{"not_picked":["Armaments","Bloodletting"],"picked":"Wild Strike","floor":18},{"not_picked":["Disarm","Clothesline"],"picked":"Entrench","floor":20},{"not_picked":["Thunderclap","Headbutt","Anger+1"],"picked":"SKIP","floor":21}],"player_experience":444156,"relics_obtained":[{"floor":6,"key":"Bronze Scales"},{"floor":9,"key":"Oddly Smooth Stone"},{"floor":10,"key":"Happy Flower"},{"floor":12,"key":"Nunchaku"}],"event_choices":[{"damage_healed":0.0,"max_hp_gain":0.0,"max_hp_loss":0.0,"gold_gain":75.0,"event_name":"World of Goop","player_choice":"Gather Gold","floor":2.0,"gold_loss":0.0,"damage_taken":11.0},{"damage_healed":0,"gold_gain":50,"player_choice":"Touch","damage_taken":7,"max_hp_gain":0,"max_hp_loss":0,"event_name":"FaceTrader","floor":3,"gold_loss":0},{"damage_healed":0,"gold_gain":50,"player_choice":"Stole From Cult","damage_taken":0,"max_hp_gain":0,"max_hp_loss":0,"event_name":"Nest","floor":19,"gold_loss":0}],"is_beta":false,"boss_relics":[{"not_picked":["Velvet Choker","Snecko Eye"],"picked":"Black Blood"}],"items_purged_floors":[4,22],"is_endless":false,"potions_floor_spawned":[5,6,8,12,20,21],"killed_by":"Book of Stabbing","ascension_level":19}}