{"host":"dvpvhz1t6etneyb3","time":1613067051,"event":{"mods":["AchievementEnabler","BaseMod","Colored Map","Highlight Path","Minty Spire (QoL Compilation)","Permanent Neow","Quick Restart"],"gold_per_floor":[211,226,226,53,64,94,94,128,128,128,145,145,171,206,206,283,283,298,309,326,251,451,451,481,481,505,505,505],"floor_reached":27,"language":"ENG","playtime":924,"items_purged":[],"score":498,"play_id":"86c8e770-6370-45a5-8fdf-f6a48ddc7b32","local_time":"20210211131051","is_ascension_mode":true,"campfire_choices":[{"data":"Defragment","floor":7.0,"key":"SMITH"},{"floor":10.0,"key":"REST"},{"floor":15,"key":"REST"},{"floor":23,"key":"REST"},{"floor":25,"key":"REST"}],"circlet_count":0,"master_deck":["AscendersBane","Strike_B","Strike_B","Strike_B","Defend_B","Defend_B","Defend_B","Defend_B","Zap","Dualcast","Gash","Defragment+1","Conserve Battery","Ball Lightning","Doom and Gloom","Static Discharge+1","Machine Learning+1","Buffer+1","FTL","Consume","Genetic Algorithm"],"relics":["Cracked Core","Runic Capacitor","Juzu Bracelet","Frozen Egg 2","PreservedInsect","Odd Mushroom","Happy Flower","Nuclear Battery","Toy Ornithopter","Bronze Scales"],"acts_visited":["Exordium","TheCity"],"potions_floor_usage":[11,13,16,19,24,27],"damage_taken":[{"damage":1.0,"enemies":"Cultist","floor":1.0,"turns":4.0},{"damage":0.0,"enemies":"2 Louse","floor":2.0,"turns":3.0},{"damage":4.0,"enemies":"Small Slimes","floor":5.0,"turns":3.0},{"damage":14.0,"enemies":"Gremlin Nob","floor":6.0,"turns":3.0},{"damage":40.0,"enemies":"3 Sentries","floor":8.0,"turns":7.0},{"damage":9,"enemies":"Gremlin Gang","floor":11,"turns":5},{"damage":0,"enemies":"The Mushroom Lair","floor":13,"turns":3},{"damage":8,"enemies":"Gremlin Nob","floor":14,"turns":3},{"damage":19,"enemies":"Hexaghost","floor":16,"turns":5},{"damage":11,"enemies":"Spheric Guardian","floor":18,"turns":4},{"damage":9,"enemies":"3 Byrds","floor":19,"turns":2},{"damage":14,"enemies":"Centurion and Healer","floor":20,"turns":6},{"damage":38,"enemies":"Book of Stabbing","floor":24,"turns":4},{"damage":44,"enemies":"Slavers","floor":27,"turns":2}],"seed_played":"-7144109522010448298","potions_obtained":[{"floor":1.0,"key":"AttackPotion"},{"floor":5.0,"key":"AttackPotion"},{"floor":6.0,"key":"Weak Potion"},{"floor":12,"key":"BlessingOfTheForge"},{"floor":12,"key":"SkillPotion"},{"floor":13,"key":"BlessingOfTheForge"},{"floor":14,"key":"DistilledChaos"},{"floor":16,"key":"DistilledChaos"},{"floor":20,"key":"GamblersBrew"}],"is_trial":false,"path_per_floor":["M","M","?","$","M","E","R","E","T","R","M","?","?","E","R","B",null,"M","M","M","?","?","R","E","R","T","E"],"character_chosen":"DEFECT","items_purchased":["Runic Capacitor"],"campfire_rested":4,"item_purchase_floors":[4],"current_hp_per_floor":[63,63,68,68,64,50,50,10,10,32,23,23,23,15,37,18,62,51,42,28,28,28,50,12,34,34,0,0],"gold":505,"neow_bonus":"HUNDRED_GOLD","is_daily":false,"chose_seed":false,"campfire_upgraded":1,"win_rate":0.0,"timestamp":1613067051,"path_taken":["M","M","?","$","M","E","R","E","T","R","M","?","?","E","R","BOSS","M","M","M","?","?","R","E","R","T","E"],"items_purchased_type":["Relic"],"build_version":"2020-12-22","purchased_purges":0,"victory":false,"max_hp_per_floor":[71,71,76,76,76,76,76,76,76,76,76,76,76,76,76,76,76,76,76,76,76,76,76,76,76,76,76,76],"card_choices":[{"not_picked":["Force Field","Coolheaded"],"picked":"Gash","floor":1.0},{"not_picked":["Consume","Heatsinks"],"picked":"Defragment","floor":2.0},{"not_picked":["Go for the Eyes","Conserve Battery","Leap"],"picked":"SKIP","floor":5.0},{"not_picked":["Go for the Eyes","Leap"],"picked":"Conserve Battery","floor":5.0},{"not_picked":["Defragment","Cold Snap"],"picked":"Ball Lightning","floor":6.0},{"not_picked":["Consume","Leap"],"picked":"Doom and Gloom","floor":8.0},{"not_picked":["Leap","BootSequence"],"picked":"Static Discharge+1","floor":11},{"not_picked":["Force Field","Go for the Eyes"],"picked":"Machine Learning+1","floor":14},{"not_picked":["Multi-Cast","Thunder Strike"],"picked":"Buffer+1","floor":16},{"not_picked":["Scrape","Redo","Static Discharge+1"],"picked":"SKIP","floor":18},{"not_picked":["Turbo","BootSequence"],"picked":"FTL","floor":19},{"not_picked":["Steam Power","Hello World+1"],"picked":"Consume","floor":20},{"not_picked":["Heatsinks+1","Static Discharge+1"],"picked":"Genetic Algorithm","floor":24}],"player_experience":2189998,"relics_obtained":[{"floor":6.0,"key":"Juzu Bracelet"},{"floor":8.0,"key":"Frozen Egg 2"},{"floor":9.0,"key":"PreservedInsect"},{"floor":13,"key":"Odd Mushroom"},{"floor":14,"key":"Happy Flower"},{"floor":24,"key":"Toy Ornithopter"},{"floor":26,"key":"Bronze Scales"}],"event_choices":[{"damage_healed":0.0,"max_hp_gain":5.0,"max_hp_loss":0.0,"gold_gain":0.0,"event_name":"Big Fish","player_choice":"Donut","floor":3.0,"gold_loss":0.0,"damage_taken":0.0},{"damage_healed":0,"gold_gain":0,"player_choice":"Got Potions","damage_taken":0,"max_hp_gain":0,"max_hp_loss":0,"event_name":"Lab","floor":12,"gold_loss":0},{"damage_healed":0,"gold_gain":0,"player_choice":"Fought Mushrooms","damage_taken":0,"max_hp_gain":0,"max_hp_loss":0,"event_name":"Mushrooms","floor":13,"gold_loss":0},{"cards_removed":["Strike_B"],"damage_healed":0,"gold_gain":0,"player_choice":"Gave Gold","damage_taken":0,"max_hp_gain":0,"max_hp_loss":0,"event_name":"Beggar","floor":21,"gold_loss":75},{"damage_healed":0,"gold_gain":200,"player_choice":"Gold","damage_taken":0,"max_hp_gain":0,"max_hp_loss":0,"event_name":"Wheel of Change","floor":22,"gold_loss":0}],"is_beta":false,"boss_relics":[{"not_picked":["FrozenCore","Empty Cage"],"picked":"Nuclear Battery"}],"items_purged_floors":[],"is_endless":false,"potions_floor_spawned":[1,5,6,13,14,16,18,20],"killed_by":"Slavers","ascension_level":20}}