{"host":"vex7walpoxzv48nx","time":1613080511,"event":{"mods":["AchievementEnabler","BaseMod","Highlight Path","Minty Spire (QoL Compilation)","Permanent Neow","Quick Restart","StSLib","UnlockEverythingMod"],"gold_per_floor":[112,123,135,153,153,153,172,172,172,172,199,232,232,232],"floor_reached":13,"language":"ENG","playtime":758,"items_purged":[],"score":190,"play_id":"fca315cf-d0bb-42b3-951a-410a07bdbc65","local_time":"20210211225511","is_ascension_mode":true,"campfire_choices":[{"data":"Carnage","floor":6.0,"key":"SMITH"},{"data":"Bash","floor":8.0,"key":"SMITH"}],"circlet_count":0,"master_deck":["AscendersBane","Strike_R","Strike_R","Strike_R","Strike_R","Defend_R","Defend_R","Defend_R","Defend_R","Bash+1","Blood for Blood","Twin Strike","Carnage+1","Blood for Blood","Seeing Red","Double Tap"],"relics":["Burning Blood","MealTicket","WingedGreaves","Charon\u0027s Ashes","Molten Egg 2"],"acts_visited":["Exordium"],"potions_floor_usage":[],"damage_taken":[{"damage":12.0,"enemies":"Jaw Worm","floor":1.0,"turns":3.0},{"damage":10.0,"enemies":"Small Slimes","floor":2.0,"turns":4.0},{"damage":2.0,"enemies":"Cultist","floor":3.0,"turns":4.0},{"damage":18.0,"enemies":"Large Slime","floor":4.0,"turns":5.0},{"damage":14.0,"enemies":"Blue Slaver","floor":7.0,"turns":4.0},{"damage":32.0,"enemies":"Gremlin Nob","floor":11.0,"turns":4.0},{"damage":15.0,"enemies":"3 Sentries","floor":12.0,"turns":6.0},{"damage":8,"enemies":"Gremlin Nob","floor":13,"turns":3}],"seed_played":"-1947749936925993391","potions_obtained":[{"floor":1.0,"key":"BlessingOfTheForge"},{"floor":4.0,"key":"PowerPotion"},{"floor":11.0,"key":"Energy Potion"}],"is_trial":false,"path_per_floor":["M","M","M","M","?","R","M","R","T","?","E","E","E"],"character_chosen":"IRONCLAD","items_purchased":[],"campfire_rested":0,"item_purchase_floors":[],"current_hp_per_floor":[62,58,62,50,43,43,35,35,35,60,34,25,17,17],"gold":232,"neow_bonus":"RANDOM_COMMON_RELIC","is_daily":false,"chose_seed":false,"campfire_upgraded":2,"win_rate":0.0,"timestamp":1613080511,"path_taken":["M","M","M","M","?","R","M","R","T","?","E","E","E"],"items_purchased_type":[],"build_version":"2020-12-22","purchased_purges":0,"victory":false,"max_hp_per_floor":[75,75,75,75,75,75,75,75,75,75,75,75,75,75],"card_choices":[{"not_picked":["Anger","Metallicize"],"picked":"Blood for Blood","floor":1.0},{"not_picked":["Anger","Rage","Sentinel"],"picked":"SKIP","floor":2.0},{"not_picked":["Evolve","True Grit"],"picked":"Twin Strike","floor":3.0},{"not_picked":["Anger","Sword Boomerang"],"picked":"Carnage","floor":4.0},{"not_picked":["Heavy Blade","Clash"],"picked":"Blood for Blood","floor":7.0},{"not_picked":["Headbutt","Intimidate"],"picked":"Seeing Red","floor":11.0},{"not_picked":["Seeing Red","Reckless Charge+1"],"picked":"Double Tap","floor":12.0}],"player_experience":305199,"relics_obtained":[{"floor":9.0,"key":"WingedGreaves"},{"floor":11.0,"key":"Charon\u0027s Ashes"},{"floor":12.0,"key":"Molten Egg 2"}],"event_choices":[{"cards_removed":["Strike_R"],"damage_healed":0.0,"max_hp_gain":0.0,"max_hp_loss":0.0,"gold_gain":0.0,"event_name":"Golden Wing","player_choice":"Card Removal","floor":5.0,"gold_loss":0.0,"damage_taken":7.0},{"damage_healed":25.0,"max_hp_gain":0.0,"max_hp_loss":0.0,"gold_gain":0.0,"event_name":"Big Fish","player_choice":"Banana","floor":10.0,"gold_loss":0.0,"damage_taken":0.0}],"is_beta":false,"boss_relics":[],"items_purged_floors":[],"is_endless":false,"potions_floor_spawned":[1,4,11],"killed_by":"Gremlin Nob","ascension_level":20}}