{"host":"kfd0jpqqxt101ydt","time":1613047370,"event":{"mods":["BaseMod","Downfall","Googly Eyes","Highlight Path","Minty Spire (QoL Compilation)","StSLib"],"gold_per_floor":[99,117,117,134,44,44,125,151,36,36,52,66,91,103,117,213,213,213,223,242,259,277,277,328,346,346,346,365,399,499,195,214,313,313,313,326,378,122,142,156,156,156,151,164,214,232,248,267,283,283],"floor_reached":51,"language":"ENG","playtime":4038,"items_purged":["champ:Strike","champ:Strike","Pain"],"score":687,"play_id":"1a7e5203-b075-42ac-b9ef-e0ecbe1a9eb9","local_time":"20210211144250","is_ascension_mode":false,"campfire_choices":[{"data":"champ:Taunt","floor":1,"key":"SMITH"},{"data":"champ:RecklessLeap","floor":10,"key":"SMITH"},{"data":"champ:StrikeOfGenius","floor":18,"key":"SMITH"},{"data":"champ:StanceDance","floor":27,"key":"SMITH"},{"data":"champ:Shatter","floor":35,"key":"SMITH"},{"data":"champ:Lariat","floor":42,"key":"SMITH"}],"circlet_count":0,"master_deck":["champ:Defend","champ:Defend","champ:Defend","champ:Defend","champ:Execute","champ:Taunt+1","champ:PreciseThrust","champ:ArenaPreparation","champ:BerserkersShout","champ:ArenaPreparation","champ:DeathBlow","champ:RecklessLeap+1","champ:TripleStrike","champ:StanceDance+1","champ:GutPunch","champ:StrikeOfGenius+1","champ:BringItOn+1","champ:CalledShot","champ:ArenaPreparation","Decay","champ:Circumvent","champ:Lariat+1","champ:ShieldThrow","J.A.X.","champ:Shatter+1","champ:HoldFirm","champ:StanceDance","champ:FanOfKnives+1","champ:BerserkersShout+1","champ:ArenaPreparation+1","champ:FancyFootwork+1","champ:CheapShot","champ:TornadoPunch"],"relics":["champ:ChampionCrownUpgraded","Meat on the Bone","TungstenRod","Pantograph","Cursed Key","champ:BerserkersGuideToSlaughter","Happy Flower","Vajra","MutagenicStrength","StoneCalendar","Girya","Ornamental Fan","Shuriken","Bottled Flame","Gambling Chip"],"acts_visited":["Exordium","TheCity","TheBeyond"],"potions_floor_usage":[16],"damage_taken":[{"damage":10,"enemies":"2 Louse","floor":2,"turns":3},{"damage":11,"enemies":"Cultist","floor":4,"turns":4},{"damage":35,"enemies":"downfall:FleeingMerchant","floor":5,"turns":4},{"damage":35,"enemies":"Lagavulin","floor":8,"turns":6},{"damage":29,"enemies":"downfall:FleeingMerchant","floor":9,"turns":4},{"damage":9,"enemies":"Small Slimes","floor":11,"turns":2},{"damage":51,"enemies":"Gremlin Gang","floor":12,"turns":5},{"damage":90,"enemies":"3 Sentries","floor":13,"turns":6},{"damage":29,"enemies":"2 Fungi Beasts","floor":14,"turns":2},{"damage":24,"enemies":"3 Louse","floor":15,"turns":2},{"damage":65,"enemies":"WA_ARCHETYPE_RETAIN","floor":16,"turns":5},{"damage":57,"enemies":"3 Byrds","floor":19,"turns":5},{"damage":21,"enemies":"Chosen","floor":20,"turns":3},{"damage":53,"enemies":"3 Cultists","floor":21,"turns":5},{"damage":46,"enemies":"Centurion and Healer","floor":22,"turns":4},{"damage":25,"enemies":"Snake Plant","floor":25,"turns":3},{"damage":46,"enemies":"Chosen and Byrds","floor":28,"turns":4},{"damage":96,"enemies":"Gremlin Leader","floor":29,"turns":5},{"damage":34,"enemies":"downfall:Augmenter","floor":30,"turns":6},{"damage":1,"enemies":"downfall:FleeingMerchant","floor":31,"turns":4},{"damage":52,"enemies":"Cultist and Chosen","floor":32,"turns":4},{"damage":108,"enemies":"DF_ARCHETYPE_CLAW","floor":33,"turns":7},{"damage":21,"enemies":"Orb Walker","floor":36,"turns":2},{"damage":63,"enemies":"2 Orb Walkers","floor":37,"turns":2},{"damage":75,"enemies":"downfall:FleeingMerchant","floor":38,"turns":4},{"damage":12,"enemies":"3 Darklings","floor":39,"turns":4},{"damage":15,"enemies":"Sphere and 2 Shapes","floor":40,"turns":3},{"damage":17,"enemies":"downfall:FleeingMerchant","floor":43,"turns":1},{"damage":28,"enemies":"4 Shapes","floor":44,"turns":2},{"damage":47,"enemies":"4 Shapes","floor":45,"turns":5},{"damage":33,"enemies":"Jaw Worm Horde","floor":46,"turns":2},{"damage":54,"enemies":"Sphere and 2 Shapes","floor":47,"turns":2},{"damage":69,"enemies":"Spire Growth","floor":48,"turns":4},{"damage":4,"enemies":"Jaw Worm Horde","floor":49,"turns":1},{"damage":127,"enemies":"IC_BLOCK_ARCHETYPE","floor":50,"turns":7}],"seed_played":"2386424917104825853","potions_obtained":[{"floor":2,"key":"LiquidMemories"},{"floor":4,"key":"DistilledChaos"},{"floor":12,"key":"AttackPotion"},{"floor":13,"key":"Fire Potion"},{"floor":20,"key":"Regen Potion"},{"floor":33,"key":"PowerPotion"},{"floor":36,"key":"Slimebound:ThreeZeroPotion"}],"is_trial":false,"path_per_floor":["R","M","?","M","$","?","T","E","$","R","M","M","E","M","M","B",null,"R","M","M","M","M","?","T","M","?","R","M","E","?","$","M","B",null,"R","M","?","$","M","M","T","R","$","M","?","M","M","M","M","B",null],"character_chosen":"THE_CHAMP","items_purchased":["StoneCalendar","Ornamental Fan","Bottled Flame"],"campfire_rested":0,"item_purchase_floors":[31,38,43],"current_hp_per_floor":[99,99,99,93,93,93,93,78,96,96,97,99,93,99,99,96,99,99,99,95,97,99,99,99,99,99,99,98,81,92,96,99,90,99,99,99,99,99,99,99,99,99,99,96,98,99,99,99,99,91],"gold":283,"neow_bonus":"TEN_PERCENT_HP_BONUS","is_daily":false,"chose_seed":false,"campfire_upgraded":6,"win_rate":0.0,"timestamp":1613047370,"path_taken":["R","M","?","?","$","?","T","E","$","R","M","M","E","M","M","BOSS","R","M","M","?","M","?","T","M","?","R","M","E","?","$","M","BOSS","R","M","?","$","M","M","T","R","$","M","?","M","M","M","M","BOSS"],"items_purchased_type":["Relic","Relic","Relic"],"build_version":"2020-12-22","purchased_purges":3,"victory":true,"max_hp_per_floor":[99,99,99,99,99,99,99,99,99,99,99,99,99,99,99,99,99,99,99,99,99,99,99,99,99,99,99,99,99,99,99,99,99,99,99,99,99,99,99,99,99,99,99,99,99,99,99,99,99,99],"card_choices":[{"not_picked":["champ:Backstep","champ:BerserkersShout"],"picked":"champ:PreciseThrust","floor":2},{"not_picked":["champ:Haymaker","champ:PerfectedStrike"],"picked":"champ:ArenaPreparation","floor":4},{"not_picked":["champ:PreemptiveStrike","champ:Parry"],"picked":"champ:BerserkersShout","floor":5},{"not_picked":["champ:StanceDance","champ:Parry"],"picked":"champ:DeathBlow","floor":8},{"not_picked":["champ:SetATrap","champ:SkillfulDodge"],"picked":"champ:RecklessLeap","floor":9},{"not_picked":["champ:EndlessRage","champ:ArenaPreparation","champ:PreciseThrust"],"picked":"SKIP","floor":11},{"not_picked":["champ:BerserkersShout","champ:Haymaker"],"picked":"champ:TripleStrike","floor":12},{"not_picked":["champ:TornadoPunch","champ:EnGarde"],"picked":"champ:StanceDance","floor":13},{"not_picked":["champ:BladeFlurry","champ:IronFortress","champ:EnGarde"],"picked":"SKIP","floor":14},{"not_picked":["champ:AdrenalArmor","champ:Shatter"],"picked":"champ:GutPunch","floor":15},{"not_picked":["champ:DancingMaster","champ:SwordThrow"],"picked":"champ:StrikeOfGenius","floor":16},{"not_picked":["champ:IronFortress","champ:Circumvent"],"picked":"champ:BringItOn+1","floor":19},{"not_picked":["champ:Duel","champ:GladiatorStyle"],"picked":"champ:CalledShot","floor":20},{"not_picked":["champ:DefensiveShout","champ:CrownThrow","champ:AdrenalArmor"],"picked":"SKIP","floor":21},{"not_picked":["champ:FancyFootwork","champ:FaceSlap"],"picked":"champ:ArenaPreparation","floor":22},{"not_picked":["champ:PerfectedStrike","champ:CrownThrow","champ:ShieldSlam+1"],"picked":"SKIP","floor":25},{"not_picked":["champ:Haymaker","champ:Parry"],"picked":"champ:Circumvent","floor":28},{"not_picked":["champ:HeavySlash","champ:AdrenalArmor","champ:RapidStrikes"],"picked":"SKIP","floor":29},{"not_picked":[],"picked":"J.A.X.","floor":30},{"not_picked":["champ:Haymaker+1","champ:RisingSlash+1"],"picked":"champ:Shatter","floor":30},{"not_picked":["champ:FocusedDefense","champ:Endure","champ:DefensiveShout"],"picked":"SKIP","floor":31},{"not_picked":["champ:FaceSlap","champ:AdrenalArmor","champ:EnragedBash"],"picked":"SKIP","floor":32},{"not_picked":["champ:MurderStrike","champ:HeavySlash"],"picked":"champ:HoldFirm","floor":33},{"not_picked":["champ:EnragedBash","champ:FocusedBerserking"],"picked":"champ:StanceDance","floor":36},{"not_picked":["champ:Backstep","champ:FocusedDefense"],"picked":"champ:FanOfKnives+1","floor":38},{"not_picked":["champ:EnGarde","champ:Circumvent"],"picked":"champ:BerserkersShout+1","floor":39},{"not_picked":["champ:GutPunch","champ:Shatter","champ:FocusedBerserking"],"picked":"SKIP","floor":40},{"not_picked":["champ:BringItOn","champ:Shatter","champ:FalseCounter"],"picked":"SKIP","floor":43},{"not_picked":["champ:BringItOn+1","champ:EnragedBash+1"],"picked":"champ:ArenaPreparation+1","floor":44},{"not_picked":["champ:GladiatorStyle","champ:RapidStrikes+1"],"picked":"champ:FancyFootwork+1","floor":45},{"not_picked":["champ:CrownThrow+1","champ:Endure+1"],"picked":"champ:CheapShot","floor":46},{"not_picked":["champ:PreciseThrust+1","champ:EnGarde+1"],"picked":"champ:TornadoPunch","floor":47},{"not_picked":["champ:DeathBlow+1","champ:SkillfulDodge","champ:CrownThrow+1"],"picked":"SKIP","floor":48},{"not_picked":["champ:BerserkersShout","champ:EndlessRage","champ:GutPunch"],"picked":"SKIP","floor":49}],"player_experience":17087,"relics_obtained":[{"floor":7,"key":"Meat on the Bone"},{"floor":8,"key":"TungstenRod"},{"floor":13,"key":"Pantograph"},{"floor":24,"key":"Happy Flower"},{"floor":29,"key":"Vajra"},{"floor":30,"key":"MutagenicStrength"},{"floor":37,"key":"Girya"},{"floor":41,"key":"Shuriken"},{"floor":45,"key":"Gambling Chip"}],"event_choices":[{"cards_removed":["Strike_R"],"damage_healed":0,"gold_gain":0,"player_choice":"Took Card","damage_taken":0,"max_hp_gain":0,"max_hp_loss":0,"event_name":"NoteForYourself","floor":3,"gold_loss":0,"cards_obtained":["Strike_R"]},{"damage_healed":0,"gold_gain":0,"player_choice":"Ignored","damage_taken":0,"max_hp_gain":0,"max_hp_loss":0,"event_name":"Vampires","floor":26,"gold_loss":0},{"damage_healed":0,"gold_gain":0,"player_choice":"Fight","damage_taken":0,"max_hp_gain":0,"max_hp_loss":0,"event_name":"Mysterious Sphere","floor":37,"gold_loss":0}],"is_beta":false,"boss_relics":[{"not_picked":["Busted Crown","Runic Dome"],"picked":"Cursed Key"},{"not_picked":["bronze:MakeshiftBattery","Sozu"],"picked":"champ:ChampionCrownUpgraded"}],"items_purged_floors":[5,9,43],"is_endless":false,"potions_floor_spawned":[2,4,12,13,14,15,20,28,30,33,36,39,45,46,47,48],"ascension_level":0}}