{"host":"rp3jcgpl3wimy2es","time":1613085604,"event":{"mods":["BaseMod","Colored Map","Downfall","Minty Spire (QoL Compilation)","StSLib"],"gold_per_floor":[99,111,123,133,151,168,168,193,209,109,127,153,190,200,222,332,332,132,153,253,276,276,302,302,66,99,92,132,156,156,179,202,301,301,301,320,371,386,436,436,436,436,465,482,482,510,524,556,583,595,595,595],"floor_reached":50,"language":"ENG","playtime":14538,"items_purged":["hexamod:Defend","hexamod:Defend"],"score":767,"play_id":"d96fb473-6b0f-4c15-8dd8-6cb79bd142f2","local_time":"20210211152004","is_ascension_mode":false,"campfire_choices":[{"data":"hexamod:Sear","floor":1.0,"key":"SMITH"},{"floor":10.0,"key":"RECALL"},{"data":"hexamod:EtherealExpedition","floor":18.0,"key":"SMITH"},{"data":"hexamod:HexaLevel","floor":30.0,"key":"SMITH"},{"data":"hexamod:UnlimitedPower","floor":35.0,"key":"SMITH"},{"data":"expansioncontent:InvincibleStrength","floor":42.0,"key":"SMITH"},{"data":"hexamod:ThermalTransfer","floor":45,"key":"SMITH"}],"circlet_count":0,"master_deck":["hexamod:Strike+1","hexamod:Strike","hexamod:Strike","hexamod:Strike","hexamod:Defend","hexamod:Defend","hexamod:Sear+1","hexamod:Float","hexamod:Hexaguard","hexamod:Again","hexamod:GhostOfSpirePast","hexamod:HeatMetal","hexamod:EtherealExpedition+1","hexamod:ThermalTransfer+1","hexamod:TimeWarp+1","hexamod:WildfireWeapon","hexamod:EmpoweredFlame","hexamod:BurningTouch+1","hexamod:EmpoweredFlame+1","hexamod:HexaLevel+1","hexamod:Hexaguard+1","hexamod:FastForward+1","hexamod:Hexaguard+1","hexamod:HeatShield+1","hexamod:SearingWound","hexamod:UnlimitedPower+1","hexamod:BurningTouch+1","expansioncontent:DashGenerateEvil","hexamod:WildfireWeapon","expansioncontent:GuardianWhirl","expansioncontent:LastStand","expansioncontent:InvincibleStrength+1","hexamod:GhostOfSpirePresent","hexamod:EtherealExpedition+1","hexamod:BurningTouch+1","hexamod:HeatCrush+1","hexamod:WildfireWeapon"],"relics":["hexamod:SpiritBrand","Darkstone Periapt","downfall:HeartBlessingBlue","Ornamental Fan","Coffee Dripper","downfall:HeartBlessingRed","downfall:HeartBlessingGreen","MutagenicStrength","White Beast Statue","Sling","Eternal Feather","MealTicket","hexamod:TheBrokenSeal","Runic Pyramid","Torii","Mummified Hand","CaptainsWheel","Whetstone","MawBank"],"acts_visited":["Exordium","TheCity","TheBeyond"],"potions_floor_usage":[44,48,50,50,50],"damage_taken":[{"damage":6.0,"enemies":"Cultist","floor":2.0,"turns":4.0},{"damage":0.0,"enemies":"Jaw Worm","floor":3.0,"turns":3.0},{"damage":3.0,"enemies":"Small Slimes","floor":4.0,"turns":4.0},{"damage":2.0,"enemies":"Blue Slaver","floor":5.0,"turns":6.0},{"damage":0.0,"enemies":"2 Fungi Beasts","floor":6.0,"turns":3.0},{"damage":11.0,"enemies":"Gremlin Nob","floor":8.0,"turns":3.0},{"damage":3.0,"enemies":"3 Louse","floor":9.0,"turns":3.0},{"damage":2.0,"enemies":"Large Slime","floor":11.0,"turns":7.0},{"damage":3.0,"enemies":"Red Slaver","floor":12.0,"turns":3.0},{"damage":10.0,"enemies":"3 Sentries","floor":13.0,"turns":8.0},{"damage":4.0,"enemies":"3 Louse","floor":14.0,"turns":3.0},{"damage":3.0,"enemies":"2 Fungi Beasts","floor":15.0,"turns":4.0},{"damage":2.0,"enemies":"SI_SHIV_ARCHETYPE","floor":16.0,"turns":12.0},{"damage":0.0,"enemies":"Spheric Guardian","floor":19.0,"turns":4.0},{"damage":0.0,"enemies":"Chosen","floor":21.0,"turns":4.0},{"damage":4.0,"enemies":"Shelled Parasite and Fungi","floor":23.0,"turns":5.0},{"damage":0.0,"enemies":"downfall:FleeingMerchant","floor":25.0,"turns":4.0},{"damage":1.0,"enemies":"Gremlin Leader","floor":26.0,"turns":4.0},{"damage":3.0,"enemies":"downfall:FleeingMerchant","floor":27.0,"turns":4.0},{"damage":4.0,"enemies":"Book of Stabbing","floor":28.0,"turns":3.0},{"damage":8.0,"enemies":"Centurion and Healer","floor":29.0,"turns":7.0},{"damage":20.0,"enemies":"Snake Plant","floor":31.0,"turns":5.0},{"damage":40.0,"enemies":"Cultist and Chosen","floor":32.0,"turns":9.0},{"damage":0.0,"enemies":"IC_MUSHROOM_ARCHETYPE","floor":33.0,"turns":6.0},{"damage":0.0,"enemies":"Orb Walker","floor":36.0,"turns":3.0},{"damage":0.0,"enemies":"downfall:FleeingMerchant","floor":37.0,"turns":3.0},{"damage":0.0,"enemies":"3 Shapes","floor":38.0,"turns":3.0},{"damage":8.0,"enemies":"3 Shapes","floor":39.0,"turns":3.0},{"damage":0.0,"enemies":"Reptomancer","floor":43.0,"turns":5.0},{"damage":0,"enemies":"Maw","floor":44,"turns":3},{"damage":1,"enemies":"Nemesis","floor":46,"turns":6},{"damage":10,"enemies":"Transient","floor":47,"turns":5},{"damage":61,"enemies":"Reptomancer","floor":48,"turns":3},{"damage":15,"enemies":"Writhing Mass","floor":49,"turns":3},{"damage":10,"enemies":"WA_ARCHETYPE_DIVINITY","floor":50,"turns":5}],"seed_played":"8137533986924659592","potions_obtained":[{"floor":4.0,"key":"DistilledChaos"},{"floor":6.0,"key":"AttackPotion"},{"floor":8.0,"key":"PowerPotion"},{"floor":9.0,"key":"Ancient Potion"},{"floor":12.0,"key":"AttackPotion"},{"floor":13.0,"key":"Ancient Potion"},{"floor":23.0,"key":"ColorlessPotion"},{"floor":25.0,"key":"sneckomod:MuddlingPotion"},{"floor":26.0,"key":"ColorlessPotion"},{"floor":27.0,"key":"Dexterity Potion"},{"floor":28.0,"key":"EssenceOfSteel"},{"floor":29.0,"key":"SkillPotion"},{"floor":31.0,"key":"BlessingOfTheForge"},{"floor":32.0,"key":"Strength Potion"},{"floor":33.0,"key":"ColorlessPotion"},{"floor":36.0,"key":"Energy Potion"},{"floor":37.0,"key":"hexamod:EctoCoolerPotion"},{"floor":39.0,"key":"sneckomod:MuddlingPotion"},{"floor":43.0,"key":"hexamod:SoulburnPotion"},{"floor":44,"key":"sneckomod:MuddlingPotion"},{"floor":46,"key":"bronze:BurnAndBuffPotion"},{"floor":47,"key":"hexamod:SoulburnPotion"},{"floor":48,"key":"Dexterity Potion"},{"floor":49,"key":"AttackPotion"}],"is_trial":false,"path_per_floor":["R","M","M","M","M","M","T","E","M","R","M","M","E","M","M","B",null,"R","M","?","M","?","M","T","$","E","$","E","M","R","M","M","B",null,"R","M","$","M","?","?","T","R","E","M","R","E","M","E","M","B"],"character_chosen":"THE_SPIRIT","items_purchased":["Sling","expansioncontent:DashGenerateEvil"],"campfire_rested":0,"item_purchase_floors":[25,37],"current_hp_per_floor":[77,71,71,68,66,66,66,55,52,62,60,57,47,43,40,38,87,87,87,87,87,87,83,83,83,82,86,82,74,87,67,63,63,97,97,97,97,97,89,79,79,97,97,97,97,96,86,25,10,0,0,0],"gold":595,"neow_bonus":"TEN_PERCENT_HP_BONUS","is_daily":false,"chose_seed":false,"campfire_upgraded":6,"win_rate":0.0,"timestamp":1613085604,"path_taken":["R","M","M","?","M","M","T","E","M","R","M","?","E","M","M","BOSS","R","M","?","M","?","M","T","?","E","$","E","M","R","M","M","BOSS","R","M","$","M","?","?","T","R","E","M","R","E","M","E","M","BOSS"],"items_purchased_type":["Relic","Card"],"build_version":"2020-12-22","purchased_purges":2,"victory":false,"max_hp_per_floor":[77,77,77,77,77,77,77,77,77,87,87,87,87,87,87,87,87,87,87,87,87,87,87,87,87,87,87,87,87,87,87,97,97,97,97,97,97,97,97,97,97,97,97,97,97,97,97,97,97,97,97,97],"card_choices":[{"not_picked":["hexamod:SoulSteal","hexamod:ShieldOfDarkness"],"picked":"hexamod:Hexaguard","floor":2.0},{"not_picked":["hexamod:NightmareStrike","hexamod:GhostOfSpirePast"],"picked":"hexamod:Again","floor":3.0},{"not_picked":["hexamod:BacktrackSmack","hexamod:Haunt"],"picked":"hexamod:GhostOfSpirePast","floor":4.0},{"not_picked":["hexamod:ThermalTransfer","hexamod:ChargedBarrage"],"picked":"hexamod:HeatMetal","floor":5.0},{"not_picked":["hexamod:SpectersWail","hexamod:NecessarySacrifice","hexamod:HauntingEcho"],"picked":"SKIP","floor":6.0},{"not_picked":["hexamod:FastForward","hexamod:SoulSteal"],"picked":"hexamod:EtherealExpedition","floor":8.0},{"not_picked":["hexamod:InspiringFlames","hexamod:HauntingEcho"],"picked":"hexamod:SecondSeal","floor":9.0},{"not_picked":["hexamod:ExtraCrispy","hexamod:RecurringNightmare"],"picked":"hexamod:ThermalTransfer","floor":11.0},{"not_picked":["hexamod:BurningTouch","hexamod:NightmareStrike","hexamod:SwordOfDarkness"],"picked":"SKIP","floor":12.0},{"not_picked":["hexamod:EmpoweredFlame","hexamod:HauntingEcho"],"picked":"hexamod:TimeWarp","floor":13.0},{"not_picked":["hexamod:NightmareStrike","hexamod:SwordOfDarkness","hexamod:RetreatToShadows"],"picked":"SKIP","floor":14.0},{"not_picked":["hexamod:NightmareGuise","hexamod:ExtraCrispy","hexamod:HeatMetal"],"picked":"SKIP","floor":15.0},{"not_picked":["hexamod:TimeOfNeed","hexamod:TimeWarp"],"picked":"hexamod:WildfireWeapon","floor":16.0},{"not_picked":["hexamod:GhostflameBarrier","hexamod:HeatMetal"],"picked":"hexamod:EmpoweredFlame","floor":19.0},{"not_picked":["hexamod:GhostflameBarrier","hexamod:RadiantFlame"],"picked":"hexamod:BurningTouch+1","floor":21.0},{"not_picked":["hexamod:InspiringFlames","hexamod:BurningTouch"],"picked":"hexamod:ThirdSeal","floor":23.0},{"not_picked":["hexamod:BurningTouch","hexamod:Again"],"picked":"hexamod:EmpoweredFlame+1","floor":25.0},{"not_picked":["hexamod:Again","hexamod:CatchUp+1","hexamod:GhostShield"],"picked":"SKIP","floor":25.0},{"not_picked":["hexamod:NightmareGuise","hexamod:AdvancingGuard"],"picked":"hexamod:FirstSeal","floor":26.0},{"not_picked":["hexamod:GhostLash","hexamod:ThirdSeal"],"picked":"hexamod:HexaLevel","floor":26.0},{"not_picked":["hexamod:SpectersWail","hexamod:SearingWound"],"picked":"hexamod:Hexaguard+1","floor":27.0},{"not_picked":["hexamod:ThermalTransfer","hexamod:InspiringFlames","hexamod:Hexaguard"],"picked":"SKIP","floor":27.0},{"not_picked":["hexamod:ExtraCrispy+1","hexamod:GhostLash+1"],"picked":"hexamod:FifthSeal","floor":28.0},{"not_picked":["hexamod:SecondSeal","hexamod:FirstSeal"],"picked":"hexamod:FourthSeal","floor":29.0},{"not_picked":["hexamod:SwordOfDarkness","hexamod:HeatShield+1"],"picked":"hexamod:FastForward+1","floor":29.0},{"not_picked":["hexamod:HeatMetal","hexamod:GhostOfSpirePast","hexamod:CatchUp+1"],"picked":"SKIP","floor":29.0},{"not_picked":["hexamod:ThirdSeal","hexamod:FourthSeal"],"picked":"hexamod:SixthSeal","floor":31.0},{"not_picked":["hexamod:InspiringFlames","hexamod:AdvancingGuard"],"picked":"hexamod:Hexaguard","floor":31.0},{"not_picked":["hexamod:GhostLash+1","hexamod:DynamicBlow"],"picked":"hexamod:HeatShield+1","floor":31.0},{"not_picked":["hexamod:ShieldOfDarkness+1","hexamod:Hexaguard"],"picked":"hexamod:SearingWound","floor":32.0},{"not_picked":["hexamod:ForkedFlame","hexamod:TurnItUp"],"picked":"hexamod:UnlimitedPower","floor":33.0},{"not_picked":["hexamod:FastForward","hexamod:SwordOfDarkness+1"],"picked":"hexamod:BurningTouch+1","floor":36.0},{"not_picked":["hexamod:SpectersWail+1","hexamod:RadiantFlame","hexamod:BurningTouch"],"picked":"SKIP","floor":37.0},{"not_picked":["hexamod:ShieldOfDarkness","hexamod:Incineration+1"],"picked":"hexamod:WildfireWeapon","floor":38.0},{"not_picked":["expansioncontent:PrepareCrush","expansioncontent:Chronoboost"],"picked":"expansioncontent:GuardianWhirl","floor":40.0},{"not_picked":["expansioncontent:HyperBeam","expansioncontent:PolyBeam"],"picked":"expansioncontent:LastStand","floor":40.0},{"not_picked":["expansioncontent:Chronoboost","expansioncontent:YouAreMine"],"picked":"expansioncontent:InvincibleStrength","floor":40.0},{"not_picked":["hexamod:GhostOfSpirePast+1","hexamod:EmpoweredFlame"],"picked":"hexamod:GhostOfSpirePresent","floor":43.0},{"not_picked":["hexamod:GhostLash","hexamod:ThermalTransfer+1"],"picked":"hexamod:EtherealExpedition+1","floor":44},{"not_picked":["hexamod:ShieldOfDarkness","hexamod:SpectralAdrenaline+1"],"picked":"hexamod:BurningTouch+1","floor":46},{"not_picked":["hexamod:Rewind+1","hexamod:FastForward"],"picked":"hexamod:HeatCrush+1","floor":47},{"not_picked":["hexamod:ShieldOfDarkness","hexamod:BacktrackSmack"],"picked":"hexamod:WildfireWeapon","floor":48},{"not_picked":["hexamod:FastForward+1","hexamod:HauntingEcho","hexamod:SpectersWail"],"picked":"SKIP","floor":49}],"player_experience":171958,"relics_obtained":[{"floor":8.0,"key":"Darkstone Periapt"},{"floor":13.0,"key":"Ornamental Fan"},{"floor":24.0,"key":"White Beast Statue"},{"floor":26.0,"key":"Eternal Feather"},{"floor":28.0,"key":"MealTicket"},{"floor":39.0,"key":"Torii"},{"floor":41.0,"key":"Mummified Hand"},{"floor":43.0,"key":"CaptainsWheel"},{"floor":46,"key":"Whetstone"},{"floor":48,"key":"MawBank"}],"event_choices":[{"damage_healed":0.0,"max_hp_gain":0.0,"max_hp_loss":0.0,"gold_gain":0.0,"event_name":"Drug Dealer","player_choice":"Inject Mutagens","floor":22.0,"gold_loss":0.0,"damage_taken":0.0,"relics_obtained":["MutagenicStrength"]}],"is_beta":false,"boss_relics":[{"not_picked":["Runic Dome","Tiny House"],"picked":"Coffee Dripper"},{"not_picked":["Busted Crown","Pandora\u0027s Box"],"picked":"Runic Pyramid"}],"items_purged_floors":[25,37],"is_endless":false,"potions_floor_spawned":[4,6,8,9,12,13,23,25,26,27,28,29,31,32,33,36,37,38,39,43,44,46,47,48,49],"killed_by":"WA_ARCHETYPE_DIVINITY","ascension_level":0}}