{"host":"3a5itcmwo6ddh3id","time":1613078988,"event":{"mods":["BaseMod","Colored Map","Colored Powertips","Minty Spire (QoL Compilation)","Relic Stats"],"gold_per_floor":[114,114,125,125,138,138,169,181,181,21,54,66,66,76,76,151,151,166,177,2,2,21,21,48,48,48,48,48,79,79,24,24,97,147,166,178,13,32,79,110,110,139,166,166,36,66,66,11,11,11,11,11,11,11,38,38,38],"floor_reached":56,"language":"ENG","playtime":3886,"items_purged":[],"score":2333,"play_id":"b1cf3d3d-77d5-4223-abc2-e46209a45a6e","local_time":"20210211152948","is_ascension_mode":true,"campfire_choices":[{"data":"Consume","floor":6.0,"key":"SMITH"},{"data":"Capacitor","floor":13.0,"key":"SMITH"},{"data":"Buffer","floor":15.0,"key":"SMITH"},{"floor":23.0,"key":"REST"},{"floor":25.0,"key":"REST"},{"data":"Creative AI","floor":27.0,"key":"SMITH"},{"data":"Fission","floor":30.0,"key":"SMITH"},{"data":"Biased Cognition","floor":32.0,"key":"SMITH"},{"data":"Defragment","floor":41.0,"key":"SMITH"},{"floor":49.0,"key":"RECALL"},{"data":"Machine Learning","floor":53.0,"key":"SMITH"}],"circlet_count":0,"master_deck":["AscendersBane","Zap","Dualcast","Rebound+1","Cold Snap","Consume+1","Steam","Capacitor+1","Buffer+1","Ball Lightning","Biased Cognition+1","Tempest","Leap","Leap","Darkness","Chaos","Stack","Core Surge","Skim+1","Capacitor","Force Field","Fission+1","Storm","Creative AI+1","Coolheaded","Turbo","Echo Form","Self Repair","Cold Snap","Defragment+1","Machine Learning+1","Hologram+1","Loop","Barrage","Recycle"],"relics":["Nuclear Battery","Nunchaku","White Beast Statue","MealTicket","Orichalcum","FossilizedHelix","Pandora\u0027s Box","Enchiridion","Oddly Smooth Stone","Meat on the Bone","Thread and Needle","Tiny House","OrangePellets","Calipers","Pocketwatch","Strawberry","Mercury Hourglass","Singing Bowl","Pen Nib"],"acts_visited":["Exordium","TheCity","TheBeyond","TheEnding"],"potions_floor_usage":[56,56],"damage_taken":[{"damage":14.0,"enemies":"Jaw Worm","floor":1.0,"turns":4.0},{"damage":2.0,"enemies":"2 Louse","floor":3.0,"turns":3.0},{"damage":3.0,"enemies":"Small Slimes","floor":5.0,"turns":3.0},{"damage":10.0,"enemies":"3 Sentries","floor":7.0,"turns":14.0},{"damage":7.0,"enemies":"3 Louse","floor":8.0,"turns":4.0},{"damage":0.0,"enemies":"Lagavulin","floor":11.0,"turns":9.0},{"damage":0.0,"enemies":"Blue Slaver","floor":12.0,"turns":3.0},{"damage":0.0,"enemies":"Large Slime","floor":14.0,"turns":5.0},{"damage":0.0,"enemies":"The Guardian","floor":16.0,"turns":12.0},{"damage":27.0,"enemies":"2 Thieves","floor":18.0,"turns":3.0},{"damage":0.0,"enemies":"Chosen","floor":19.0,"turns":5.0},{"damage":0.0,"enemies":"Snake Plant","floor":22.0,"turns":4.0},{"damage":22.0,"enemies":"Gremlin Leader","floor":24.0,"turns":6.0},{"damage":35.0,"enemies":"Slavers","floor":29.0,"turns":6.0},{"damage":0.0,"enemies":"Collector","floor":33.0,"turns":4.0},{"damage":0.0,"enemies":"3 Shapes","floor":35.0,"turns":5.0},{"damage":4.0,"enemies":"Orb Walker","floor":36.0,"turns":3.0},{"damage":18.0,"enemies":"Spire Growth","floor":38.0,"turns":5.0},{"damage":15.0,"enemies":"2 Orb Walkers","floor":39.0,"turns":4.0},{"damage":0.0,"enemies":"Nemesis","floor":40.0,"turns":11.0},{"damage":0.0,"enemies":"Giant Head","floor":42.0,"turns":8.0},{"damage":61.0,"enemies":"Reptomancer","floor":46.0,"turns":12.0},{"damage":30.0,"enemies":"Donu and Deca","floor":50.0,"turns":6.0},{"damage":19.0,"enemies":"Time Eater","floor":51.0,"turns":8.0},{"damage":56.0,"enemies":"Shield and Spear","floor":55.0,"turns":9.0},{"damage":65,"enemies":"The Heart","floor":56,"turns":3}],"seed_played":"-2851002581694622403","potions_obtained":[{"floor":1.0,"key":"Ancient Potion"},{"floor":3.0,"key":"SpeedPotion"},{"floor":11.0,"key":"BlessingOfTheForge"},{"floor":12.0,"key":"Dexterity Potion"},{"floor":14.0,"key":"DuplicationPotion"},{"floor":16.0,"key":"LiquidBronze"},{"floor":18.0,"key":"BlessingOfTheForge"},{"floor":19.0,"key":"FocusPotion"},{"floor":24.0,"key":"FairyPotion"},{"floor":29.0,"key":"Fruit Juice"},{"floor":33.0,"key":"FocusPotion"},{"floor":42.0,"key":"PotionOfCapacity"}],"is_trial":false,"path_per_floor":["M","?","M","?","M","R","E","M","T","$","E","M","R","M","R","B",null,"M","M","$","?","M","R","E","R","T","R","?","E","R","$","R","B",null,"M","M","$","M","?","E","R","E","T","?","$","E","T","$","R","B","B",null,"R","$","E","B"],"character_chosen":"DEFECT","items_purchased":["Orichalcum","Fission","Storm","FocusPotion","OrangePellets","Loop","SpeedPotion","Barrage"],"campfire_rested":2,"item_purchase_floors":[10,20,20,31,37,45,45,48],"current_hp_per_floor":[50,50,48,37,34,34,24,17,17,32,32,32,32,32,32,32,61,34,34,49,28,28,49,27,48,48,48,48,30,30,45,45,45,73,73,69,81,77,69,76,76,88,88,88,88,53,53,68,68,57,50,79,79,88,58,0,0],"gold":38,"neow_bonus":"BOSS_RELIC","is_daily":false,"chose_seed":false,"campfire_upgraded":8,"win_rate":0.0,"timestamp":1613078988,"path_taken":["M","?","M","?","M","R","E","M","T","$","E","M","R","M","R","BOSS","M","M","$","?","M","R","E","R","T","R","?","E","R","$","R","BOSS","M","M","$","M","?","E","R","E","T","?","$","E","?","$","R","BOSS","BOSS","R","$","E","BOSS"],"items_purchased_type":["Relic","Card","Card","Potion","Relic","Card","Potion","Card"],"build_version":"2020-12-22","purchased_purges":0,"victory":false,"max_hp_per_floor":[71,71,71,71,71,71,71,71,71,71,71,71,71,71,71,71,71,71,71,71,71,71,71,71,71,71,71,71,76,76,76,76,76,81,81,81,81,81,81,81,81,88,88,88,88,88,88,88,88,88,88,88,88,88,88,88,88],"relic_stats":{"OrangePellets":[12],"Nunchaku":[15],"Singing Bowl":0,"counters":[26,159],"MealTicket":81,"Pandora\u0027s Box":["Tempest","Leap","Leap","Darkness","Chaos","Stack","Core Surge","Skim"],"Pen Nib":[0],"Orichalcum":[336],"obtain_stats":[{"Tiny House":34,"Calipers":39,"Singing Bowl":47,"Enchiridion":21,"Oddly Smooth Stone":24,"Thread and Needle":29,"Pen Nib":55,"Orichalcum":10,"White Beast Statue":7,"Nuclear Battery":0,"Mercury Hourglass":46,"OrangePellets":37,"Nunchaku":4,"Strawberry":42,"MealTicket":9,"Pandora\u0027s Box":17,"Cracked Core":0,"FossilizedHelix":11,"Meat on the Bone":26,"Pocketwatch":40},{"Tiny House":15,"Calipers":19,"Singing Bowl":22,"Enchiridion":11,"Oddly Smooth Stone":13,"Thread and Needle":14,"Pen Nib":25,"Orichalcum":5,"White Beast Statue":4,"Nuclear Battery":0,"Mercury Hourglass":22,"OrangePellets":17,"Nunchaku":2,"Strawberry":21,"MealTicket":5,"Pandora\u0027s Box":9,"Cracked Core":0,"FossilizedHelix":6,"Meat on the Bone":13,"Pocketwatch":20},{"Tiny House":85,"Calipers":102,"Singing Bowl":133,"Enchiridion":65,"Oddly Smooth Stone":75,"Thread and Needle":81,"Pen Nib":156,"Orichalcum":28,"White Beast Statue":24,"Nuclear Battery":0,"Mercury Hourglass":133,"OrangePellets":93,"Nunchaku":7,"Strawberry":121,"MealTicket":28,"Pandora\u0027s Box":57,"Cracked Core":0,"FossilizedHelix":37,"Meat on the Bone":75,"Pocketwatch":113}],"Meat on the Bone":60,"Pocketwatch":[36],"Mercury Hourglass":[75]},"card_choices":[{"not_picked":["Go for the Eyes","Recycle"],"picked":"Rebound","floor":1.0},{"not_picked":["Turbo","Chill"],"picked":"Cold Snap","floor":3.0},{"not_picked":["Skim","Fusion"],"picked":"Consume","floor":5.0},{"not_picked":["Fusion","Beam Cell"],"picked":"Steam","floor":7.0},{"not_picked":["Steam","Rebound"],"picked":"Capacitor","floor":8.0},{"not_picked":["Gash","Creative AI"],"picked":"Buffer","floor":11.0},{"not_picked":["Go for the Eyes","Stack"],"picked":"Ball Lightning","floor":12.0},{"not_picked":["Turbo","Ball Lightning","Stack"],"picked":"SKIP","floor":14.0},{"not_picked":["Thunder Strike","Buffer"],"picked":"Biased Cognition","floor":16.0},{"not_picked":["Leap","Barrage"],"picked":"Capacitor","floor":18.0},{"not_picked":["Stack+1","Leap"],"picked":"Force Field","floor":19.0},{"not_picked":["Redo+1","Beam Cell"],"picked":"Creative AI","floor":22.0},{"not_picked":["Recycle","Turbo+1"],"picked":"Coolheaded","floor":24.0},{"not_picked":["Hologram","Rebound"],"picked":"Turbo","floor":29.0},{"not_picked":["Reboot","Meteor Strike"],"picked":"Echo Form","floor":33.0},{"not_picked":["Reinforced Body","Hologram","Rebound"],"picked":"SKIP","floor":35.0},{"not_picked":["Darkness","Beam Cell"],"picked":"Self Repair","floor":36.0},{"not_picked":["Stack+1","Go for the Eyes"],"picked":"Cold Snap","floor":38.0},{"not_picked":["Force Field","Beam Cell"],"picked":"Defragment","floor":39.0},{"not_picked":["Heatsinks","Compile Driver+1"],"picked":"Machine Learning","floor":40.0},{"not_picked":["Reprogram","Echo Form"],"picked":"Hologram+1","floor":42.0},{"not_picked":["Self Repair","Cold Snap","Skim"],"picked":"SKIP","floor":46.0},{"not_picked":["Turbo","Rebound+1"],"picked":"Recycle","floor":55.0}],"player_experience":1130697,"relics_obtained":[{"floor":7.0,"key":"White Beast Statue"},{"floor":9.0,"key":"MealTicket"},{"floor":11.0,"key":"FossilizedHelix"},{"floor":21.0,"key":"Enchiridion"},{"floor":24.0,"key":"Oddly Smooth Stone"},{"floor":26.0,"key":"Meat on the Bone"},{"floor":29.0,"key":"Thread and Needle"},{"floor":39.0,"key":"Calipers"},{"floor":40.0,"key":"Pocketwatch"},{"floor":42.0,"key":"Strawberry"},{"floor":46.0,"key":"Mercury Hourglass"},{"floor":47.0,"key":"Singing Bowl"},{"floor":55.0,"key":"Pen Nib"}],"event_choices":[{"damage_healed":0.0,"max_hp_gain":0.0,"max_hp_loss":0.0,"gold_gain":0.0,"event_name":"Living Wall","player_choice":"Grow","floor":2.0,"gold_loss":0.0,"damage_taken":0.0,"cards_upgraded":["Rebound"]},{"damage_healed":0.0,"max_hp_gain":0.0,"max_hp_loss":0.0,"gold_gain":0.0,"event_name":"Scrap Ooze","player_choice":"Success","floor":4.0,"gold_loss":0.0,"damage_taken":11.0,"relics_obtained":["Nunchaku"]},{"damage_healed":0.0,"max_hp_gain":0.0,"max_hp_loss":0.0,"gold_gain":0.0,"event_name":"Cursed Tome","player_choice":"Obtained Book","floor":21.0,"gold_loss":0.0,"damage_taken":21.0},{"damage_healed":0.0,"max_hp_gain":0.0,"max_hp_loss":0.0,"gold_gain":0.0,"event_name":"Mysterious Sphere","player_choice":"Fight","floor":39.0,"gold_loss":0.0,"damage_taken":0.0},{"damage_healed":0.0,"max_hp_gain":0.0,"max_hp_loss":0.0,"gold_gain":0.0,"event_name":"Tomb of Lord Red Mask","player_choice":"Ignored","floor":44.0,"gold_loss":0.0,"damage_taken":0.0}],"is_beta":false,"boss_relics":[{"not_picked":["SacredBark","Busted Crown"],"picked":"Pandora\u0027s Box"},{"not_picked":["Inserter","Runic Dome"],"picked":"Tiny House"}],"items_purged_floors":[],"is_endless":false,"potions_floor_spawned":[1,3,7,8,11,12,14,16,18,19,22,24,29,33,35,36,38,39,40,42,46,55],"killed_by":"The Heart","ascension_level":20}}