{"host":"kg61lsvem4dxoat8","time":1613029010,"event":{"mods":["AchievementEnabler","BaseMod","Better Altar","Better Match","Better Sensory Stone","Better Skull","Block Reminder","Highlight Path","Minty Spire (QoL Compilation)","Quick Restart","Rare Cards Sparkle","Relic Sorter","Relic Stats","StSLib","Synergy Search","slay the spire mod where everything is the same but ironclad has a cowboy hat"],"gold_per_floor":[113,113,188,208,83,112,112,137,137,137,137,151,166,136,136,136,136],"floor_reached":16,"language":"ENG","playtime":302,"items_purged":["Strike_R"],"score":200,"play_id":"0580789f-30a8-4bd7-b5a1-9958203b0c1c","local_time":"20210211153650","is_ascension_mode":true,"campfire_choices":[{"data":"Uppercut","floor":7,"key":"SMITH"},{"data":"Feel No Pain","floor":11,"key":"SMITH"},{"floor":15,"key":"REST"}],"circlet_count":0,"master_deck":["AscendersBane","Strike_R","Strike_R","Strike_R","Strike_R","Defend_R","Defend_R","Defend_R","Defend_R","Bash","Feel No Pain+1","Uppercut+1","Disarm","Burning Pact","Decay","True Grit"],"relics":["Burning Blood","NeowsBlessing","Shuriken","Centennial Puzzle","Lantern"],"acts_visited":["Exordium"],"potions_floor_usage":[],"damage_taken":[{"damage":0,"enemies":"Jaw Worm","floor":1,"turns":1},{"damage":0,"enemies":"Small Slimes","floor":4,"turns":1},{"damage":0,"enemies":"3 Sentries","floor":6,"turns":2},{"damage":52,"enemies":"Lagavulin","floor":8,"turns":9},{"damage":0,"enemies":"2 Louse","floor":12,"turns":2},{"damage":35,"enemies":"Exordium Thugs","floor":13,"turns":6},{"damage":4,"enemies":"Looter","floor":14,"turns":4},{"damage":42,"enemies":"Hexaghost","floor":16,"turns":10}],"seed_played":"-5931028618657439718","potions_obtained":[{"floor":8,"key":"LiquidMemories"}],"is_trial":false,"path_per_floor":["M","?","?","M","$","E","R","E","T","?","R","M","M","M","R","B"],"character_chosen":"IRONCLAD","items_purchased":["Fire Potion"],"campfire_rested":1,"item_purchase_floors":[5],"current_hp_per_floor":[78,83,72,78,78,84,84,38,38,38,38,44,15,17,42,0,0],"gold":136,"neow_bonus":"THREE_ENEMY_KILL","is_daily":false,"chose_seed":false,"campfire_upgraded":2,"win_rate":0.0,"timestamp":1613029010,"path_taken":["M","?","?","M","$","E","R","E","T","?","R","?","M","M","R","BOSS"],"items_purchased_type":["Potion"],"build_version":"2020-12-22","purchased_purges":1,"victory":false,"max_hp_per_floor":[80,85,85,85,85,85,85,85,85,85,85,85,85,85,85,85,85],"relic_stats":{"Centennial Puzzle":[9],"counters":[8,35],"Shuriken":[2],"obtain_stats":[{"Centennial Puzzle":8,"Lantern":9,"NeowsBlessing":0,"Shuriken":6,"Burning Blood":0},{"Centennial Puzzle":4,"Lantern":4,"NeowsBlessing":0,"Shuriken":3,"Burning Blood":0},{"Centennial Puzzle":13,"Lantern":13,"NeowsBlessing":0,"Shuriken":4,"Burning Blood":0}],"Burning Blood":42},"card_choices":[{"not_picked":["Clash","Burning Pact"],"picked":"Feel No Pain","floor":1},{"not_picked":["Second Wind","Shockwave"],"picked":"Uppercut","floor":4},{"not_picked":["Shockwave","Dual Wield"],"picked":"Disarm","floor":6},{"not_picked":["Combust","Body Slam"],"picked":"Burning Pact","floor":8},{"not_picked":["Thunderclap","Blood for Blood","Havoc"],"picked":"SKIP","floor":12},{"not_picked":["Power Through","Intimidate"],"picked":"True Grit","floor":13},{"not_picked":["Havoc","Anger","Sever Soul"],"picked":"SKIP","floor":14}],"player_experience":1463680,"relics_obtained":[{"floor":6,"key":"Shuriken"},{"floor":8,"key":"Centennial Puzzle"},{"floor":9,"key":"Lantern"}],"event_choices":[{"damage_healed":0,"gold_gain":0,"player_choice":"Donut","damage_taken":0,"max_hp_gain":5,"max_hp_loss":0,"event_name":"Big Fish","floor":2,"gold_loss":0},{"damage_healed":0,"gold_gain":75,"player_choice":"Gather Gold","damage_taken":11,"max_hp_gain":0,"max_hp_loss":0,"event_name":"World of Goop","floor":3,"gold_loss":0},{"damage_healed":0,"gold_gain":0,"player_choice":"Cursed","damage_taken":0,"max_hp_gain":0,"max_hp_loss":0,"event_name":"Wheel of Change","floor":10,"gold_loss":0,"cards_obtained":["Decay"]}],"is_beta":false,"boss_relics":[],"items_purged_floors":[5],"is_endless":false,"potions_floor_spawned":[8],"killed_by":"Hexaghost","ascension_level":10}}