{"host":"hzswyuuwdl03wwzr","time":1613014426,"event":{"mods":["100% Spire Juice","ATMod(∞¢Ë™Mod)","AchievementEnabler","Act Like it!","BaseMod","Bossed Relics","CapriCore","Hallownest","Lobotomy","LobotomyExtend","Luminous","Marisa£®ÏF”Í°°ƒß¿Ì…≥£©","Minty Spire (QoL Compilation)","MostiFishMod","Pale of the Ancients","Quick Restart","Reimu£®≤©¿ˆ¡È√Œ£©","Reliquary","Replay The Spire","StSLib","The Cursed","The Hierophant","The Immortal","The Runesmith","WarShipGirlsR/’ΩΩ¢…Ÿ≈ÆR mod","Warlord Emblem","Youmu£®ªÍ∆«—˝√Œ£©","Yuyuko","°æπ¶ƒ‹Mod°øªÏ„Á÷Æª∑–ﬁ∏¥≤π∂°","°æ“≈ŒÔø®≈∆°øREMEMod"],"gold_per_floor":[113,113,113,128,128,128,146,172,224,224,239,259,434,525,525,525,525],"floor_reached":16,"language":"ZHS","playtime":323,"items_purged":[],"score":100,"play_id":"fdd2c936-4d5d-4709-9ae2-13782d1eeb99","local_time":"20210211113346","is_ascension_mode":false,"campfire_choices":[{"data":"Runesmith:BackupBattery","floor":6,"key":"SMITH"},{"data":"Runesmith:BackupBattery+1","floor":10,"key":"SMITH"},{"data":"Runesmith:BackupBattery+2","floor":15,"key":"SMITH"}],"circlet_count":0,"master_deck":["Runesmith:Strike_RS","Runesmith:Strike_RS","Runesmith:Strike_RS","Runesmith:Strike_RS","Runesmith:Defend_RS","Runesmith:Defend_RS","Runesmith:Defend_RS","Runesmith:Defend_RS","Runesmith:CraftFirestone+1","Runesmith:Fortify","Runesmith:BackupBattery+3","Runesmith:UnstableHammer","Doubt"],"relics":["Runesmith:BrokenRuby","AT_ATBox","REME_ComplimentaryCards","DaveBox","reliquary:Aerogel","SynthV:TestCard","LetterFromLob","reliquary:Boomerang"],"acts_visited":["Exordium"],"potions_floor_usage":[],"damage_taken":[{"damage":3,"enemies":"Jaw Worm","floor":1,"turns":4},{"damage":7,"enemies":"2 Louse","floor":4,"turns":3},{"damage":1,"enemies":"Cultist","floor":7,"turns":4},{"damage":4,"enemies":"Replay:BlueRogue","floor":8,"turns":6},{"damage":5,"enemies":"Looter","floor":11,"turns":3},{"damage":11,"enemies":"2 Fungi Beasts","floor":12,"turns":4},{"damage":0,"enemies":"Fading Forest","floor":16,"turns":1}],"seed_played":"-6709221235686624709","potions_obtained":[{"floor":7,"key":"SkillPotion"}],"is_trial":false,"path_per_floor":["M","$","?","M","?","R","M","E","T","R","M","M","?","?","R","B"],"character_chosen":"RUNESMITH_CLASS","items_purchased":[],"campfire_rested":0,"item_purchase_floors":[],"current_hp_per_floor":[67,67,67,60,60,60,59,55,55,55,50,39,39,39,39,39,39],"gold":525,"neow_bonus":"RANDOM_COMMON_RELIC","is_daily":false,"chose_seed":false,"campfire_upgraded":3,"win_rate":0.0,"timestamp":1613014426,"path_taken":["M","$","?","M","?","R","M","E","T","R","M","?","?","?","R","BOSS"],"items_purchased_type":[],"build_version":"2020-12-22","purchased_purges":0,"victory":false,"max_hp_per_floor":[70,70,70,70,70,70,70,70,70,70,70,70,70,70,70,70,70],"card_choices":[{"not_picked":["Runesmith:ShiftingStrike","Runesmith:EnergizedChisel"],"picked":"Runesmith:BackupBattery","floor":1},{"not_picked":["Runesmith:PerfectChisel","Runesmith:Augment","Runesmith:ChiselStab","Runesmith:BackupBattery","Runesmith:CraftMagma"],"picked":"SKIP","floor":4},{"not_picked":["Runesmith:HeatExchange","Runesmith:RuneHurl","Runesmith:EnergizedChisel","Runesmith:NanitesCloud"],"picked":"Runesmith:UnstableHammer","floor":7},{"not_picked":["Runesmith:GoWithTheFlow","Runesmith:RuneHurl","Runesmith:Overpower","Runesmith:Malloc","Runesmith:Firewall"],"picked":"SKIP","floor":8},{"not_picked":["Runesmith:WhiteBalance","Runesmith:DuctTape","Runesmith:EnergizedChisel","Runesmith:EarthShield","Runesmith:CraftMagma"],"picked":"SKIP","floor":11},{"not_picked":["Runesmith:EarthShield","Runesmith:Retool","Runesmith:CraftProtectio","Runesmith:BackupBattery","Runesmith:Overpower"],"picked":"SKIP","floor":12}],"player_experience":39341,"relics_obtained":[{"floor":1,"key":"SynthV:TestCard"},{"floor":1,"key":"LetterFromLob"},{"floor":8,"key":"reliquary:Boomerang"}],"event_choices":[{"damage_healed":0,"gold_gain":0,"player_choice":"Upgraded","damage_taken":0,"max_hp_gain":0,"max_hp_loss":0,"event_name":"Upgrade Shrine","floor":5,"gold_loss":0,"cards_upgraded":["Runesmith:CraftFirestone"]},{"damage_healed":0,"gold_gain":175,"player_choice":"AGREE","damage_taken":0,"max_hp_gain":0,"max_hp_loss":0,"event_name":"Liars Game","floor":13,"gold_loss":0,"cards_obtained":["Doubt"]}],"is_beta":false,"boss_relics":[],"items_purged_floors":[],"is_endless":false,"potions_floor_spawned":[7],"killed_by":"Fading Forest","ascension_level":0}}