{"host":"x7xd4wkamhrqrrvw","time":1613085352,"event":{"mods":["AchievementEnabler","BaseMod","Minty Spire (QoL Compilation)","Relic Stats","StSLib"],"gold_per_floor":[113,188,188,208,4,38,38,51,77,77,92,122,139,39,39,111,111,123,34,46,46,64,64,81,111,111,121,121,121,121,134,134,134,134],"floor_reached":33,"language":"ENG","playtime":1858,"items_purged":["Strike_G","Strike_G"],"score":499,"play_id":"010994bd-177f-40e6-ac40-2585d83083dc","local_time":"20210211211552","is_ascension_mode":true,"campfire_choices":[{"data":"Bullet Time","floor":7,"key":"SMITH"},{"data":"Deadly Poison","floor":10,"key":"SMITH"},{"data":"Acrobatics","floor":15,"key":"SMITH"},{"data":"Wraith Form v2","floor":23,"key":"SMITH"},{"data":"Bouncing Flask","floor":28,"key":"SMITH"},{"data":"Acrobatics","floor":32,"key":"SMITH"}],"circlet_count":0,"master_deck":["AscendersBane","Strike_G","Defend_G","Defend_G","Defend_G","Defend_G","Defend_G","Survivor","Neutralize","Masterful Stab","Dagger Throw","Eviscerate","Poisoned Stab","Deadly Poison+1","Bullet Time+1","Leg Sweep","Expertise","Acrobatics+1","Backflip","Wraith Form v2+1","Bouncing Flask+1","Ghostly","Ghostly","Ghostly","Acrobatics+1","Deadly Poison+1"],"relics":["Ring of the Snake","MealTicket","Vajra","Ancient Tea Set","Mercury Hourglass","Philosopher\u0027s Stone"],"acts_visited":["Exordium","TheCity"],"potions_floor_usage":[6,16,18,20,33],"damage_taken":[{"damage":0.0,"enemies":"Small Slimes","floor":1.0,"turns":3.0},{"damage":0.0,"enemies":"Jaw Worm","floor":4.0,"turns":2.0},{"damage":17,"enemies":"Lagavulin","floor":6,"turns":6},{"damage":0,"enemies":"Cultist","floor":8,"turns":2},{"damage":0,"enemies":"Exordium Thugs","floor":11,"turns":3},{"damage":2,"enemies":"3 Sentries","floor":12,"turns":6},{"damage":0,"enemies":"Red Slaver","floor":13,"turns":2},{"damage":6,"enemies":"Hexaghost","floor":16,"turns":8},{"damage":3,"enemies":"Shell Parasite","floor":18,"turns":4},{"damage":11,"enemies":"2 Thieves","floor":20,"turns":4},{"damage":0,"enemies":"Snake Plant","floor":22,"turns":3},{"damage":0,"enemies":"3 Cultists","floor":24,"turns":6},{"damage":8,"enemies":"Book of Stabbing","floor":25,"turns":7},{"damage":0,"enemies":"Centurion and Healer","floor":27,"turns":5},{"damage":0,"enemies":"Shelled Parasite and Fungi","floor":31,"turns":4},{"damage":44,"enemies":"Collector","floor":33,"turns":5}],"seed_played":"4201123165093202338","potions_obtained":[{"floor":1.0,"key":"EssenceOfSteel"},{"floor":4.0,"key":"SteroidPotion"},{"floor":8,"key":"Strength Potion"},{"floor":16,"key":"EssenceOfSteel"},{"floor":22,"key":"CunningPotion"},{"floor":25,"key":"Swift Potion"}],"is_trial":false,"path_per_floor":["M","?","?","M","$","E","R","M","T","R","M","E","M","$","R","B",null,"M","$","M","?","M","R","M","E","T","M","R","?","$","M","R","B"],"character_chosen":"THE_SILENT","items_purchased":["Deadly Poison","Bullet Time","Bouncing Flask"],"campfire_rested":0,"item_purchase_floors":[5,5,19],"current_hp_per_floor":[59,48,48,48,60,43,43,43,43,43,43,41,41,56,56,50,58,55,60,49,30,30,30,30,22,22,22,22,22,30,30,30,0,0],"gold":134,"neow_bonus":"TRANSFORM_TWO_CARDS","is_daily":false,"chose_seed":false,"campfire_upgraded":6,"win_rate":0.0,"timestamp":1613085352,"path_taken":["M","?","?","M","$","E","R","M","T","R","M","E","?","?","R","BOSS","M","?","M","?","M","R","M","E","T","M","R","?","?","M","R","BOSS"],"items_purchased_type":["Card","Card","Card"],"build_version":"2020-12-22","purchased_purges":2,"victory":false,"max_hp_per_floor":[60,60,60,60,60,60,60,60,60,60,60,60,60,60,60,60,60,60,60,60,30,30,30,30,30,30,30,30,30,30,30,30,30,30],"relic_stats":{"counters":[16,70],"MealTicket":40,"obtain_stats":[{"Vajra":6,"MealTicket":3,"Philosopher\u0027s Stone":17,"Ancient Tea Set":9,"Ring of the Snake":0,"Mercury Hourglass":12},{"Vajra":3,"MealTicket":1,"Philosopher\u0027s Stone":8,"Ancient Tea Set":4,"Ring of the Snake":0,"Mercury Hourglass":6},{"Vajra":11,"MealTicket":3,"Philosopher\u0027s Stone":32,"Ancient Tea Set":13,"Ring of the Snake":0,"Mercury Hourglass":22}],"Ring of the Snake":[32],"Mercury Hourglass":[192]},"card_choices":[{"not_picked":["Bane","Footwork"],"picked":"Eviscerate","floor":1.0},{"not_picked":["Acrobatics","Dagger Throw"],"picked":"Poisoned Stab","floor":4.0},{"not_picked":["Doppelganger","Distraction"],"picked":"Leg Sweep","floor":6},{"not_picked":["Blade Dance","Flying Knee"],"picked":"Expertise","floor":8},{"not_picked":["Backstab","Tactician"],"picked":"Acrobatics","floor":11},{"not_picked":["Terror","Sucker Punch","Dagger Spray"],"picked":"SKIP","floor":12},{"not_picked":["Masterful Stab","Cloak And Dagger"],"picked":"Backflip","floor":13},{"not_picked":["Unload","Glass Knife"],"picked":"Wraith Form v2","floor":16},{"not_picked":["Dodge and Roll","Quick Slash","Outmaneuver"],"picked":"SKIP","floor":18},{"not_picked":["Deflect","Accuracy+1","Deadly Poison"],"picked":"SKIP","floor":20},{"not_picked":["Outmaneuver","Prepared","Distraction"],"picked":"SKIP","floor":22},{"not_picked":["Slice","Dodge and Roll"],"picked":"Acrobatics","floor":24},{"not_picked":["Outmaneuver","Envenom","Dagger Spray"],"picked":"SKIP","floor":25},{"not_picked":["Masterful Stab+1","Concentrate","Bane"],"picked":"SKIP","floor":27},{"not_picked":["Finisher","Choke+1"],"picked":"Deadly Poison+1","floor":31}],"player_experience":454657,"relics_obtained":[{"floor":3.0,"key":"MealTicket"},{"floor":6,"key":"Vajra"},{"floor":9,"key":"Ancient Tea Set"},{"floor":12,"key":"Mercury Hourglass"}],"event_choices":[{"damage_healed":0.0,"max_hp_gain":0.0,"max_hp_loss":0.0,"gold_gain":75.0,"event_name":"World of Goop","player_choice":"Gather Gold","floor":2.0,"gold_loss":0.0,"damage_taken":11.0},{"damage_healed":0.0,"max_hp_gain":0.0,"max_hp_loss":0.0,"gold_gain":0.0,"event_name":"Wheel of Change","player_choice":"Relic","floor":3.0,"gold_loss":0.0,"damage_taken":0.0},{"damage_healed":0,"gold_gain":0,"player_choice":"Became a Ghost","damage_taken":0,"max_hp_gain":0,"max_hp_loss":30,"event_name":"Ghosts","floor":21,"gold_loss":0,"cards_obtained":["Ghostly","Ghostly","Ghostly"]},{"damage_healed":0,"gold_gain":0,"player_choice":"Ignored","damage_taken":0,"max_hp_gain":0,"max_hp_loss":0,"event_name":"The Mausoleum","floor":29,"gold_loss":0}],"is_beta":false,"boss_relics":[{"not_picked":["Velvet Choker","Fusion Hammer"],"picked":"Philosopher\u0027s Stone"}],"items_purged_floors":[5,14],"is_endless":false,"potions_floor_spawned":[1,4,8,12,13,16,22,25],"killed_by":"Collector","ascension_level":16}}