{"host":"daa8jqyg4gqfaysm","time":1613065805,"event":{"mods":["BaseMod","Colored Powertips","Minty Spire (QoL Compilation)","StSLib"],"gold_per_floor":[113,128,148,162,242,273,273,301,328,328,328,328,356,371,371,474,474,484,484,484,484,500,534,554,554,580,611,625,650,666,701,701,800,800,820,820,839,312,364,391,407,407,407,445,460,460,460,484,484,484,484,484,65,99,99],"floor_reached":56,"language":"ENG","playtime":2878,"items_purged":["Strike_P+1","Strike_P+1"],"score":2008,"play_id":"8cc42add-6e96-4bd0-b08d-928203212fd5","local_time":"20210211125005","is_ascension_mode":true,"campfire_choices":[{"floor":7,"key":"REST"},{"data":"Vigilance","floor":10,"key":"SMITH"},{"floor":15,"key":"REST"},{"data":"Ghostly","floor":25,"key":"SMITH"},{"data":"Ghostly","floor":32,"key":"SMITH"},{"floor":47,"key":"RECALL"},{"data":"TalkToTheHand","floor":49,"key":"SMITH"},{"data":"CutThroughFate","floor":52,"key":"SMITH"}],"circlet_count":0,"master_deck":["AscendersBane","Strike_P+1","Strike_P+1","Defend_P+1","Defend_P+1","Defend_P+1","Eruption+1","Vigilance+1","ClearTheMind+1","BattleHymn+1","Evaluate+1","LessonLearned+1","Crescendo+1","EmptyFist+1","WheelKick","Establishment+1","ThirdEye+1","Ghostly+1","Ghostly+1","Ghostly+1","Ghostly+1","Ghostly+1","FearNoEvil+1","CutThroughFate+1","Tantrum+1","TalkToTheHand+1","SpiritShield+1","CrushJoints+1","LikeWater+1","ThirdEye+1","CrushJoints+1","Evaluate+1","MasterReality","Master of Strategy","Sanctity+1"],"relics":["PureWater","Blood Vial","Akabeko","Happy Flower","Smiling Mask","Sundial","Regal Pillow","Runic Pyramid","Ancient Tea Set","MealTicket","Bag of Preparation","Mummified Hand","Omamori","Coffee Dripper","Gremlin Horn","Sling","Torii","CeramicFish","TeardropLocket","Potion Belt","ClockworkSouvenir","Bronze Scales"],"acts_visited":["Exordium","TheCity","TheBeyond","TheEnding"],"potions_floor_usage":[4,8,13,16,31,45,55,55,55,55,55,55],"damage_taken":[{"damage":1,"enemies":"Cultist","floor":1,"turns":3},{"damage":5,"enemies":"Jaw Worm","floor":2,"turns":6},{"damage":5,"enemies":"2 Louse","floor":3,"turns":3},{"damage":5,"enemies":"Exordium Thugs","floor":4,"turns":3},{"damage":36,"enemies":"3 Sentries","floor":6,"turns":9},{"damage":23,"enemies":"Gremlin Nob","floor":8,"turns":5},{"damage":0,"enemies":"Lagavulin","floor":13,"turns":4},{"damage":6,"enemies":"Large Slime","floor":14,"turns":4},{"damage":37,"enemies":"The Guardian","floor":16,"turns":11},{"damage":30,"enemies":"3 Byrds","floor":18,"turns":9},{"damage":3,"enemies":"2 Thieves","floor":22,"turns":4},{"damage":2,"enemies":"Book of Stabbing","floor":23,"turns":6},{"damage":0,"enemies":"3 Cultists","floor":24,"turns":5},{"damage":1,"enemies":"Slavers","floor":27,"turns":5},{"damage":3,"enemies":"Shelled Parasite and Fungi","floor":28,"turns":5},{"damage":3,"enemies":"Gremlin Leader","floor":29,"turns":5},{"damage":3,"enemies":"Snake Plant","floor":30,"turns":4},{"damage":0,"enemies":"Slavers","floor":31,"turns":4},{"damage":14,"enemies":"Champ","floor":33,"turns":12},{"damage":2,"enemies":"3 Darklings","floor":35,"turns":3},{"damage":0,"enemies":"3 Shapes","floor":37,"turns":4},{"damage":6,"enemies":"2 Orb Walkers","floor":39,"turns":5},{"damage":0,"enemies":"Reptomancer","floor":40,"turns":5},{"damage":0,"enemies":"Spire Growth","floor":41,"turns":4},{"damage":0,"enemies":"Nemesis","floor":44,"turns":7},{"damage":10,"enemies":"Writhing Mass","floor":45,"turns":6},{"damage":14,"enemies":"4 Shapes","floor":48,"turns":4},{"damage":12,"enemies":"Donu and Deca","floor":50,"turns":10},{"damage":0,"enemies":"Shield and Spear","floor":54,"turns":5},{"damage":13,"enemies":"The Heart","floor":55,"turns":9}],"seed_played":"2292308757207745595","potions_obtained":[{"floor":3,"key":"Swift Potion"},{"floor":4,"key":"SteroidPotion"},{"floor":6,"key":"Weak Potion"},{"floor":8,"key":"SpeedPotion"},{"floor":13,"key":"SpeedPotion"},{"floor":22,"key":"SteroidPotion"},{"floor":24,"key":"Swift Potion"},{"floor":28,"key":"BottledMiracle"},{"floor":30,"key":"EntropicBrew"},{"floor":33,"key":"Ambrosia"},{"floor":44,"key":"SkillPotion"},{"floor":45,"key":"Strength Potion"},{"floor":48,"key":"Fire Potion"},{"floor":54,"key":"AttackPotion"}],"is_trial":false,"path_per_floor":["M","M","M","M","?","E","R","E","T","R","?","?","E","M","R","B",null,"M","?","?","?","M","E","M","R","T","E","M","E","M","E","R","B",null,"M","?","M","$","?","E","M","?","T","E","M","?","R","M","R","B",null,"R","$","E","B",null],"character_chosen":"WATCHER","items_purchased":["LikeWater","Gremlin Horn","Sling","MasterReality","ClockworkSouvenir","Master of Strategy"],"campfire_rested":2,"item_purchase_floors":[38,38,38,53,53,53],"current_hp_per_floor":[66,63,60,57,57,23,44,23,23,23,5,5,7,3,39,4,55,27,27,36,36,33,33,35,35,35,35,33,32,31,33,33,21,32,32,32,34,36,30,32,34,34,34,36,26,36,36,22,22,12,30,30,36,36,23],"gold":99,"neow_bonus":"RANDOM_COMMON_RELIC","is_daily":false,"chose_seed":false,"campfire_upgraded":5,"win_rate":0.0,"timestamp":1613065805,"path_taken":["M","?","M","M","?","E","R","E","T","R","?","?","E","M","R","BOSS","M","?","?","?","M","E","M","R","T","E","?","E","M","E","R","BOSS","M","?","?","$","?","E","M","?","T","E","?","?","R","M","R","BOSS","R","$","E","BOSS"],"items_purchased_type":["Card","Relic","Relic","Card","Relic","Card"],"build_version":"2020-12-22","purchased_purges":2,"victory":true,"max_hp_per_floor":[72,72,72,72,72,72,72,72,72,72,72,72,72,72,72,72,72,72,36,36,36,36,36,36,36,36,36,36,36,36,36,36,36,36,36,36,36,36,36,36,36,36,36,36,36,36,36,36,36,36,36,36,36,36,36],"card_choices":[{"not_picked":["JustLucky","Swivel"],"picked":"ClearTheMind","floor":1},{"not_picked":["FlyingSleeves","WindmillStrike"],"picked":"BattleHymn","floor":2},{"not_picked":["Meditate","FlurryOfBlows"],"picked":"Evaluate","floor":3},{"not_picked":["EmptyBody","FearNoEvil"],"picked":"LessonLearned","floor":4},{"not_picked":["Halt","CarveReality"],"picked":"Conclude","floor":6},{"not_picked":["SashWhip","JustLucky"],"picked":"Crescendo","floor":8},{"not_picked":["JustLucky","Protect"],"picked":"EmptyFist","floor":13},{"not_picked":["MentalFortress","SashWhip"],"picked":"WheelKick","floor":14},{"not_picked":["Devotion","MasterReality"],"picked":"Establishment","floor":16},{"not_picked":["EmptyFist+1","BowlingBash"],"picked":"ThirdEye+1","floor":18},{"not_picked":["PathToVictory+1","Weave+1"],"picked":"FearNoEvil+1","floor":22},{"not_picked":["Devotion","Weave+1"],"picked":"CutThroughFate","floor":23},{"not_picked":["Consecrate","BowlingBash","DeceiveReality+1"],"picked":"SKIP","floor":24},{"not_picked":["Perseverance","FollowUp","SandsOfTime"],"picked":"SKIP","floor":27},{"not_picked":["LikeWater","Prostrate"],"picked":"Tantrum","floor":28},{"not_picked":["InnerPeace","FlurryOfBlows+1"],"picked":"TalkToTheHand","floor":29},{"not_picked":["Consecrate","Crescendo","Scrawl"],"picked":"SKIP","floor":30},{"not_picked":["PathToVictory+1","SashWhip+1","Collect"],"picked":"SKIP","floor":31},{"not_picked":["Blasphemy","Omniscience"],"picked":"SpiritShield","floor":33},{"not_picked":["Collect+1","BowlingBash+1"],"picked":"CrushJoints","floor":35},{"not_picked":["Consecrate+1","WreathOfFlame+1","FlurryOfBlows"],"picked":"SKIP","floor":37},{"not_picked":["Indignation","FollowUp"],"picked":"ThirdEye+1","floor":39},{"not_picked":["MentalFortress+1","Nirvana","Meditate"],"picked":"SKIP","floor":40},{"not_picked":["Prostrate+1","BowlingBash","Crescendo+1"],"picked":"SKIP","floor":41},{"not_picked":["WaveOfTheHand","BowlingBash"],"picked":"CrushJoints+1","floor":44},{"not_picked":["CutThroughFate","PathToVictory","Fasting2"],"picked":"SKIP","floor":45},{"not_picked":["WindmillStrike","JustLucky"],"picked":"Evaluate+1","floor":48},{"not_picked":["ClearTheMind+1","EmptyBody"],"picked":"Sanctity+1","floor":54}],"player_experience":871617,"relics_obtained":[{"floor":6,"key":"Akabeko"},{"floor":8,"key":"Happy Flower"},{"floor":13,"key":"Regal Pillow"},{"floor":23,"key":"Ancient Tea Set"},{"floor":26,"key":"MealTicket"},{"floor":27,"key":"Bag of Preparation"},{"floor":29,"key":"Mummified Hand"},{"floor":31,"key":"Omamori"},{"floor":39,"key":"Torii"},{"floor":40,"key":"CeramicFish"},{"floor":43,"key":"TeardropLocket"},{"floor":44,"key":"Potion Belt"},{"floor":54,"key":"Bronze Scales"}],"event_choices":[{"damage_healed":0,"gold_gain":80,"player_choice":"Gained Gold","damage_taken":0,"max_hp_gain":0,"max_hp_loss":0,"event_name":"Golden Wing","floor":5,"gold_loss":0},{"damage_healed":0,"gold_gain":0,"player_choice":"Success","damage_taken":18,"relics_obtained":["Smiling Mask"],"max_hp_gain":0,"max_hp_loss":0,"event_name":"Scrap Ooze","floor":11,"gold_loss":0},{"damage_healed":0,"gold_gain":0,"player_choice":"Gave Potion","damage_taken":0,"relics_obtained":["Sundial"],"max_hp_gain":0,"max_hp_loss":0,"event_name":"WeMeetAgain","floor":12,"gold_loss":0},{"damage_healed":0,"gold_gain":0,"player_choice":"Became a Ghost","damage_taken":0,"max_hp_gain":0,"max_hp_loss":36,"event_name":"Ghosts","floor":19,"gold_loss":0,"cards_obtained":["Ghostly","Ghostly","Ghostly","Ghostly","Ghostly"]},{"damage_healed":12,"gold_gain":0,"player_choice":"Heal","damage_taken":0,"max_hp_gain":0,"max_hp_loss":0,"event_name":"The Library","floor":20,"gold_loss":0},{"damage_healed":0,"gold_gain":0,"player_choice":"Forge","damage_taken":0,"max_hp_gain":0,"max_hp_loss":0,"event_name":"Accursed Blacksmith","floor":21,"gold_loss":0,"cards_upgraded":["Ghostly"]},{"cards_removed":["Defend_P"],"damage_healed":0,"gold_gain":0,"player_choice":"Purged","damage_taken":0,"max_hp_gain":0,"max_hp_loss":0,"event_name":"Purifier","floor":36,"gold_loss":0},{"damage_healed":0,"gold_gain":0,"player_choice":"Fight","damage_taken":0,"max_hp_gain":0,"max_hp_loss":0,"event_name":"Mysterious Sphere","floor":39,"gold_loss":0},{"damage_healed":0,"gold_gain":0,"player_choice":"Ignored","damage_taken":0,"max_hp_gain":0,"max_hp_loss":0,"event_name":"SecretPortal","floor":42,"gold_loss":0},{"cards_removed":["Conclude"],"damage_healed":10,"gold_gain":0,"player_choice":"Offered Uncommon","damage_taken":0,"max_hp_gain":0,"max_hp_loss":0,"event_name":"Bonfire Elementals","floor":46,"gold_loss":0}],"is_beta":false,"boss_relics":[{"not_picked":["Ectoplasm","Snecko Eye"],"picked":"Runic Pyramid"},{"not_picked":["Pandora\u0027s Box","Astrolabe"],"picked":"Coffee Dripper"}],"items_purged_floors":[38,53],"is_endless":false,"potions_floor_spawned":[3,4,6,8,13,22,24,28,30,33,39,44,45,48,54],"ascension_level":10}}