{"host":"qxeepl7ydvsgmfdb","time":1613019648,"event":{"mods":["AchievementEnabler","BaseMod","Colored Powertips","Minty Spire (QoL Compilation)","Quick Restart","slay the spire mod where everything is the same but ironclad has a cowboy hat"],"gold_per_floor":[119,119,134,134,13,48,65,86,159,159,41,316,329,343,343,416,416,430,430,104,124,124,124,150,150,175,175,175,175],"floor_reached":28,"language":"ENG","playtime":665,"items_purged":["Regret"],"score":427,"play_id":"07801364-f393-4a51-b419-a01c19f023ff","local_time":"20210211000048","is_ascension_mode":true,"campfire_choices":[{"floor":10,"key":"REST"},{"floor":15,"key":"REST"},{"floor":23,"key":"REST"}],"circlet_count":0,"master_deck":["AscendersBane","Strike_G+1","Strike_G+1","Defend_G+1","Defend_G+1","Defend_G+1","Defend_G+1","Survivor","Neutralize","Deadly Poison","Noxious Fumes","Poisoned Stab","Slice","All Out Attack","Noxious Fumes","Corpse Explosion","Masterful Stab+1","Underhanded Strike+1","Riddle With Holes+1","Deflect"],"relics":["Ring of the Snake","NeowsBlessing","Lantern","Ice Cream","Odd Mushroom","Paper Crane","Astrolabe","Snake Skull","Potion Belt","MutagenicStrength","MealTicket","Bronze Scales"],"acts_visited":["Exordium","TheCity"],"potions_floor_usage":[16,16,20,24,24],"damage_taken":[{"damage":0,"enemies":"Jaw Worm","floor":1,"turns":1},{"damage":0,"enemies":"Small Slimes","floor":3,"turns":1},{"damage":0,"enemies":"3 Sentries","floor":6,"turns":2},{"damage":1,"enemies":"2 Louse","floor":7,"turns":3},{"damage":28,"enemies":"The Mushroom Lair","floor":8,"turns":5},{"damage":19,"enemies":"Gremlin Gang","floor":13,"turns":4},{"damage":10,"enemies":"Exordium Wildlife","floor":14,"turns":4},{"damage":33,"enemies":"The Guardian","floor":16,"turns":10},{"damage":24,"enemies":"3 Byrds","floor":18,"turns":3},{"damage":2,"enemies":"Chosen","floor":21,"turns":4},{"damage":50,"enemies":"Book of Stabbing","floor":24,"turns":6},{"damage":8,"enemies":"Snake Plant","floor":28,"turns":1}],"seed_played":"-8312145875721295499","potions_obtained":[{"floor":1,"key":"Weak Potion"},{"floor":6,"key":"Weak Potion"},{"floor":16,"key":"Ancient Potion"},{"floor":18,"key":"PowerPotion"},{"floor":21,"key":"Fire Potion"}],"is_trial":false,"path_per_floor":["M","?","M","?","$","E","M","?","T","R","$","?","M","M","R","B",null,"M","?","$","M","?","R","E","?","T","?","M"],"character_chosen":"THE_SILENT","items_purchased":["Noxious Fumes","Poisoned Stab","All Out Attack","Noxious Fumes","Potion Belt","Fruit Juice"],"campfire_rested":3,"item_purchase_floors":[5,5,11,11,20,20],"current_hp_per_floor":[63,60,60,53,53,53,52,24,24,45,45,45,26,16,37,4,54,30,30,35,33,33,55,5,5,5,5,0,0],"gold":175,"neow_bonus":"THREE_ENEMY_KILL","is_daily":false,"chose_seed":false,"campfire_upgraded":0,"win_rate":0.0,"timestamp":1613019648,"path_taken":["M","?","M","?","$","E","M","?","T","R","$","?","?","?","R","BOSS","M","?","$","M","?","R","E","?","T","?","M"],"items_purchased_type":["Card","Card","Card","Card","Relic","Potion"],"build_version":"2020-12-22","purchased_purges":1,"victory":false,"max_hp_per_floor":[70,70,70,70,70,70,70,70,70,70,70,70,70,70,70,70,70,70,70,75,75,75,75,75,75,75,75,75,75],"card_choices":[{"not_picked":["Masterful Stab","Underhanded Strike","Outmaneuver"],"picked":"SKIP","floor":1},{"not_picked":["Leg Sweep","Predator"],"picked":"Deadly Poison","floor":3},{"not_picked":["Crippling Poison","Dash","Caltrops"],"picked":"SKIP","floor":6},{"not_picked":["Outmaneuver","Backflip","Dodge and Roll"],"picked":"SKIP","floor":7},{"not_picked":["Deadly Poison","Acrobatics"],"picked":"Slice","floor":8},{"not_picked":["Blur","Underhanded Strike","Choke"],"picked":"SKIP","floor":13},{"not_picked":["Sucker Punch","Outmaneuver","Tools of the Trade"],"picked":"SKIP","floor":14},{"not_picked":["Storm of Steel","Unload"],"picked":"Corpse Explosion","floor":16},{"not_picked":["Backflip+1","Prepared+1"],"picked":"Deflect","floor":18},{"not_picked":["Masterful Stab","Dodge and Roll+1","Flying Knee"],"picked":"SKIP","floor":21},{"not_picked":["Prepared","Burst","All Out Attack"],"picked":"SKIP","floor":24}],"player_experience":143285,"relics_obtained":[{"floor":6,"key":"Ice Cream"},{"floor":8,"key":"Odd Mushroom"},{"floor":9,"key":"Paper Crane"},{"floor":24,"key":"MealTicket"},{"floor":26,"key":"Bronze Scales"}],"event_choices":[{"damage_healed":0,"gold_gain":0,"player_choice":"Success","damage_taken":3,"relics_obtained":["Lantern"],"max_hp_gain":0,"max_hp_loss":0,"event_name":"Scrap Ooze","floor":2,"gold_loss":0},{"cards_removed":["Strike_G"],"damage_healed":0,"gold_gain":0,"player_choice":"Card Removal","damage_taken":7,"max_hp_gain":0,"max_hp_loss":0,"event_name":"Golden Wing","floor":4,"gold_loss":0},{"damage_healed":0,"gold_gain":0,"player_choice":"Fought Mushrooms","damage_taken":0,"max_hp_gain":0,"max_hp_loss":0,"event_name":"Mushrooms","floor":8,"gold_loss":0},{"damage_healed":0,"gold_gain":275,"player_choice":"Desecrate","damage_taken":0,"max_hp_gain":0,"max_hp_loss":0,"event_name":"Golden Shrine","floor":12,"gold_loss":0,"cards_obtained":["Regret"]},{"damage_healed":0,"gold_gain":0,"player_choice":"Opened","damage_taken":0,"relics_obtained":["Snake Skull"],"max_hp_gain":0,"max_hp_loss":0,"event_name":"The Mausoleum","floor":19,"gold_loss":0},{"damage_healed":0,"gold_gain":0,"player_choice":"Inject Mutagens","damage_taken":0,"relics_obtained":["MutagenicStrength"],"max_hp_gain":0,"max_hp_loss":0,"event_name":"Drug Dealer","floor":22,"gold_loss":0},{"damage_healed":0,"gold_gain":0,"player_choice":"Ignored","damage_taken":0,"max_hp_gain":0,"max_hp_loss":0,"event_name":"Cursed Tome","floor":25,"gold_loss":0},{"damage_healed":0,"gold_gain":0,"player_choice":"Simplicity","damage_taken":0,"max_hp_gain":0,"max_hp_loss":0,"event_name":"Back to Basics","floor":27,"gold_loss":0,"cards_upgraded":["Strike_G","Strike_G","Defend_G","Defend_G","Defend_G","Defend_G"]}],"is_beta":false,"boss_relics":[{"not_picked":["Velvet Choker","Coffee Dripper"],"picked":"Astrolabe"}],"items_purged_floors":[20],"is_endless":false,"potions_floor_spawned":[1,6,14,16,18,21],"killed_by":"Snake Plant","ascension_level":13}}