{"host":"37ccm3d17clopct7","time":1613040788,"event":{"mods":["BaseMod","GungeonMod","Hermit","Lobotomy","Minty Spire (QoL Compilation)","StSLib","The Bug Knight","The Cursed","The Hierophant","The Jungle","The Runesmith"],"gold_per_floor":[119,119,119,137,156,182,182,195,195,225,225,300,12,187,187,284,284,304,304,322,338,338,338,351,351,351,15,28,28,53,5,5,101,101,112,126,45,63,78,78,91,105,156,506,506,539,539,566,566,566,566,566,566,0,29,29,29],"floor_reached":56,"language":"KOR","playtime":3168,"items_purged":["TheCursedMod:Defend_TheCursed"],"score":735,"play_id":"0ce6edc2-f6a6-4ecb-8e49-0152bd8fc6e3","local_time":"20210211195308","is_ascension_mode":false,"campfire_choices":[{"floor":7,"key":"REST"},{"floor":11,"key":"REST"},{"floor":15,"key":"REST"},{"floor":23,"key":"RECALL"},{"floor":29,"key":"REST"},{"floor":32,"key":"REST"},{"floor":40,"key":"REST"},{"floor":47,"key":"REST"},{"floor":49,"key":"REST"},{"data":"TheCursedMod:SmokeScreen","floor":53,"key":"SMITH"}],"circlet_count":0,"master_deck":["TheCursedMod:Strike_TheCursed","TheCursedMod:Defend_TheCursed","TheCursedMod:CursedWand","TheCursedMod:CleanUpWorkshop","TheCursedMod:Dregs","TheCursedMod:Hemoplague","TheCursedMod:SmokeScreen+1","TheCursedMod:Stigma","TheCursedMod:Hemoplague","TheCursedMod:CursedBlade","TheCursedMod:SpitefulStrike","Doubt","TheCursedMod:WearCloak","TheCursedMod:CursedAmulet","TheCursedMod:AbyssShockwave","TheCursedMod:Mangle","TheCursedMod:CursedSpellbook+1","TheCursedMod:NeowsMight+1","TheCursedMod:FleshFromBone+1","TheCursedMod:CircleOfAbyss+1","TheCursedMod:NeowsMight+1","TheCursedMod:TroublousMinions+1","TheCursedMod:Wield+1","TheCursedMod:TacticalStrike","TheCursedMod:SpitefulPray+1","TheCursedMod:ManaBullet","TheCursedMod:Hemoplague","TheCursedMod:SurpriseAttack+1","TheCursedMod:Stretching+1","TheCursedMod:VoidForm","TheCursedMod:WearCloak+1","TheCursedMod:CursedArmor+1"],"relics":["TheCursedMod:BlackMagic101","Bag of Preparation","PreservedInsect","Runesmith:Nanobots","TheCursedMod:FourLeafCloverCharm","Regal Pillow","Toxic Egg 2","DemoMod:LamentConfigurum","Astrolabe","DemoMod:ClearGuonStone","Old Coin","HollowMod:PaleOreRelic","Pantograph","ClockworkSouvenir","DemoMod:MonsterBlood","DemoMod:WhiteGuonStone","Sundial"],"acts_visited":["Exordium","TheCity","TheBeyond","TheEnding"],"potions_floor_usage":[6,16,24,30,50,50,55,56,56,56],"damage_taken":[{"damage":2,"enemies":"Small Slimes","floor":1,"turns":4},{"damage":9,"enemies":"Jaw Worm","floor":4,"turns":4},{"damage":1,"enemies":"Cultist","floor":5,"turns":4},{"damage":24,"enemies":"Gremlin Nob","floor":6,"turns":4},{"damage":1,"enemies":"Looter","floor":8,"turns":4},{"damage":32,"enemies":"3 Sentries","floor":10,"turns":7},{"damage":32,"enemies":"Hexaghost","floor":16,"turns":9},{"damage":20,"enemies":"Spheric Guardian","floor":18,"turns":5},{"damage":7,"enemies":"Shell Parasite","floor":20,"turns":6},{"damage":8,"enemies":"Snake Plant","floor":21,"turns":4},{"damage":1,"enemies":"Centurion and Healer","floor":24,"turns":7},{"damage":4,"enemies":"Cultist and Chosen","floor":28,"turns":5},{"damage":36,"enemies":"Gremlin Leader","floor":30,"turns":5},{"damage":9,"enemies":"Champ","floor":33,"turns":17},{"damage":10,"enemies":"3 Shapes","floor":35,"turns":5},{"damage":2,"enemies":"3 Darklings","floor":36,"turns":4},{"damage":9,"enemies":"Sphere and 2 Shapes","floor":38,"turns":3},{"damage":11,"enemies":"4 Shapes","floor":39,"turns":3},{"damage":0,"enemies":"Spire Growth","floor":41,"turns":5},{"damage":6,"enemies":"Writhing Mass","floor":42,"turns":5},{"damage":0,"enemies":"Mind Bloom Boss Battle","floor":44,"turns":7},{"damage":32,"enemies":"Reptomancer","floor":46,"turns":7},{"damage":16,"enemies":"Nemesis","floor":48,"turns":5},{"damage":98,"enemies":"Time Eater","floor":50,"turns":12},{"damage":31,"enemies":"Shield and Spear","floor":55,"turns":5},{"damage":95,"enemies":"The Heart","floor":56,"turns":7}],"seed_played":"-4194102328902326773","potions_obtained":[{"floor":1,"key":"SpeedPotion"},{"floor":5,"key":"AttackPotion"},{"floor":16,"key":"BlessingOfTheForge"},{"floor":20,"key":"SpeedPotion"},{"floor":21,"key":"GamblersBrew"},{"floor":30,"key":"Block Potion"},{"floor":35,"key":"EssenceOfSteel"},{"floor":42,"key":"FairyPotion"},{"floor":55,"key":"ColorlessPotion"}],"is_trial":false,"path_per_floor":["M","?","?","M","M","E","R","M","T","E","R","?","$","?","R","B",null,"M","?","M","M","?","R","M","?","T","$","M","R","E","$","R","B",null,"M","M","$","M","M","R","M","M","T","?","?","E","R","E","R","B",null,null,"R","$","E","B"],"character_chosen":"THE_CURSED","items_purchased":["Runesmith:Nanobots","TheCursedMod:SpitefulStrike","Toxic Egg 2","TheCursedMod:FleshFromBone+1","TheCursedMod:ManaBullet","ClockworkSouvenir","DemoMod:MonsterBlood","DemoMod:WhiteGuonStone","Block Potion","Regen Potion"],"campfire_rested":8,"item_purchase_floors":[13,13,27,31,37,54,54,54,54,54],"current_hp_per_floor":[73,78,78,69,68,44,68,67,67,35,59,48,48,48,72,40,80,60,60,53,45,45,45,44,44,44,44,40,79,43,43,80,71,80,70,68,68,59,48,80,80,74,74,74,74,42,80,64,80,15,15,80,80,87,56,0,0],"gold":29,"neow_bonus":"REMOVE_CARD","is_daily":false,"chose_seed":false,"campfire_upgraded":1,"win_rate":0.0,"timestamp":1613040788,"path_taken":["M","?","?","M","M","E","R","M","T","E","R","?","$","?","R","BOSS","M","?","M","?","?","R","M","?","T","$","M","R","E","$","R","BOSS","M","M","$","?","?","R","M","M","T","?","?","E","R","E","R","BOSS","R","$","E","BOSS"],"items_purchased_type":["Relic","Card","Relic","Card","Card","Relic","Relic","Relic","Potion","Potion"],"build_version":"2020-12-22","purchased_purges":1,"victory":false,"max_hp_per_floor":[75,80,80,80,80,80,80,80,80,80,80,80,80,80,80,80,80,80,80,80,80,80,80,80,80,80,80,80,80,80,80,80,80,80,80,80,80,80,80,80,80,80,80,80,80,80,80,80,80,80,80,80,80,87,87,87,87],"card_choices":[{"not_picked":["TheCursedMod:SmokeScreen","TheCursedMod:CursedAmulet"],"picked":"TheCursedMod:Hemoplague","floor":1},{"not_picked":["TheCursedMod:TacticalStrike","TheCursedMod:BloodBarrier"],"picked":"TheCursedMod:SmokeScreen","floor":4},{"not_picked":["TheCursedMod:ManaCirculation","TheCursedMod:SpreadPlague"],"picked":"TheCursedMod:Stigma","floor":5},{"not_picked":["TheCursedMod:SpreadPlague","TheCursedMod:Stretching"],"picked":"TheCursedMod:Hemoplague","floor":6},{"not_picked":["TheCursedMod:RavingStaff","TheCursedMod:AshesToAshes"],"picked":"TheCursedMod:CursedBlade","floor":8},{"not_picked":["TheCursedMod:HellsGateOpen","TheCursedMod:SmokeScreen","TheCursedMod:Wield"],"picked":"SKIP","floor":10},{"not_picked":["TheCursedMod:ForbiddenAlchemy","TheCursedMod:OutForBlood"],"picked":"TheCursedMod:StunningStrike","floor":16},{"not_picked":["TheCursedMod:Obscuration","TheCursedMod:CircleOfWindfury"],"picked":"TheCursedMod:WearCloak","floor":18},{"not_picked":["TheCursedMod:RavingStaff","TheCursedMod:TacticalStrike"],"picked":"TheCursedMod:CursedAmulet","floor":20},{"not_picked":["TheCursedMod:SpitefulStrike","TheCursedMod:CursedMace","TheCursedMod:AshesToAshes+1"],"picked":"SKIP","floor":21},{"not_picked":["TheCursedMod:RavingStaff+1","TheCursedMod:CircleOfAbyss"],"picked":"TheCursedMod:AbyssShockwave","floor":24},{"not_picked":["TheCursedMod:AbyssShockwave","TheCursedMod:Wield"],"picked":"TheCursedMod:CursedSpellbook+1","floor":28},{"not_picked":["TheCursedMod:Mangle","TheCursedMod:Torture+1"],"picked":"TheCursedMod:NeowsMight+1","floor":30},{"not_picked":["TheCursedMod:DarkBarrier+1","TheCursedMod:ShockAndAwe"],"picked":"TheCursedMod:CircleOfAbyss+1","floor":33},{"not_picked":["TheCursedMod:CircleOfCorruption+1","TheCursedMod:SpitefulStrike"],"picked":"TheCursedMod:TacticalStrike","floor":35},{"not_picked":["TheCursedMod:Wield+1","TheCursedMod:CursedAmulet+1"],"picked":"TheCursedMod:SpitefulPray+1","floor":36},{"not_picked":["TheCursedMod:SpitefulStrike","TheCursedMod:SmokeScreen+1"],"picked":"TheCursedMod:Hemoplague","floor":38},{"not_picked":["TheCursedMod:CursedBoomerang","TheCursedMod:TacticalStrike+1","TheCursedMod:Wield+1"],"picked":"SKIP","floor":39},{"not_picked":["TheCursedMod:CircleOfAbyss+1","TheCursedMod:SpitefulStrike+1","TheCursedMod:SmokeScreen+1"],"picked":"SKIP","floor":41},{"not_picked":["TheCursedMod:Stigma","TheCursedMod:CursedMace"],"picked":"TheCursedMod:SurpriseAttack+1","floor":42},{"not_picked":["TheCursedMod:RapidMovement+1","TheCursedMod:ReleasedKnowledge+1"],"picked":"TheCursedMod:Stretching+1","floor":44},{"not_picked":["TheCursedMod:Torture+1","TheCursedMod:CursedBoomerang"],"picked":"TheCursedMod:VoidForm","floor":46},{"not_picked":["TheCursedMod:VitalStrike","TheCursedMod:Torture+1"],"picked":"TheCursedMod:WearCloak+1","floor":48},{"not_picked":["TheCursedMod:ReleasedStrength+1","TheCursedMod:HellfireBreathing"],"picked":"TheCursedMod:CursedArmor+1","floor":55}],"player_experience":180376,"relics_obtained":[{"floor":6,"key":"Bag of Preparation"},{"floor":10,"key":"PreservedInsect"},{"floor":26,"key":"Regal Pillow"},{"floor":30,"key":"DemoMod:WeirdEgg"},{"floor":43,"key":"DemoMod:ClearGuonStone"},{"floor":44,"key":"Old Coin"},{"floor":46,"key":"HollowMod:PaleOreRelic"},{"floor":48,"key":"Pantograph"},{"floor":55,"key":"Sundial"}],"event_choices":[{"damage_healed":0,"gold_gain":0,"player_choice":"Donut","damage_taken":0,"max_hp_gain":5,"max_hp_loss":0,"event_name":"Big Fish","floor":2,"gold_loss":0},{"damage_healed":0,"gold_gain":0,"player_choice":"Ignored","damage_taken":0,"max_hp_gain":0,"max_hp_loss":0,"event_name":"Shining Light","floor":3,"gold_loss":0},{"damage_healed":0,"gold_gain":75,"player_choice":"Gather Gold","damage_taken":11,"max_hp_gain":0,"max_hp_loss":0,"event_name":"World of Goop","floor":12,"gold_loss":0},{"damage_healed":0,"gold_gain":175,"player_choice":"AGREE","damage_taken":0,"max_hp_gain":0,"max_hp_loss":0,"event_name":"Liars Game","floor":14,"gold_loss":0,"cards_obtained":["Doubt"]},{"damage_healed":0,"gold_gain":0,"player_choice":"Bought 0 Potions","damage_taken":0,"max_hp_gain":0,"max_hp_loss":0,"event_name":"The Woman in Blue","floor":19,"gold_loss":0},{"cards_removed":["TheCursedMod:Strike_TheCursed"],"damage_healed":0,"gold_gain":0,"player_choice":"Elegance","damage_taken":0,"max_hp_gain":0,"max_hp_loss":0,"event_name":"Back to Basics","floor":22,"gold_loss":0},{"damage_healed":0,"gold_gain":0,"player_choice":"1 cards matched","damage_taken":0,"max_hp_gain":0,"max_hp_loss":0,"event_name":"Match and Keep!","floor":25,"gold_loss":0,"cards_obtained":["TheCursedMod:Mangle"]},{"damage_healed":0,"gold_gain":0,"player_choice":"Fight","damage_taken":0,"max_hp_gain":0,"max_hp_loss":0,"event_name":"MindBloom","floor":44,"gold_loss":0},{"cards_removed":["TheCursedMod:Strike_TheCursed"],"damage_healed":0,"gold_gain":0,"player_choice":"Removed Attack","damage_taken":0,"max_hp_gain":0,"max_hp_loss":0,"event_name":"Falling","floor":45,"gold_loss":0}],"is_beta":false,"boss_relics":[{"not_picked":["Philosopher\u0027s Stone","Runesmith:UraniumAnvil"],"picked":"TheCursedMod:FourLeafCloverCharm"},{"not_picked":["Velvet Choker","Black Star"],"picked":"Astrolabe"}],"items_purged_floors":[27],"is_endless":false,"potions_floor_spawned":[1,5,16,20,21,30,35,38,42,48,55],"killed_by":"The Heart","ascension_level":0}}