{"host":"7jvlg611gq73pwus","time":1613010686,"event":{"mods":["Act Like it!","Arknights","BaseMod","Friendly Minions","Gold Saver","KOR Keyword Fix","KinomotoSakuraMod(ÙÊñýÜâ?)","Lobotomy","Marisa£¨Ùöéë¡¡Øª×âÞÞ£©","Minty Spire (QoL Compilation)","Prisma Mod","Replay The Spire","StSLib","Td1madao Mod","The Animator","The Bug Knight","The Hierophant"],"gold_per_floor":[287,287,304,304,229,262,262,290,337,384,394,394,411,411,411,509,509,529,529,547,561,44,44,44,74,98,112,124,124,141,157,157,254,254,266,266,266,51,67,67,67,67,67,117,117,117,117,133,133,147,147,147,147],"floor_reached":52,"language":"KOR","playtime":2398,"items_purged":["ats:Strike C","Pain","Decay"],"score":520,"play_id":"716314e8-1404-49f9-a03b-cfceb25e2f3d","local_time":"20210211113126","is_ascension_mode":false,"campfire_choices":[{"floor":7.0,"key":"REST"},{"floor":12.0,"key":"REST"},{"data":"ats:Ambush","floor":15.0,"key":"SMITH"},{"floor":23.0,"key":"REST"},{"floor":29.0,"key":"REST"},{"floor":32.0,"key":"REST"},{"floor":40,"key":"REST"},{"floor":42,"key":"REST"},{"floor":49,"key":"REST"},{"floor":51,"key":"RECALL"}],"circlet_count":0,"master_deck":["ats:Strike S+1","ats:Armor Crushing Shot","ats:Defend","ats:Defend+1","ats:Emotion Absorption","ats:Ambush+1","ats:Leaping Hammer","ats:Powerful Strike","ats:Flexible Camouflage","ats:Powerful Strike","ats:Overload","ats:Shell Defense","ats:Magnetic Hammer","ats:Automatic Cover","ats:Consecutive Shot Auto+1","Chrysalis","ats:Absolute Focus+1","ats:Directed Diagnosis","ats:Shell Defense","ats:Assault Order","ats:Explosion Area Strengthen+1","ats:Calcification","Languid","ats:Consecutive Shot Auto+1","Master of Strategy","Madness","Madness","Forethought","ats:Automatic Cover","ats:Healing Drone+1","ats:Nebulous Foxfire","Parasite"],"relics":["ats:Sanity","ats:Originium","ats:Emergency Defibrillator","StoneCalendar","Dream Catcher","ats:Hidden Killer","WarpedTongs","Velvet Choker","Kunai","Replay:Bottled Eggs","Kintsugi","ats:Remnant Ash","Bird Faced Urn"],"acts_visited":["Exordium","TheCity","TheBeyond"],"potions_floor_usage":[52,52,52],"damage_taken":[{"damage":1.0,"enemies":"2 Louse","floor":1.0,"turns":3.0},{"damage":11.0,"enemies":"Jaw Worm","floor":3.0,"turns":4.0},{"damage":28.0,"enemies":"3 Sentries","floor":6.0,"turns":8.0},{"damage":0.0,"enemies":"Cultist","floor":11.0,"turns":3.0},{"damage":0.0,"enemies":"2 Fungi Beasts","floor":13.0,"turns":2.0},{"damage":17.0,"enemies":"The Guardian","floor":16.0,"turns":8.0},{"damage":15.0,"enemies":"Spheric Guardian","floor":18.0,"turns":4.0},{"damage":4.0,"enemies":"Chosen","floor":20.0,"turns":3.0},{"damage":3.0,"enemies":"Centurion and Healer","floor":21.0,"turns":5.0},{"damage":48.0,"enemies":"Slavers","floor":25.0,"turns":7.0},{"damage":9.0,"enemies":"Cultist and Chosen","floor":27.0,"turns":7.0},{"damage":18.0,"enemies":"Snake Plant","floor":28.0,"turns":7.0},{"damage":0.0,"enemies":"Centurion and Healer","floor":30.0,"turns":6.0},{"damage":5.0,"enemies":"Cultist and Chosen","floor":31.0,"turns":6.0},{"damage":47.0,"enemies":"Collector","floor":33.0,"turns":11.0},{"damage":2,"enemies":"Orb Walker","floor":35,"turns":5},{"damage":52,"enemies":"3 Shapes","floor":39,"turns":4},{"damage":7,"enemies":"Mind Bloom Boss Battle","floor":44,"turns":10},{"damage":39,"enemies":"Jaw Worm Horde","floor":48,"turns":7},{"damage":41,"enemies":"Writhing Mass","floor":50,"turns":8},{"damage":96,"enemies":"Donu and Deca","floor":52,"turns":12}],"seed_played":"329293489778007253","potions_obtained":[{"floor":3.0,"key":"EssenceOfSteel"},{"floor":13.0,"key":"EntropicBrew"},{"floor":16.0,"key":"DuplicationPotion"},{"floor":18.0,"key":"LifebloodPotion"},{"floor":27.0,"key":"Doom Potion"},{"floor":30.0,"key":"ats:Emergency Sanity Potion"},{"floor":33.0,"key":"ats:Burn Small Potion"},{"floor":44,"key":"LifebloodPotion"}],"is_trial":false,"path_per_floor":["M","?","M","?","$","E","R","?","T","T","M","R","M","?","R","B",null,"M","?","M","M","$","R","$","E","T","M","M","R","M","M","R","B",null,"M","?","?","$","M","R","$","R","T","?","?","PTL","PTL","M","R","M","R","B"],"character_chosen":"DOCTOR_CLASS","items_purchased":["Chrysalis","Kunai","Forethought"],"campfire_rested":8,"item_purchase_floors":[22,22,38],"current_hp_per_floor":[71,57,46,46,46,18,39,11,11,11,47,68,68,68,68,51,72,57,50,46,43,43,64,64,16,16,17,4,25,30,30,51,23,72,70,70,61,61,9,30,30,51,51,54,54,54,54,26,47,29,29,0,0],"gold":147,"neow_bonus":"ONE_RANDOM_RARE_CARD","is_daily":false,"chose_seed":false,"campfire_upgraded":1,"win_rate":0.0,"timestamp":1613010686,"path_taken":["M","?","M","?","$","E","R","?","T","?","?","R","M","?","R","BOSS","M","?","M","M","?","R","$","E","T","?","M","R","M","M","R","BOSS","M","?","?","?","M","R","$","R","T","?","?","PTL","PTL","M","R","?","R","BOSS"],"items_purchased_type":["Card","Relic","Card"],"build_version":"2020-12-22","purchased_purges":3,"victory":false,"max_hp_per_floor":[72,72,72,72,72,72,72,72,72,72,72,72,72,72,72,72,72,72,72,72,72,72,72,72,72,72,72,72,72,72,72,72,72,72,72,72,72,72,72,72,72,72,72,72,72,72,72,72,72,72,72,72,72],"card_choices":[{"not_picked":["ats:Blood Oath","ats:Demon Strength"],"picked":"ats:Leaping Hammer","floor":1.0},{"not_picked":["ats:Very Hot Blade","ats:Hammer On"],"picked":"ats:Powerful Strike","floor":3.0},{"not_picked":["ats:Volcano","ats:Ignite"],"picked":"ats:Flexible Camouflage","floor":6.0},{"not_picked":["ats:Flexible Camouflage","ats:Closed Bolt Burst Fire"],"picked":"ats:Powerful Strike","floor":8.0},{"not_picked":["ats:Consecutive Shot Auto","ats:Blood Oath"],"picked":"ats:Overload","floor":11.0},{"not_picked":["ats:Counter Healing Mode","ats:Hammer On"],"picked":"ats:Shell Defense","floor":12.0},{"not_picked":["ats:Assault Order","ats:Collapsing Strike"],"picked":"ats:Magnetic Hammer","floor":13.0},{"not_picked":["ats:Durian","ats:Soul Rend"],"picked":"ats:Ambush","floor":16.0},{"not_picked":["ats:Defend Order","ats:Powerful Strike"],"picked":"ats:Automatic Cover","floor":18.0},{"not_picked":["ats:Revitalization","ats:Guardian Obelisk"],"picked":"ats:Consecutive Shot Auto+1","floor":20.0},{"not_picked":["ats:Powerful Strike","ats:Ignite","ats:Cat Scratch+1"],"picked":"SKIP","floor":21.0},{"not_picked":["ats:Ignite","ats:Encircling Forest"],"picked":"ats:Absolute Focus+1","floor":23.0},{"not_picked":["ats:Poison Spread","ats:Revitalization"],"picked":"ats:Directed Diagnosis","floor":25.0},{"not_picked":["ats:Cat Scratch+1","ats:Closed Bolt Burst Fire","ats:Poison Spread"],"picked":"SKIP","floor":27.0},{"not_picked":["ats:Roar Of Ursus","ats:Song Of Battle","ats:Demon Strength"],"picked":"SKIP","floor":28.0},{"not_picked":["ats:Ignite","ats:Hook Shot"],"picked":"ats:Shell Defense","floor":30.0},{"not_picked":["ats:Collapsing Strike","ats:Shell Defense"],"picked":"ats:Assault Order","floor":31.0},{"not_picked":["ats:Cat Scratch","ats:Hammer On"],"picked":"ats:Explosion Area Strengthen+1","floor":32.0},{"not_picked":["ats:Durian","ats:Volcano"],"picked":"ats:Calcification","floor":33.0},{"not_picked":["ats:Curse Doll","ats:Cat Scratch"],"picked":"ats:Consecutive Shot Auto+1","floor":35},{"not_picked":["PanicButton","Enlightenment"],"picked":"Master of Strategy","floor":36},{"not_picked":["ats:Flame Of Heaven","ats:Hammer On+1"],"picked":"ats:Automatic Cover","floor":39},{"not_picked":["ats:Mental Burst","ats:Curse Doll+1"],"picked":"ats:Healing Drone+1","floor":40},{"not_picked":["ats:Assault Order+1","ats:Steam Pump"],"picked":"ats:Defend Order+1","floor":44},{"not_picked":["ats:Song Of Battle","ats:Powerful Strike+1"],"picked":"ats:Nebulous Foxfire","floor":48},{"not_picked":["ats:Soul Absorption+1","ats:Assault Order+1","ats:Hook Shot"],"picked":"SKIP","floor":50}],"player_experience":473727,"relics_obtained":[{"floor":6.0,"key":"ats:Originium"},{"floor":6.0,"key":"ats:Emergency Defibrillator"},{"floor":8.0,"key":"StoneCalendar"},{"floor":9.0,"key":"Dream Catcher"},{"floor":10.0,"key":"ats:Hidden Killer"},{"floor":25.0,"key":"ats:Originium"},{"floor":25.0,"key":"Replay:Bottled Eggs"},{"floor":43,"key":"ats:Remnant Ash"},{"floor":44,"key":"Bird Faced Urn"}],"event_choices":[{"damage_healed":0.0,"max_hp_gain":0.0,"max_hp_loss":0.0,"gold_gain":0.0,"event_name":"Shining Light","player_choice":"Entered Light","floor":2.0,"gold_loss":0.0,"damage_taken":14.0,"cards_upgraded":["ats:Defend","ats:Strike S"]},{"damage_healed":0.0,"max_hp_gain":0.0,"max_hp_loss":0.0,"gold_gain":0.0,"cards_transformed":["ats:Strike G"],"event_name":"Living Wall","player_choice":"Change","floor":4.0,"gold_loss":0.0,"damage_taken":0.0,"cards_obtained":["ats:Thermite Blade"]},{"damage_healed":0.0,"max_hp_gain":0.0,"max_hp_loss":0.0,"gold_gain":0.0,"event_name":"Accursed Blacksmith","player_choice":"Rummage","floor":14.0,"gold_loss":0.0,"damage_taken":0.0,"relics_obtained":["WarpedTongs"],"cards_obtained":["Pain"]},{"damage_healed":0.0,"max_hp_gain":0.0,"max_hp_loss":0.0,"gold_gain":0.0,"event_name":"Wheel of Change","player_choice":"Damaged","floor":19.0,"gold_loss":0.0,"damage_taken":7.0},{"damage_healed":0,"gold_gain":0,"player_choice":"Memory 1","damage_taken":0,"max_hp_gain":0,"max_hp_loss":0,"event_name":"SensoryStone","floor":36,"gold_loss":0},{"damage_healed":0,"gold_gain":0,"player_choice":"Embrace Madness","damage_taken":9,"max_hp_gain":0,"max_hp_loss":0,"event_name":"Winding Halls","floor":37,"gold_loss":0,"cards_obtained":["Madness","Madness"]},{"damage_healed":0,"gold_gain":0,"player_choice":"Fight","damage_taken":0,"max_hp_gain":0,"max_hp_loss":0,"event_name":"MindBloom","floor":44,"gold_loss":0},{"cards_removed":["ats:Defend Order"],"damage_healed":0,"gold_gain":0,"player_choice":"Removed Power","damage_taken":0,"max_hp_gain":0,"max_hp_loss":0,"event_name":"Falling","floor":45,"gold_loss":0}],"is_beta":false,"boss_relics":[{"not_picked":["Snecko Eye","Sozu"],"picked":"Velvet Choker"},{"not_picked":["Runic Dome","Abe\u0027s Treasure"],"picked":"Kintsugi"}],"items_purged_floors":[5,22,38],"is_endless":false,"potions_floor_spawned":[3,13,16,18,27,30,33,44,48,50],"killed_by":"Donu and Deca","ascension_level":0}}