{"host":"9bcvatsnbq1a3xq4","time":1613070478,"event":{"mods":["BaseMod","Bestiary","Block Reminder","Highlight Path","Minty Spire (QoL Compilation)","Relic Stats"],"gold_per_floor":[118,118,38,38,50,50,65,98,98,123,123,151,161,180,180,251,251,265,265,180,180,200,200,200],"floor_reached":23,"language":"ENG","playtime":1190,"items_purged":[],"score":418,"play_id":"2b5131fa-c12a-4da3-9e33-cb7f0b07c630","local_time":"20210211200758","is_ascension_mode":true,"campfire_choices":[{"data":"Combust","floor":6,"key":"SMITH"},{"floor":11,"key":"REST"},{"data":"Uppercut","floor":15,"key":"SMITH"}],"circlet_count":0,"master_deck":["AscendersBane","Strike_R","Strike_R","Strike_R","Strike_R+1","Defend_R","Defend_R","Defend_R","Defend_R","Bash+1","Spot Weakness","Heavy Blade","Combust+1","Twin Strike","Rage","Hemokinesis","Uppercut+1","Thunderclap","Power Through","Shrug It Off","Limit Break","RitualDagger","Injury","Battle Trance"],"relics":["Burning Blood","FaceOfCleric","Letter Opener","Whetstone","Ginger","Torii","Cursed Key","Smiling Mask","Mummified Hand"],"acts_visited":["Exordium","TheCity"],"potions_floor_usage":[8,12,16,18,22],"damage_taken":[{"damage":2,"enemies":"Cultist","floor":1,"turns":4},{"damage":11,"enemies":"Jaw Worm","floor":5,"turns":5},{"damage":9,"enemies":"2 Louse","floor":7,"turns":3},{"damage":25,"enemies":"Lagavulin","floor":8,"turns":5},{"damage":34,"enemies":"Gremlin Nob","floor":10,"turns":4},{"damage":16,"enemies":"3 Sentries","floor":12,"turns":4},{"damage":31,"enemies":"Exordium Thugs","floor":13,"turns":5},{"damage":3,"enemies":"Large Slime","floor":14,"turns":4},{"damage":26,"enemies":"Slime Boss","floor":16,"turns":7},{"damage":20,"enemies":"3 Byrds","floor":18,"turns":4},{"damage":50,"enemies":"Spheric Guardian","floor":22,"turns":6},{"damage":22,"enemies":"Gremlin Leader","floor":23,"turns":2}],"seed_played":"5080113963697689452","potions_obtained":[{"floor":1,"key":"Regen Potion"},{"floor":7,"key":"SkillPotion"},{"floor":14,"key":"CultistPotion"},{"floor":16,"key":"Energy Potion"},{"floor":18,"key":"Regen Potion"},{"floor":22,"key":"FearPotion"}],"is_trial":false,"path_per_floor":["M","?","$","?","M","R","M","E","T","E","R","E","M","M","R","B",null,"M","?","?","T","M","E"],"character_chosen":"IRONCLAD","items_purchased":["Combust"],"campfire_rested":1,"item_purchase_floors":[3],"current_hp_per_floor":[72,72,72,72,68,68,66,48,48,21,44,49,25,29,29,10,65,52,46,46,46,18,0,0],"gold":200,"neow_bonus":"THREE_CARDS","is_daily":false,"chose_seed":false,"campfire_upgraded":2,"win_rate":0.0,"timestamp":1613070478,"path_taken":["M","?","$","?","M","R","M","E","T","E","R","E","M","?","R","BOSS","M","?","?","?","M","E"],"items_purchased_type":["Card"],"build_version":"2020-12-22","purchased_purges":0,"victory":false,"max_hp_per_floor":[75,75,75,75,76,76,77,78,78,79,79,80,81,82,82,83,83,84,84,84,84,85,85,85],"relic_stats":{"FaceOfCleric":10,"Torii":7,"counters":[12,53],"Mummified Hand":[1],"Letter Opener":[0],"Whetstone":["Strike_R","Bash"],"Ginger":[4],"Cursed Key":1,"Smiling Mask":0,"obtain_stats":[{"FaceOfCleric":4,"Torii":12,"Mummified Hand":21,"Letter Opener":8,"Whetstone":9,"Ginger":10,"Cursed Key":17,"Smiling Mask":20,"Burning Blood":0},{"FaceOfCleric":1,"Torii":6,"Mummified Hand":10,"Letter Opener":4,"Whetstone":4,"Ginger":5,"Cursed Key":9,"Smiling Mask":10,"Burning Blood":0},{"FaceOfCleric":4,"Torii":25,"Mummified Hand":45,"Letter Opener":17,"Whetstone":17,"Ginger":21,"Cursed Key":41,"Smiling Mask":45,"Burning Blood":0}],"Burning Blood":66},"card_choices":[{"not_picked":["Headbutt","Body Slam"],"picked":"Spot Weakness","floor":0},{"not_picked":["Power Through","Wild Strike"],"picked":"Heavy Blade","floor":1},{"not_picked":["Dropkick","Perfected Strike"],"picked":"Twin Strike","floor":5},{"not_picked":["Cleave","Perfected Strike"],"picked":"Rage","floor":7},{"not_picked":["Perfected Strike","Iron Wave"],"picked":"Hemokinesis","floor":8},{"not_picked":["Pommel Strike","Warcry"],"picked":"Uppercut","floor":10},{"not_picked":["Body Slam","Reckless Charge"],"picked":"Thunderclap","floor":12},{"not_picked":["Shockwave","Entrench"],"picked":"Power Through","floor":13},{"not_picked":["Infernal Blade","Heavy Blade"],"picked":"Shrug It Off","floor":14},{"not_picked":["Feed","Demon Form"],"picked":"Limit Break","floor":16},{"not_picked":["Dark Embrace","Sword Boomerang","Thunderclap"],"picked":"SKIP","floor":18},{"not_picked":["Metallicize","Blood for Blood"],"picked":"Battle Trance","floor":22}],"player_experience":841904,"relics_obtained":[{"floor":8,"key":"Letter Opener"},{"floor":9,"key":"Whetstone"},{"floor":10,"key":"Ginger"},{"floor":12,"key":"Torii"},{"floor":21,"key":"Mummified Hand"}],"event_choices":[{"cards_removed":["Strike_R"],"damage_healed":0,"gold_gain":0,"player_choice":"Purged","damage_taken":0,"max_hp_gain":0,"max_hp_loss":0,"event_name":"Purifier","floor":2,"gold_loss":0},{"damage_healed":0,"gold_gain":0,"player_choice":"Trade","damage_taken":0,"relics_obtained":["FaceOfCleric"],"max_hp_gain":0,"max_hp_loss":0,"event_name":"FaceTrader","floor":4,"gold_loss":0},{"damage_healed":0,"gold_gain":0,"player_choice":"Joined the Cult","damage_taken":6,"max_hp_gain":0,"max_hp_loss":0,"event_name":"Nest","floor":19,"gold_loss":0,"cards_obtained":["RitualDagger"]},{"damage_healed":0,"gold_gain":0,"player_choice":"Obtained Relic","damage_taken":0,"relics_obtained":["Smiling Mask"],"max_hp_gain":0,"max_hp_loss":0,"event_name":"Addict","floor":20,"gold_loss":85}],"is_beta":false,"boss_relics":[{"not_picked":["Coffee Dripper","Tiny House"],"picked":"Cursed Key"}],"items_purged_floors":[],"is_endless":false,"potions_floor_spawned":[1,7,14,16,18,22],"killed_by":"Gremlin Leader","ascension_level":20}}