{"host":"9ij7vlqro2mzmyov","time":1613052023,"event":{"mods":["BaseMod","Colored Map","DeckTracker","Minty Spire (QoL Compilation)","Permanent Neow","SuperFastMode"],"gold_per_floor":[110,123,137,147,160,192,192,44,67,81,94,94,108,119,119,216,216,228,210,220,319,319,319,319,319],"floor_reached":24,"language":"KOR","playtime":1259,"items_purged":["Strike_G"],"score":240,"play_id":"44e62ae7-4329-4ecc-a4d5-f7544d7efc6c","local_time":"20210211230023","is_ascension_mode":true,"campfire_choices":[{"data":"Noxious Fumes","floor":12.0,"key":"SMITH"},{"data":"Catalyst","floor":15.0,"key":"SMITH"},{"data":"Calculated Gamble","floor":23.0,"key":"SMITH"}],"circlet_count":0,"master_deck":["Strike_G","Strike_G","Defend_G","Defend_G","Defend_G","Defend_G","Defend_G","Survivor","Neutralize","Dagger Throw","Dagger Spray","Acrobatics+1","Prepared","Noxious Fumes+1","Skewer","Catalyst+1","Adrenaline","Calculated Gamble+1","Flying Knee+1","Necronomicurse"],"relics":["Coffee Dripper","Boot","PreservedInsect","Empty Cage","Necronomicon"],"acts_visited":["Exordium","TheCity"],"potions_floor_usage":[],"damage_taken":[{"damage":0.0,"enemies":"Small Slimes","floor":1.0,"turns":5.0},{"damage":1.0,"enemies":"Cultist","floor":2.0,"turns":5.0},{"damage":0.0,"enemies":"2 Louse","floor":3.0,"turns":2.0},{"damage":0.0,"enemies":"Looter","floor":4.0,"turns":4.0},{"damage":0.0,"enemies":"Blue Slaver","floor":5.0,"turns":4.0},{"damage":0.0,"enemies":"3 Sentries","floor":6.0,"turns":5.0},{"damage":0.0,"enemies":"Gremlin Gang","floor":10.0,"turns":3.0},{"damage":0.0,"enemies":"Red Slaver","floor":11.0,"turns":4.0},{"damage":3.0,"enemies":"Large Slime","floor":13.0,"turns":5.0},{"damage":4.0,"enemies":"Blue Slaver","floor":14.0,"turns":3.0},{"damage":30.0,"enemies":"Hexaghost","floor":16.0,"turns":8.0},{"damage":0.0,"enemies":"Shell Parasite","floor":18.0,"turns":7.0},{"damage":10.0,"enemies":"2 Thieves","floor":19.0,"turns":4.0},{"damage":4.0,"enemies":"Chosen and Byrds","floor":20.0,"turns":5.0},{"damage":0,"enemies":"Snake Plant","floor":24,"turns":2}],"seed_played":"-7562350948863127689","potions_obtained":[{"floor":2.0,"key":"FearPotion"},{"floor":3.0,"key":"Explosive Potion"},{"floor":4.0,"key":"DistilledChaos"},{"floor":13.0,"key":"CultistPotion"},{"floor":14.0,"key":"Ancient Potion"},{"floor":19.0,"key":"AttackPotion"}],"is_trial":false,"path_per_floor":["M","M","M","M","M","E","?","$","T","M","M","R","M","M","R","B",null,"M","M","M","?","?","R","M"],"character_chosen":"THE_SILENT","items_purchased":["Noxious Fumes"],"campfire_rested":0,"item_purchase_floors":[8],"current_hp_per_floor":[70,69,69,69,69,69,69,69,69,69,69,69,66,62,62,32,70,70,60,56,56,40,40,40,40],"gold":319,"neow_bonus":"BOSS_RELIC","is_daily":false,"chose_seed":false,"campfire_upgraded":3,"win_rate":0.0,"timestamp":1613052023,"path_taken":["M","M","M","M","M","E","?","$","T","M","M","R","M","M","R","BOSS","M","M","M","?","?","R","M"],"items_purchased_type":["Card"],"build_version":"2020-12-22","purchased_purges":1,"victory":false,"max_hp_per_floor":[70,70,70,70,70,70,70,70,70,70,70,70,70,70,70,70,70,70,70,70,70,70,70,70,70],"card_choices":[{"not_picked":["Skewer","Blur"],"picked":"Dagger Throw","floor":1.0},{"not_picked":["Prepared","Underhanded Strike"],"picked":"Dagger Spray","floor":2.0},{"not_picked":["After Image","Prepared"],"picked":"Acrobatics","floor":3.0},{"not_picked":["Footwork","Acrobatics"],"picked":"Prepared","floor":4.0},{"not_picked":["Distraction","Finisher","Underhanded Strike"],"picked":"SKIP","floor":5.0},{"not_picked":["Distraction","Terror","Acrobatics"],"picked":"SKIP","floor":6.0},{"not_picked":["Backstab","Masterful Stab"],"picked":"Skewer","floor":10.0},{"not_picked":["Masterful Stab","Deflect","Prepared"],"picked":"SKIP","floor":11.0},{"not_picked":["Deflect","Setup","Cloak And Dagger"],"picked":"SKIP","floor":13.0},{"not_picked":["Prepared","Outmaneuver"],"picked":"Catalyst","floor":14.0},{"not_picked":["Burst","Tools of the Trade"],"picked":"Adrenaline","floor":16.0},{"not_picked":["Distraction","Dagger Throw","Reflex"],"picked":"SKIP","floor":18.0},{"not_picked":["Outmaneuver","Poisoned Stab"],"picked":"Calculated Gamble","floor":19.0},{"not_picked":["Acrobatics","Expertise"],"picked":"Flying Knee+1","floor":20.0}],"player_experience":275110,"relics_obtained":[{"floor":6.0,"key":"Boot"},{"floor":9.0,"key":"PreservedInsect"},{"floor":22.0,"key":"Necronomicon"}],"event_choices":[{"damage_healed":0.0,"max_hp_gain":0.0,"max_hp_loss":0.0,"gold_gain":0.0,"event_name":"Accursed Blacksmith","player_choice":"Forge","floor":7.0,"gold_loss":0.0,"damage_taken":0.0,"cards_upgraded":["Acrobatics"]},{"damage_healed":0.0,"max_hp_gain":0.0,"max_hp_loss":0.0,"gold_gain":99.0,"event_name":"Nest","player_choice":"Stole From Cult","floor":21.0,"gold_loss":0.0,"damage_taken":0.0},{"damage_healed":0.0,"max_hp_gain":0.0,"max_hp_loss":0.0,"gold_gain":0.0,"event_name":"Cursed Tome","player_choice":"Obtained Book","floor":22.0,"gold_loss":0.0,"damage_taken":16.0}],"is_beta":false,"boss_relics":[{"not_picked":["Busted Crown","Tiny House"],"picked":"Empty Cage"}],"items_purged_floors":[8],"is_endless":false,"potions_floor_spawned":[2,3,4,13,14,19],"killed_by":"Snake Plant","ascension_level":1}}