{"host":"6r9t33axn0fzb9aq","time":1613056482,"event":{"mods":["Aspiration","BaseMod","Better Altar","Better Match","Better Note","Better Third Choice","Bossed Relics","CatGirl Mod","Clockwork Mod","Colored Map","Colored Powertips","Conspire","Curses Come First","Custom Start","Energized Spire","Halation","Hubris","Infinite Spire","Koishi","Marisa????????","Minty Spire (QoL Compilation)","Onozuka Komachi Mod","Poor People Problems","Reliquary","Remilia??????","Replay The Spire","Reworked Bosses","Shade Mod","Spicy Shops","Spire Arcade","StSLib","The Blue Laboratory","The Cursed","The Death Knight","The Hierophant","The Marked","The Necromancer","The Servant 0.9.4","TheHero","Trackpad","Waifu the Spire","Wandering Minibosses"],"gold_per_floor":[114,114,114,114,138,178,199,199,223,223,217,250,253,253,253,231,231],"floor_reached":16,"language":"ENG","playtime":1935,"items_purged":[],"score":137,"play_id":"6a3c6332-4cea-4928-86ff-6dd8b75f5a0c","local_time":"20210211151442","is_ascension_mode":false,"campfire_choices":[{"floor":15,"key":"REST"}],"circlet_count":0,"master_deck":["hierophant:Strike_Hierophant","hierophant:Strike_Hierophant","hierophant:Strike_Hierophant","hierophant:Strike_Hierophant","hierophant:Punish","hierophant:Defend_Hierophant","hierophant:Defend_Hierophant","hierophant:Defend_Hierophant","hierophant:Defend_Hierophant","hierophant:ChurchCoffers","hierophant:Doubloon","hierophant:Encroach","hierophant:Community","hierophant:OrnateBuckler","hierophant:Doubloon","hierophant:Refuge","hierophant:Doubloon","hierophant:Dazzle","hierophant:OrnateBuckler"],"relics":["hierophant:PropheticMaskRelic","NeowsBlessing","Tiny Chest","Mercury Hourglass"],"acts_visited":["Exordium"],"potions_floor_usage":[12,16],"damage_taken":[{"damage":0,"enemies":"Jaw Worm","floor":1,"turns":1},{"damage":0,"enemies":"conspire:RoseBush","floor":5,"turns":1},{"damage":0,"enemies":"Gremlin Nob","floor":6,"turns":1},{"damage":0,"enemies":"Small Slimes","floor":7,"turns":4},{"damage":21,"enemies":"Exordium Wildlife","floor":10,"turns":6},{"damage":35,"enemies":"3 Sentries","floor":11,"turns":11},{"damage":8,"enemies":"Red Slaver","floor":12,"turns":6},{"damage":0,"enemies":"Large Slime","floor":13,"turns":11},{"damage":33,"enemies":"Slime Boss","floor":16,"turns":10}],"seed_played":"-7148158097782451753","potions_obtained":[{"floor":7,"key":"Reflective Coating"},{"floor":11,"key":"SpeedPotion"}],"is_trial":false,"path_per_floor":["M","$","?","?","M","E","M","$","T","M","E","M","M","?","R","B"],"character_chosen":"HIEROPHANT","items_purchased":[],"campfire_rested":1,"item_purchase_floors":[],"current_hp_per_floor":[75,75,75,75,75,75,75,75,75,54,19,11,11,11,33,0,0],"gold":231,"neow_bonus":"THREE_ENEMY_KILL","is_daily":false,"chose_seed":false,"campfire_upgraded":0,"win_rate":0.0,"timestamp":1613056482,"path_taken":["M","$","?","?","M","E","M","?","T","M","E","M","M","?","R","BOSS"],"items_purchased_type":[],"build_version":"2020-12-22","purchased_purges":0,"victory":false,"max_hp_per_floor":[75,75,75,75,75,75,75,75,75,75,75,75,75,75,75,75,75],"card_choices":[{"not_picked":["hierophant:MorningPrayer","hierophant:Prophecy"],"picked":"hierophant:Doubloon","floor":1},{"not_picked":["hierophant:MorningPrayer","hierophant:SealAway"],"picked":"hierophant:Encroach","floor":5},{"not_picked":["hierophant:HolyVerse","hierophant:AuricBeam"],"picked":"hierophant:Community","floor":6},{"not_picked":["hierophant:Purify","hierophant:Encroach","hierophant:Bribe"],"picked":"SKIP","floor":7},{"not_picked":["hierophant:Exaltation","hierophant:PassingBell"],"picked":"hierophant:OrnateBuckler","floor":10},{"not_picked":["hierophant:LocustPlague","hierophant:FlamingChariot"],"picked":"hierophant:Refuge","floor":11},{"not_picked":["hierophant:Remorse","hierophant:RustyCrate"],"picked":"hierophant:Dazzle","floor":12},{"not_picked":["hierophant:OrnateJavelin","hierophant:HammerAndAnvil"],"picked":"hierophant:OrnateBuckler","floor":13}],"player_experience":441306,"relics_obtained":[{"floor":9,"key":"Tiny Chest"},{"floor":11,"key":"Mercury Hourglass"}],"event_choices":[{"damage_healed":0,"gold_gain":0,"player_choice":"Ignored","damage_taken":0,"max_hp_gain":0,"max_hp_loss":0,"event_name":"Golden Wing","floor":3,"gold_loss":0},{"damage_healed":0,"gold_gain":0,"player_choice":"Leave","damage_taken":0,"max_hp_gain":0,"max_hp_loss":0,"event_name":"conspire:Investor","floor":14,"gold_loss":0}],"is_beta":false,"boss_relics":[],"items_purged_floors":[],"is_endless":false,"potions_floor_spawned":[7,11],"killed_by":"Slime Boss","ascension_level":0}}