{"host":"mi0eibewekhugwl1","time":1613031749,"event":{"mods":["AchievementEnabler","BaseMod","Colored Map","Colored Powertips","DeckTracker","Keyboard Shortcuts","Minty Spire (QoL Compilation)","Quick Restart","Rare Cards Sparkle","Relic Stats","StSLib","SuperFastMode","everything is the same but u backflip on backflip"],"gold_per_floor":[113,133,149,37,47,47,47,47,47,60,79,94,106,125,125,125,125],"floor_reached":16,"language":"KOR","playtime":323,"items_purged":["Strike_R"],"score":196,"play_id":"493b14ca-d9bf-4d1b-9a5e-2fb613e0795f","local_time":"20210211172229","is_ascension_mode":true,"campfire_choices":[{"data":"Evolve","floor":6,"key":"SMITH"},{"data":"Cleave","floor":8,"key":"SMITH"},{"data":"Rampage","floor":15,"key":"SMITH"}],"circlet_count":0,"master_deck":["AscendersBane","Strike_R","Strike_R","Strike_R","Strike_R","Defend_R","Defend_R","Defend_R","Defend_R","Bash","Cleave+1","Battle Trance","Flame Barrier","Rampage+1","Evolve+1","Power Through+1","Corruption"],"relics":["Burning Blood","Regal Pillow","Toxic Egg 2"],"acts_visited":["Exordium"],"potions_floor_usage":[11,16],"damage_taken":[{"damage":1,"enemies":"Cultist","floor":1,"turns":3},{"damage":14,"enemies":"Jaw Worm","floor":2,"turns":4},{"damage":11,"enemies":"2 Louse","floor":3,"turns":2},{"damage":11,"enemies":"Blue Slaver","floor":5,"turns":5},{"damage":7,"enemies":"Exordium Wildlife","floor":10,"turns":4},{"damage":1,"enemies":"Looter","floor":11,"turns":3},{"damage":3,"enemies":"Blue Slaver","floor":12,"turns":6},{"damage":10,"enemies":"3 Louse","floor":13,"turns":3},{"damage":11,"enemies":"Large Slime","floor":14,"turns":7},{"damage":64,"enemies":"Slime Boss","floor":16,"turns":11}],"seed_played":"-6041263927291766510","potions_obtained":[{"floor":2,"key":"FearPotion"},{"floor":5,"key":"DistilledChaos"},{"floor":13,"key":"Energy Potion"}],"is_trial":false,"path_per_floor":["M","M","M","$","M","R","?","R","T","M","M","M","M","M","R","B"],"character_chosen":"IRONCLAD","items_purchased":["Rampage"],"campfire_rested":0,"item_purchase_floors":[4],"current_hp_per_floor":[73,65,60,60,55,55,60,60,60,59,64,67,63,58,58,0,0],"gold":125,"neow_bonus":"RANDOM_COMMON_RELIC","is_daily":false,"chose_seed":false,"campfire_upgraded":3,"win_rate":0.0,"timestamp":1613031749,"path_taken":["M","M","M","$","?","R","?","R","T","M","M","M","M","M","R","BOSS"],"items_purchased_type":["Card"],"build_version":"2020-12-22","purchased_purges":1,"victory":false,"max_hp_per_floor":[75,75,75,75,75,75,80,80,80,80,80,80,80,80,80,80,80],"relic_stats":{"Regal Pillow":0,"counters":[10,48],"obtain_stats":[{"Regal Pillow":0,"Toxic Egg 2":9,"Burning Blood":0},{"Regal Pillow":0,"Toxic Egg 2":4,"Burning Blood":0},{"Regal Pillow":0,"Toxic Egg 2":14,"Burning Blood":0}],"Burning Blood":54},"card_choices":[{"not_picked":["Armaments","Twin Strike"],"picked":"Cleave","floor":1},{"not_picked":["Sever Soul","Clash"],"picked":"Battle Trance","floor":2},{"not_picked":["Havoc","Wild Strike"],"picked":"Flame Barrier","floor":3},{"not_picked":["Clothesline","Pommel Strike"],"picked":"Evolve","floor":5},{"not_picked":["Armaments+1","Clash","Spot Weakness+1"],"picked":"SKIP","floor":10},{"not_picked":["Inflame","Second Wind+1"],"picked":"Power Through+1","floor":11},{"not_picked":["Rupture","Cleave","Perfected Strike"],"picked":"SKIP","floor":12},{"not_picked":["Clothesline","Cleave","Havoc+1"],"picked":"SKIP","floor":13},{"not_picked":["Iron Wave","Armaments+1"],"picked":"Corruption","floor":14}],"player_experience":1797557,"relics_obtained":[{"floor":9,"key":"Toxic Egg 2"}],"event_choices":[{"damage_healed":0,"gold_gain":0,"player_choice":"Donut","damage_taken":0,"max_hp_gain":5,"max_hp_loss":0,"event_name":"Big Fish","floor":7,"gold_loss":0}],"is_beta":false,"boss_relics":[],"items_purged_floors":[4],"is_endless":false,"potions_floor_spawned":[2,5,10,13,14],"killed_by":"Slime Boss","ascension_level":20}}