{"host":"6ppucmbu28e4pclv","time":1613008961,"event":{"mods":["BaseMod","Colored Map","DeckTracker","Minty Spire (QoL Compilation)","StSLib"],"gold_per_floor":[116,133,151,76,3,3,22,52,78,93,104,104,104,129,129,129,129],"floor_reached":16,"language":"ENG","playtime":616,"items_purged":[],"score":196,"play_id":"f0bf22eb-d378-4a52-8b68-1915610a6877","local_time":"20210210180241","is_ascension_mode":true,"campfire_choices":[{"data":"Double Tap","floor":6,"key":"SMITH"},{"data":"Perfected Strike","floor":12,"key":"SMITH"},{"data":"Evolve","floor":15,"key":"SMITH"}],"circlet_count":0,"master_deck":["AscendersBane","Strike_R","Strike_R","Strike_R","Strike_R","Strike_R","Defend_R","Defend_R","Defend_R","Defend_R","Double Tap+1","Headbutt","Heavy Blade","Perfected Strike+1","Battle Trance","Warcry","Whirlwind","Thunderclap","Evolve+1","Wild Strike"],"relics":["Burning Blood","Strawberry","Centennial Puzzle","PreservedInsect"],"acts_visited":["Exordium"],"potions_floor_usage":[10,14,16],"damage_taken":[{"damage":1,"enemies":"Cultist","floor":1,"turns":3},{"damage":0,"enemies":"Small Slimes","floor":2,"turns":3},{"damage":9,"enemies":"Jaw Worm","floor":3,"turns":3},{"damage":5,"enemies":"2 Fungi Beasts","floor":7,"turns":4},{"damage":30,"enemies":"3 Sentries","floor":8,"turns":6},{"damage":8,"enemies":"Blue Slaver","floor":10,"turns":2},{"damage":18,"enemies":"Large Slime","floor":11,"turns":4},{"damage":8,"enemies":"Gremlin Nob","floor":14,"turns":3},{"damage":52,"enemies":"The Guardian","floor":16,"turns":9}],"seed_played":"-5990601897288422662","potions_obtained":[{"floor":3,"key":"EssenceOfSteel"},{"floor":8,"key":"BloodPotion"},{"floor":10,"key":"Fire Potion"}],"is_trial":false,"path_per_floor":["M","M","M","?","$","R","M","E","T","M","M","R","?","E","R","B"],"character_chosen":"IRONCLAD","items_purchased":["Battle Trance"],"campfire_rested":0,"item_purchase_floors":[5],"current_hp_per_floor":[73,75,72,72,72,72,73,56,56,70,58,58,53,51,51,0,0],"gold":129,"neow_bonus":"ONE_RANDOM_RARE_CARD","is_daily":false,"chose_seed":false,"campfire_upgraded":3,"win_rate":0.0,"timestamp":1613008961,"path_taken":["M","M","M","?","$","R","M","E","T","M","M","R","?","E","R","BOSS"],"items_purchased_type":["Card"],"build_version":"2020-12-22","purchased_purges":0,"victory":false,"max_hp_per_floor":[75,75,75,75,75,75,75,82,82,82,82,82,82,82,82,82,82],"card_choices":[{"not_picked":["Twin Strike","Shrug It Off"],"picked":"Headbutt","floor":1},{"not_picked":["Wild Strike","Perfected Strike"],"picked":"Heavy Blade","floor":2},{"not_picked":["Sword Boomerang","Headbutt"],"picked":"Perfected Strike","floor":3},{"not_picked":["Wild Strike","Headbutt"],"picked":"Warcry","floor":7},{"not_picked":["Dual Wield","Iron Wave"],"picked":"Whirlwind","floor":8},{"not_picked":["Havoc","Dual Wield"],"picked":"Thunderclap","floor":10},{"not_picked":["Intimidate","Seeing Red"],"picked":"Evolve","floor":11},{"not_picked":["Second Wind","Flame Barrier"],"picked":"Wild Strike","floor":14}],"player_experience":876591,"relics_obtained":[{"floor":8,"key":"Strawberry"},{"floor":9,"key":"Centennial Puzzle"},{"floor":14,"key":"PreservedInsect"}],"event_choices":[{"cards_removed":["Bash"],"damage_healed":0,"gold_gain":0,"player_choice":"Card Removal","damage_taken":0,"max_hp_gain":0,"max_hp_loss":0,"event_name":"The Cleric","floor":4,"gold_loss":75},{"damage_healed":0,"gold_gain":0,"player_choice":"Bought 0 Potions","damage_taken":0,"max_hp_gain":0,"max_hp_loss":0,"event_name":"The Woman in Blue","floor":13,"gold_loss":0}],"is_beta":false,"boss_relics":[],"items_purged_floors":[],"is_endless":false,"potions_floor_spawned":[3,8,10],"killed_by":"The Guardian","ascension_level":15}}