{"host":"rolltorest","time":1613003794,"event":{"mods":["BaseMod","Minty Spire (QoL Compilation)","Relic Stats","Slay the Relics Exporter","StSLib"],"gold_per_floor":[114,114,264,287,0,44,67,106,129,5,5,39,114,138,138,236,236,259,259,294,31,31,31,75,84,84,111,111,161,185,185,185],"floor_reached":31,"language":"ENG","playtime":695,"items_purged":["Doubt","Strike_G","Shame"],"score":628,"play_id":"775d073b-6225-427c-9469-2c4f8062e5aa","local_time":"20210210163634","is_ascension_mode":true,"campfire_choices":[{"floor":11,"key":"REST"},{"floor":15,"key":"REST"},{"data":"Sadistic Nature","floor":23,"key":"SMITH"},{"floor":28,"key":"REST"}],"circlet_count":0,"master_deck":["AscendersBane","Strike_G","Strike_G","Defend_G","Defend_G","Defend_G","Defend_G","Defend_G","Survivor","Neutralize","Sadistic Nature+1","Deadly Poison","Eviscerate","The Bomb","Crippling Poison","Terror","Corpse Explosion","Well Laid Plans","Poisoned Stab","Adrenaline","Noxious Fumes","Setup","Grand Finale","Calculated Gamble","Sadistic Nature+1","PiercingWail","Deadly Poison","Dash+1"],"relics":["Ring of the Snake","Golden Idol","Bronze Scales","Bag of Marbles","Smiling Mask","Orichalcum","Velvet Choker","Ancient Tea Set","Red Mask","Art of War","CeramicFish","Gremlin Horn","Ginger"],"acts_visited":["Exordium","TheCity"],"potions_floor_usage":[20,24],"damage_taken":[{"damage":5,"enemies":"2 Louse","floor":1,"turns":4},{"damage":0,"enemies":"Small Slimes","floor":4,"turns":4},{"damage":17,"enemies":"3 Sentries","floor":6,"turns":4},{"damage":0,"enemies":"Cultist","floor":7,"turns":3},{"damage":20,"enemies":"Lagavulin","floor":8,"turns":5},{"damage":2,"enemies":"3 Sentries","floor":12,"turns":2},{"damage":24,"enemies":"Exordium Thugs","floor":14,"turns":3},{"damage":30,"enemies":"Slime Boss","floor":16,"turns":6},{"damage":4,"enemies":"3 Byrds","floor":18,"turns":2},{"damage":0,"enemies":"Masked Bandits","floor":20,"turns":2},{"damage":18,"enemies":"Slavers","floor":24,"turns":2},{"damage":0,"enemies":"2 Thieves","floor":27,"turns":1},{"damage":9,"enemies":"Gremlin Leader","floor":29,"turns":4},{"damage":9,"enemies":"Cultist and Chosen","floor":30,"turns":3},{"damage":25,"enemies":"Sentry and Sphere","floor":31,"turns":3}],"seed_played":"-7545762968062991247","potions_obtained":[{"floor":1,"key":"ColorlessPotion"},{"floor":4,"key":"Poison Potion"},{"floor":12,"key":"FairyPotion"},{"floor":20,"key":"DistilledChaos"},{"floor":24,"key":"Energy Potion"},{"floor":29,"key":"Strength Potion"}],"is_trial":false,"path_per_floor":["M","?","?","M","$","E","M","E","T","$","R","E","?","M","R","B",null,"M","?","?","$","?","R","E","?","T","M","R","E","M","M"],"character_chosen":"THE_SILENT","items_purchased":["The Bomb","Well Laid Plans","Noxious Fumes","Art of War"],"campfire_rested":3,"item_purchase_floors":[5,10,21,21],"current_hp_per_floor":[54,54,54,54,54,37,37,17,17,17,33,31,20,16,32,2,41,37,37,37,37,37,37,19,19,19,19,35,26,17,0,0],"gold":185,"neow_bonus":"RANDOM_COLORLESS_2","is_daily":false,"chose_seed":false,"campfire_upgraded":1,"win_rate":0.0,"timestamp":1613003794,"path_taken":["M","?","?","M","$","E","M","E","T","$","R","E","?","M","R","BOSS","M","?","?","$","?","R","E","?","T","?","R","E","M","M"],"items_purchased_type":["Card","Card","Card","Relic"],"build_version":"2020-12-18","purchased_purges":3,"victory":false,"max_hp_per_floor":[60,54,54,54,54,54,54,54,54,54,54,54,54,54,54,54,54,54,54,54,54,54,54,54,54,54,54,54,54,54,54,54],"relic_stats":{"Gremlin Horn":[5,5],"counters":[15,48],"Golden Idol":93,"Bronze Scales":[96],"CeramicFish":45,"Art of War":[1],"Ginger":[0],"Orichalcum":[120],"Smiling Mask":125,"obtain_stats":[{"Gremlin Horn":26,"Golden Idol":2,"CeramicFish":24,"Velvet Choker":17,"Ginger":29,"Orichalcum":12,"Smiling Mask":9,"Ancient Tea Set":19,"Bronze Scales":6,"Bag of Marbles":8,"Red Mask":20,"Art of War":21,"Ring of the Snake":0},{"Gremlin Horn":11,"Golden Idol":1,"CeramicFish":11,"Velvet Choker":8,"Ginger":13,"Orichalcum":6,"Smiling Mask":5,"Ancient Tea Set":9,"Bronze Scales":3,"Bag of Marbles":5,"Red Mask":10,"Art of War":10,"Ring of the Snake":0},{"Gremlin Horn":37,"Golden Idol":4,"CeramicFish":37,"Velvet Choker":31,"Ginger":42,"Orichalcum":22,"Smiling Mask":20,"Ancient Tea Set":33,"Bronze Scales":12,"Bag of Marbles":20,"Red Mask":35,"Art of War":35,"Ring of the Snake":0}],"Ring of the Snake":[30]},"card_choices":[{"not_picked":["The Bomb","Violence"],"picked":"Sadistic Nature","floor":0},{"not_picked":["Heel Hook","Sucker Punch"],"picked":"Deadly Poison","floor":1},{"not_picked":["Acrobatics","Infinite Blades"],"picked":"Eviscerate","floor":4},{"not_picked":["Flechettes","Quick Slash"],"picked":"Crippling Poison","floor":6},{"not_picked":["Quick Slash","Deflect"],"picked":"Terror","floor":7},{"not_picked":["Flying Knee","Sucker Punch"],"picked":"Corpse Explosion","floor":8},{"not_picked":["Tools of the Trade","Backflip","Flechettes"],"picked":"SKIP","floor":12},{"not_picked":["Underhanded Strike","Dash"],"picked":"Poisoned Stab","floor":14},{"not_picked":["Doppelganger","Venomology"],"picked":"Adrenaline","floor":16},{"not_picked":["Outmaneuver","Sucker Punch","Quick Slash"],"picked":"SKIP","floor":18},{"not_picked":["Underhanded Strike","Infinite Blades"],"picked":"Calculated Gamble","floor":24},{"not_picked":["Cloak And Dagger+1","Dodge and Roll"],"picked":"PiercingWail","floor":27},{"not_picked":["Doppelganger","Setup"],"picked":"Deadly Poison","floor":29},{"not_picked":["Tactician","Blur"],"picked":"Dash+1","floor":30}],"player_experience":1939394,"relics_obtained":[{"floor":6,"key":"Bronze Scales"},{"floor":8,"key":"Bag of Marbles"},{"floor":9,"key":"Smiling Mask"},{"floor":12,"key":"Orichalcum"},{"floor":20,"key":"Red Mask"},{"floor":24,"key":"CeramicFish"},{"floor":26,"key":"Gremlin Horn"},{"floor":29,"key":"Ginger"}],"event_choices":[{"damage_healed":0,"gold_gain":0,"player_choice":"Lose Max HP","damage_taken":0,"relics_obtained":["Golden Idol"],"max_hp_gain":0,"max_hp_loss":6,"event_name":"Golden Idol","floor":2,"gold_loss":0},{"damage_healed":0,"gold_gain":150,"player_choice":"AGREE","damage_taken":0,"max_hp_gain":0,"max_hp_loss":0,"event_name":"Liars Game","floor":3,"gold_loss":0,"cards_obtained":["Doubt"]},{"damage_healed":0,"gold_gain":75,"player_choice":"Gather Gold","damage_taken":11,"max_hp_gain":0,"max_hp_loss":0,"event_name":"World of Goop","floor":13,"gold_loss":0},{"damage_healed":0,"gold_gain":0,"player_choice":"Stole Relic","damage_taken":0,"relics_obtained":["Ancient Tea Set"],"max_hp_gain":0,"max_hp_loss":0,"event_name":"Addict","floor":19,"gold_loss":0,"cards_obtained":["Shame"]},{"damage_healed":0,"gold_gain":0,"player_choice":"Fought Bandits","damage_taken":0,"max_hp_gain":0,"max_hp_loss":0,"event_name":"Masked Bandits","floor":20,"gold_loss":0},{"damage_healed":0,"gold_gain":0,"cards_transformed":["Strike_G","Strike_G"],"player_choice":"Became Test Subject","damage_taken":0,"max_hp_gain":0,"max_hp_loss":0,"event_name":"Drug Dealer","floor":22,"gold_loss":0,"cards_obtained":["Setup","Grand Finale"]},{"damage_healed":0,"gold_gain":0,"player_choice":"Copied","damage_taken":0,"max_hp_gain":0,"max_hp_loss":0,"event_name":"Duplicator","floor":25,"gold_loss":0,"cards_obtained":["Sadistic Nature"]}],"is_beta":true,"boss_relics":[{"not_picked":["Astrolabe","SacredBark"],"picked":"Velvet Choker"}],"items_purged_floors":[5,10,21],"is_endless":false,"potions_floor_spawned":[1,4,12,20,24,29],"killed_by":"Sentry and Sphere","ascension_level":20}}