{"host":"qp7xs8nuzfsyommi","time":1613048399,"event":{"mods":["2.2 Compatiblity","BaseMod","Colored Powertips","DeckTracker","Highlight Path","Minty Spire (QoL Compilation)","Permanent Neow","StSLib"],"gold_per_floor":[114,129,129,148,163,163,190,190,190,190,200,218,218,233,233,312,312,332,348,367,367,383,412,29,29,29,29,44,44,74,84,84,84,84],"floor_reached":33,"language":"ENG","playtime":1888,"items_purged":[],"score":632,"play_id":"aa21b98d-8a03-4e55-b69a-bc1ccaaca558","local_time":"20210211075959","is_ascension_mode":true,"campfire_choices":[{"floor":6.0,"key":"REST"},{"data":"Hologram","floor":8.0,"key":"SMITH"},{"data":"Zap","floor":10.0,"key":"SMITH"},{"floor":15.0,"key":"RECALL"},{"floor":27.0,"key":"REST"},{"floor":29.0,"key":"REST"},{"floor":32,"key":"REST"}],"circlet_count":0,"master_deck":["AscendersBane","Zap+1","Dualcast","Core Surge","Thunder Strike","Chaos","Double Energy","Hologram+1","Ball Lightning","Glacier","Ball Lightning","Compile Driver","Glacier","Beam Cell","Melter","Echo Form","CurseOfTheBell","Compile Driver","Ball Lightning","Leap+1","Steam+1","Fission","Loop","Loop","Heatsinks","Machine Learning","Decay","Turbo","Stack","Redo"],"relics":["Pandora\u0027s Box","PreservedInsect","Calling Bell","DataDisk","The Courier","FossilizedHelix","CaptainsWheel","Symbiotic Virus","Anchor"],"acts_visited":["Exordium","TheCity"],"potions_floor_usage":[],"damage_taken":[{"damage":0.0,"enemies":"2 Louse","floor":1.0,"turns":2.0},{"damage":0.0,"enemies":"Cultist","floor":2.0,"turns":3.0},{"damage":12.0,"enemies":"Jaw Worm","floor":4.0,"turns":2.0},{"damage":5.0,"enemies":"Red Slaver","floor":5.0,"turns":3.0},{"damage":21.0,"enemies":"Gremlin Nob","floor":7.0,"turns":5.0},{"damage":4.0,"enemies":"Lots of Slimes","floor":11.0,"turns":3.0},{"damage":0.0,"enemies":"2 Fungi Beasts","floor":12.0,"turns":2.0},{"damage":0.0,"enemies":"3 Louse","floor":14.0,"turns":4.0},{"damage":7.0,"enemies":"Slime Boss","floor":16.0,"turns":5.0},{"damage":15.0,"enemies":"3 Byrds","floor":18.0,"turns":5.0},{"damage":0.0,"enemies":"Spheric Guardian","floor":19.0,"turns":3.0},{"damage":11.0,"enemies":"Centurion and Healer","floor":20.0,"turns":6.0},{"damage":10.0,"enemies":"Snake Plant","floor":22.0,"turns":5.0},{"damage":15.0,"enemies":"Book of Stabbing","floor":23.0,"turns":7.0},{"damage":23.0,"enemies":"3 Cultists","floor":28.0,"turns":5.0},{"damage":0.0,"enemies":"Gremlin Leader","floor":30.0,"turns":7.0},{"damage":0,"enemies":"Cultist and Chosen","floor":31,"turns":7},{"damage":77,"enemies":"Collector","floor":33,"turns":11}],"seed_played":"6057164690969734998","potions_obtained":[{"floor":1.0,"key":"PowerPotion"},{"floor":7.0,"key":"LiquidMemories"},{"floor":16.0,"key":"SpeedPotion"},{"floor":20.0,"key":"Block Potion"},{"floor":23.0,"key":"Explosive Potion"},{"floor":28.0,"key":"Dexterity Potion"}],"is_trial":false,"path_per_floor":["M","M","?","M","M","R","E","R","T","R","M","M","$","M","R","B",null,"M","M","M","?","M","E","$","?","T","R","M","R","E","M","R","B"],"character_chosen":"DEFECT","items_purchased":["FairyPotion","Loop","Loop","Heatsinks","Machine Learning"],"campfire_rested":4,"item_purchase_floors":[24,24,24,24,24],"current_hp_per_floor":[64,64,64,52,47,68,47,47,47,47,43,43,43,43,43,36,62,47,47,36,36,26,11,11,11,11,32,9,30,30,30,51,0,0],"gold":84,"neow_bonus":"BOSS_RELIC","is_daily":false,"chose_seed":false,"campfire_upgraded":2,"win_rate":0.0,"timestamp":1613048399,"path_taken":["M","M","?","M","M","R","E","R","T","R","?","M","$","?","R","BOSS","M","M","M","?","M","E","$","?","T","R","M","R","E","?","R","BOSS"],"items_purchased_type":["Potion","Card","Card","Card","Card"],"build_version":"2020-12-22","purchased_purges":0,"victory":false,"max_hp_per_floor":[71,71,71,71,71,71,71,71,71,71,71,71,71,71,71,71,71,71,71,71,71,71,71,71,71,71,71,71,71,71,71,71,71,71],"card_choices":[{"not_picked":["Reprogram","Double Energy","Barrage"],"picked":"SKIP","floor":1.0},{"not_picked":["BootSequence","Steam"],"picked":"Ball Lightning","floor":2.0},{"not_picked":["Fusion","Streamline"],"picked":"Compile Driver","floor":4.0},{"not_picked":["Coolheaded","Sweeping Beam"],"picked":"Glacier","floor":5.0},{"not_picked":["Reprogram","Hello World"],"picked":"Beam Cell","floor":7.0},{"not_picked":["Static Discharge","Ball Lightning"],"picked":"Melter","floor":11.0},{"not_picked":["Hello World","Double Energy","Darkness"],"picked":"SKIP","floor":12.0},{"not_picked":["Leap","Streamline","Steam"],"picked":"SKIP","floor":14.0},{"not_picked":["Core Surge","Reboot"],"picked":"Echo Form","floor":16.0},{"not_picked":["Conserve Battery","Coolheaded"],"picked":"Compile Driver","floor":18.0},{"not_picked":["Rebound","Gash+1"],"picked":"Ball Lightning","floor":19.0},{"not_picked":["Steam","Sweeping Beam"],"picked":"Leap+1","floor":20.0},{"not_picked":["Lockon","Ball Lightning"],"picked":"Steam+1","floor":22.0},{"not_picked":["Stack","Skim"],"picked":"Fission","floor":23.0},{"not_picked":["Beam Cell","Barrage"],"picked":"Turbo","floor":28.0},{"not_picked":["Rip and Tear","Leap"],"picked":"Stack","floor":30.0},{"not_picked":["Auto Shields","Turbo"],"picked":"Redo","floor":31}],"player_experience":1854912,"relics_obtained":[{"floor":7.0,"key":"PreservedInsect"},{"floor":17.0,"key":"DataDisk"},{"floor":17.0,"key":"The Courier"},{"floor":17.0,"key":"FossilizedHelix"},{"floor":23.0,"key":"CaptainsWheel"},{"floor":26.0,"key":"Symbiotic Virus"},{"floor":30.0,"key":"Anchor"}],"event_choices":[{"cards_removed":["Amplify"],"damage_healed":0.0,"max_hp_gain":0.0,"max_hp_loss":0.0,"gold_gain":0.0,"event_name":"Wheel of Change","player_choice":"Card Removal","floor":3.0,"gold_loss":0.0,"damage_taken":0.0},{"damage_healed":0.0,"max_hp_gain":0.0,"max_hp_loss":0.0,"gold_gain":0.0,"event_name":"Vampires","player_choice":"Ignored","floor":21.0,"gold_loss":0.0,"damage_taken":0.0},{"damage_healed":0.0,"max_hp_gain":0.0,"max_hp_loss":0.0,"gold_gain":0.0,"event_name":"Wheel of Change","player_choice":"Cursed","floor":25.0,"gold_loss":0.0,"damage_taken":0.0,"cards_obtained":["Decay"]}],"is_beta":false,"boss_relics":[{"not_picked":["Black Star","Velvet Choker"],"picked":"Calling Bell"}],"items_purged_floors":[],"is_endless":false,"potions_floor_spawned":[1,7,11,16,20,23,28],"killed_by":"Collector","ascension_level":20}}