{"host":"Qube","time":1613016179,"event":{"mods":["AchievementEnabler","BaseMod","Colored Map","Colored Powertips","Highlight Path","Minty Spire (QoL Compilation)","Permanent Neow","Quick Restart","Random Character Button","StSLib"],"gold_per_floor":[114,129,204,219,234,234,249,264,264,279,279,309,324,354,354,454,454,469,27,27,42,57,87,87,102,152,167,167,197,297,222,222,322,322,337,352,352,352,352,382,397,147,147,177,192,207,82,97,97,97],"floor_reached":51,"language":"ENG","playtime":2932,"items_purged":["Defend_P","Strike_P","Strike_P"],"score":1063,"play_id":"4bf70b1c-5f60-4377-ac28-0cb8a6011705","local_time":"20210210200259","daily_mods":["Allstar","Vintage","Binary"],"is_ascension_mode":false,"campfire_choices":[{"data":"Swift Strike","floor":6.0,"key":"SMITH"},{"data":"SandsOfTime","floor":15.0,"key":"SMITH"},{"data":"Master of Strategy","floor":24.0,"key":"SMITH"},{"data":"Wallop","floor":28.0,"key":"SMITH"},{"data":"Tantrum","floor":32.0,"key":"SMITH"},{"data":"Enlightenment","floor":49,"key":"SMITH"}],"circlet_count":0,"master_deck":["Strike_P+1","Defend_P","Eruption","Vigilance+1","Swift Strike+1","Dark Shackles","Sadistic Nature","Master of Strategy+1","Panacea","SandsOfTime+1","ReachHeaven+1","DevaForm+1","EmptyMind","Wallop+1","Evaluate","Wireheading+1","FlyingSleeves","Tantrum+1","TalkToTheHand+1","Ragnarok+1","Enlightenment+1","ThirdEye+1","Parasite"],"relics":["PureWater","Frozen Egg 2","Anchor","Art of War","Toy Ornithopter","Boot","Akabeko","Matryoshka","Kunai","Oddly Smooth Stone","Prayer Wheel","Meat on the Bone","SlaversCollar","MawBank","Lantern","TeardropLocket","Question Card","PreservedInsect","Regal Pillow","Bronze Scales","Happy Flower","Torii","InkBottle","CloakClasp","Ornamental Fan","Busted Crown","Pear","Damaru","Nunchaku","Whetstone","Strange Spoon","Blood Vial","Yang","Dream Catcher","Girya","Potion Belt","Bottled Flame"],"acts_visited":["Exordium","TheCity","TheBeyond"],"potions_floor_usage":[50,50,50,50],"damage_taken":[{"damage":0.0,"enemies":"2 Louse","floor":1.0,"turns":3.0},{"damage":0.0,"enemies":"Jaw Worm","floor":2.0,"turns":3.0},{"damage":0.0,"enemies":"Cultist","floor":4.0,"turns":2.0},{"damage":0.0,"enemies":"Exordium Wildlife","floor":5.0,"turns":3.0},{"damage":0.0,"enemies":"Looter","floor":7.0,"turns":2.0},{"damage":0.0,"enemies":"Large Slime","floor":8.0,"turns":5.0},{"damage":0.0,"enemies":"Exordium Thugs","floor":10.0,"turns":3.0},{"damage":2.0,"enemies":"3 Sentries","floor":12.0,"turns":6.0},{"damage":0.0,"enemies":"Red Slaver","floor":13.0,"turns":2.0},{"damage":3.0,"enemies":"Lagavulin","floor":14.0,"turns":5.0},{"damage":14.0,"enemies":"Hexaghost","floor":16.0,"turns":7.0},{"damage":9.0,"enemies":"2 Thieves","floor":18.0,"turns":4.0},{"damage":4.0,"enemies":"Spheric Guardian","floor":21.0,"turns":3.0},{"damage":0.0,"enemies":"Centurion and Healer","floor":22.0,"turns":5.0},{"damage":0.0,"enemies":"Gremlin Leader","floor":23.0,"turns":4.0},{"damage":0.0,"enemies":"Cultist and Chosen","floor":25.0,"turns":6.0},{"damage":0.0,"enemies":"Shelled Parasite and Fungi","floor":27.0,"turns":5.0},{"damage":9.0,"enemies":"Book of Stabbing","floor":29.0,"turns":4.0},{"damage":0.0,"enemies":"Colosseum Slavers","floor":30.0,"turns":2.0},{"damage":0.0,"enemies":"Colosseum Nobs","floor":30.0,"turns":2.0},{"damage":0.0,"enemies":"Collector","floor":33.0,"turns":5.0},{"damage":0.0,"enemies":"3 Shapes","floor":35.0,"turns":1.0},{"damage":6.0,"enemies":"3 Darklings","floor":36.0,"turns":5.0},{"damage":0.0,"enemies":"Reptomancer","floor":40.0,"turns":2.0},{"damage":0.0,"enemies":"Sphere and 2 Shapes","floor":41.0,"turns":3.0},{"damage":0.0,"enemies":"Nemesis","floor":44.0,"turns":3.0},{"damage":0.0,"enemies":"Spire Growth","floor":45.0,"turns":2.0},{"damage":0.0,"enemies":"3 Darklings","floor":46.0,"turns":3.0},{"damage":0,"enemies":"Writhing Mass","floor":48,"turns":3},{"damage":13,"enemies":"Awakened One","floor":50,"turns":7}],"seed_played":"-587577638262706789","potions_obtained":[{"floor":1.0,"key":"Fruit Juice"},{"floor":2.0,"key":"Weak Potion"},{"floor":4.0,"key":"Block Potion"},{"floor":10.0,"key":"Weak Potion"},{"floor":16.0,"key":"SteroidPotion"},{"floor":21.0,"key":"Fruit Juice"},{"floor":22.0,"key":"EssenceOfSteel"},{"floor":27.0,"key":"PowerPotion"},{"floor":29.0,"key":"GamblersBrew"},{"floor":36.0,"key":"Ambrosia"},{"floor":40.0,"key":"LiquidBronze"},{"floor":41.0,"key":"DuplicationPotion"},{"floor":48,"key":"AttackPotion"}],"is_trial":false,"path_per_floor":["M","M","?","M","M","R","M","M","T","M","?","E","M","E","R","B",null,"M","$","?","M","M","E","R","M","T","M","R","E","?","?","R","B",null,"M","M","?","?","?","E","M","$","T","E","M","M","$","M","R","B",null],"character_chosen":"WATCHER","items_purchased":["EmptyMind","Wallop","Evaluate","Lantern","Wireheading+1","Strange Spoon"],"campfire_rested":0,"item_purchase_floors":[19,19,19,19,19,42],"current_hp_per_floor":[72,72,61,61,61,61,61,61,61,61,47,45,45,42,42,45,72,63,63,63,69,74,74,74,74,74,77,77,68,77,77,77,77,77,87,81,81,81,81,81,91,91,91,92,92,92,92,92,92,80],"gold":97,"neow_bonus":"","is_daily":true,"chose_seed":false,"campfire_upgraded":6,"win_rate":0.0,"timestamp":1613016179,"path_taken":["M","M","?","M","M","R","M","M","T","M","?","E","M","E","R","BOSS","M","$","?","M","M","E","R","?","T","M","R","E","?","?","R","BOSS","M","M","?","?","?","E","M","$","T","E","?","M","?","M","R","BOSS"],"items_purchased_type":["Card","Card","Card","Relic","Card","Relic"],"build_version":"2020-12-18","purchased_purges":3,"victory":true,"max_hp_per_floor":[72,72,72,72,72,72,72,72,72,72,72,72,72,72,72,72,72,72,72,72,77,77,77,77,77,77,77,77,77,77,77,77,77,77,87,87,87,87,87,87,92,92,92,92,92,92,92,92,92,92],"card_choices":[{"not_picked":["Consecrate"],"picked":"SandsOfTime","floor":12.0},{"not_picked":["Prostrate"],"picked":"ReachHeaven","floor":14.0},{"not_picked":["SpiritShield"],"picked":"DevaForm+1","floor":16.0},{"not_picked":["JustLucky","SashWhip"],"picked":"FlyingSleeves","floor":23.0},{"not_picked":["Evaluate","TalkToTheHand+1"],"picked":"Tantrum","floor":29.0},{"not_picked":["Consecrate","Evaluate+1"],"picked":"TalkToTheHand+1","floor":30.0},{"not_picked":["Alpha","Vault"],"picked":"Ragnarok","floor":33.0},{"not_picked":[],"picked":"Enlightenment","floor":39.0},{"not_picked":["ReachHeaven+1"],"picked":"SKIP","floor":40.0},{"not_picked":[],"picked":"ThirdEye+1","floor":44.0}],"player_experience":1145304,"relics_obtained":[{"floor":1.0,"key":"Frozen Egg 2"},{"floor":2.0,"key":"Anchor"},{"floor":4.0,"key":"Art of War"},{"floor":5.0,"key":"Toy Ornithopter"},{"floor":7.0,"key":"Boot"},{"floor":8.0,"key":"Akabeko"},{"floor":9.0,"key":"Matryoshka"},{"floor":10.0,"key":"Kunai"},{"floor":12.0,"key":"Oddly Smooth Stone"},{"floor":13.0,"key":"Prayer Wheel"},{"floor":14.0,"key":"Meat on the Bone"},{"floor":18.0,"key":"MawBank"},{"floor":21.0,"key":"TeardropLocket"},{"floor":22.0,"key":"Question Card"},{"floor":23.0,"key":"PreservedInsect"},{"floor":25.0,"key":"Regal Pillow"},{"floor":26.0,"key":"Bronze Scales"},{"floor":26.0,"key":"Happy Flower"},{"floor":27.0,"key":"Torii"},{"floor":29.0,"key":"InkBottle"},{"floor":30.0,"key":"CloakClasp"},{"floor":30.0,"key":"Ornamental Fan"},{"floor":35.0,"key":"Pear"},{"floor":36.0,"key":"Damaru"},{"floor":40.0,"key":"Nunchaku"},{"floor":41.0,"key":"Whetstone"},{"floor":43.0,"key":"Blood Vial"},{"floor":43.0,"key":"Yang"},{"floor":44.0,"key":"Dream Catcher"},{"floor":45.0,"key":"Girya"},{"floor":46.0,"key":"Potion Belt"},{"floor":48,"key":"Bottled Flame"}],"event_choices":[{"damage_healed":0.0,"max_hp_gain":0.0,"max_hp_loss":0.0,"gold_gain":75.0,"event_name":"World of Goop","player_choice":"Gather Gold","floor":3.0,"gold_loss":0.0,"damage_taken":11.0},{"damage_healed":0.0,"max_hp_gain":0.0,"max_hp_loss":0.0,"gold_gain":0.0,"event_name":"Shining Light","player_choice":"Entered Light","floor":11.0,"gold_loss":0.0,"damage_taken":14.0,"cards_upgraded":["Vigilance","Strike_P"]},{"cards_removed":["Strike_P"],"damage_healed":0.0,"max_hp_gain":0.0,"max_hp_loss":0.0,"gold_gain":0.0,"event_name":"Bonfire Elementals","player_choice":"Offered Basic","floor":20.0,"gold_loss":0.0,"damage_taken":0.0},{"damage_healed":0.0,"max_hp_gain":0.0,"max_hp_loss":0.0,"gold_gain":0.0,"event_name":"Colosseum","player_choice":"Fight","floor":30.0,"gold_loss":0.0,"damage_taken":0.0},{"damage_healed":0.0,"max_hp_gain":0.0,"max_hp_loss":0.0,"gold_gain":0.0,"event_name":"Colosseum","player_choice":"Fought Nobs","floor":30.0,"gold_loss":0.0,"damage_taken":0.0},{"cards_removed":["Defend_P"],"damage_healed":0.0,"max_hp_gain":0.0,"max_hp_loss":0.0,"gold_gain":0.0,"event_name":"Beggar","player_choice":"Gave Gold","floor":31.0,"gold_loss":75.0,"damage_taken":0.0},{"cards_removed":["Defend_P"],"damage_healed":0.0,"max_hp_gain":0.0,"max_hp_loss":0.0,"gold_gain":0.0,"event_name":"Falling","player_choice":"Removed Skill","floor":37.0,"gold_loss":0.0,"damage_taken":0.0},{"damage_healed":0.0,"max_hp_gain":0.0,"max_hp_loss":0.0,"gold_gain":0.0,"event_name":"Tomb of Lord Red Mask","player_choice":"Ignored","floor":38.0,"gold_loss":0.0,"damage_taken":0.0},{"damage_healed":0.0,"max_hp_gain":0.0,"max_hp_loss":0.0,"gold_gain":0.0,"event_name":"SensoryStone","player_choice":"Memory 1","floor":39.0,"gold_loss":0.0,"damage_taken":0.0}],"is_beta":true,"boss_relics":[{"not_picked":["Cursed Key","SacredBark"],"picked":"SlaversCollar"},{"not_picked":["Coffee Dripper","Runic Dome"],"picked":"Busted Crown"}],"items_purged_floors":[19,42,47],"is_endless":false,"potions_floor_spawned":[1,2,4,10,16,21,22,27,29,36,40,41,48],"ascension_level":0}}