{"host":"3fuwgqa6zowkodik","time":1613048471,"event":{"mods":["AchievementEnabler","BaseMod","Colored Map","Colored Powertips","Minty Spire (QoL Compilation)","Random Character Button","Rare Cards Sparkle","Replay The Spire","StSLib"],"gold_per_floor":[118,172,188,200,236,236,263,263,345,373,387,86,86,105,105,228,228,228,79,79,79,79,79,79,79,79,79,79],"floor_reached":27,"language":"ENG","playtime":1133,"items_purged":["Regret"],"score":300,"play_id":"c1b68295-5165-4de3-939c-26d34678fd96","local_time":"20210211140111","is_ascension_mode":true,"campfire_choices":[{"data":"Seeing Red","floor":6.0,"key":"SMITH"},{"data":"ReplayTheSpireMod:Limb From Limb","floor":15.0,"key":"SMITH"}],"circlet_count":0,"master_deck":["Strike_R","Strike_R","Strike_R","Strike_R","Strike_R","Defend_R","Defend_R","Defend_R","Defend_R","Bash","Seeing Red+1","Pummel","Shrug It Off","Reaper+1","Clothesline","Iron Wave","ReplayTheSpireMod:Limb From Limb+1","Bludgeon+1","Metallicize","Pummel","Barricade","Iron Wave","Inflame","Sword Boomerang+1"],"relics":["Burning Blood","NeowsBlessing","Mirror","ReplayTheSpireMod:Spearhead","MealTicket","Iron Hammer","Incense Burner","Guide Book","Bloody Idol","Ectoplasm","Bronze Scales","ReplayFunnel","Ancient Tea Set","Anchor"],"acts_visited":["Exordium","TheCity"],"potions_floor_usage":[23,25],"damage_taken":[{"damage":0.0,"enemies":"Cultist","floor":1.0,"turns":1.0},{"damage":0.0,"enemies":"Small Slimes","floor":3.0,"turns":1.0},{"damage":0.0,"enemies":"2 Louse","floor":4.0,"turns":1.0},{"damage":14.0,"enemies":"Gremlin Nob","floor":7.0,"turns":5.0},{"damage":15.0,"enemies":"Lagavulin","floor":10.0,"turns":6.0},{"damage":11.0,"enemies":"2 Fungi Beasts","floor":11.0,"turns":4.0},{"damage":0.0,"enemies":"Large Slime","floor":14.0,"turns":4.0},{"damage":9.0,"enemies":"Slime Boss","floor":16.0,"turns":8.0},{"damage":0.0,"enemies":"Chosen","floor":18.0,"turns":4.0},{"damage":7,"enemies":"Shell Parasite","floor":20,"turns":4},{"damage":12,"enemies":"Shelled Parasite and Fungi","floor":22,"turns":4},{"damage":3,"enemies":"Gremlin Leader","floor":23,"turns":7},{"damage":9,"enemies":"Book of Stabbing","floor":25,"turns":4},{"damage":90,"enemies":"Gremlin Leader","floor":27,"turns":6}],"seed_played":"-5435686622788320659","potions_obtained":[{"floor":1.0,"key":"Reflective Coating"},{"floor":7.0,"key":"Block Potion"},{"floor":10.0,"key":"CultistPotion"},{"floor":11.0,"key":"Swift Potion"},{"floor":14.0,"key":"Adrenaline Potion"},{"floor":20,"key":"ElixirPotion"},{"floor":23,"key":"SneckoOil"}],"is_trial":false,"path_per_floor":["M","T","M","M","?","R","E","?","T","E","M","$","?","M","R","B",null,"M","$","M","?","M","E","?","E","T","E"],"character_chosen":"IRONCLAD","items_purchased":["Guide Book","Metallicize","Bronze Scales"],"campfire_rested":0,"item_purchase_floors":[12,12,19],"current_hp_per_floor":[80,80,80,80,80,80,76,76,76,67,66,80,60,76,76,77,80,80,80,79,79,73,80,80,77,77,0,0],"gold":79,"neow_bonus":"THREE_ENEMY_KILL","is_daily":false,"chose_seed":false,"campfire_upgraded":2,"win_rate":0.0,"timestamp":1613048471,"path_taken":["M","?","M","M","?","R","E","?","T","E","M","$","?","M","R","BOSS","M","$","M","?","M","E","?","E","T","E"],"items_purchased_type":["Relic","Card","Relic"],"build_version":"2020-12-22","purchased_purges":1,"victory":false,"max_hp_per_floor":[80,80,80,80,80,80,80,80,80,80,80,80,80,80,80,80,80,80,80,80,80,80,80,80,80,80,80,80],"card_choices":[{"not_picked":["ReplayTheSpireMod:Limb From Limb","Sever Soul"],"picked":"Seeing Red","floor":1.0},{"not_picked":["Anger","Cleave"],"picked":"Pummel","floor":3.0},{"not_picked":["Sword Boomerang","Replay:Undeath\u0027s Touch"],"picked":"Shrug It Off","floor":4.0},{"not_picked":["Warcry","Metallicize"],"picked":"Reaper","floor":5.0},{"not_picked":["Hemokinesis","Armaments"],"picked":"Clothesline","floor":5.0},{"not_picked":["Perfected Strike","Warcry"],"picked":"Iron Wave","floor":7.0},{"not_picked":["ReplayTheSpireMod:Strike From Hell","Blood for Blood"],"picked":"ReplayTheSpireMod:Limb From Limb","floor":10.0},{"not_picked":["Wild Strike","Warcry"],"picked":"Bludgeon","floor":11.0},{"not_picked":["Feel No Pain","Second Wind"],"picked":"Pummel","floor":14.0},{"not_picked":["Impervious","Immolate"],"picked":"Barricade","floor":16.0},{"not_picked":["Warcry","Heavy Blade","ReplayTheSpireMod:Muscle Training"],"picked":"SKIP","floor":18.0},{"not_picked":["Warcry","Clash"],"picked":"Iron Wave","floor":20},{"not_picked":["Blood for Blood","Dark Embrace","Feel No Pain"],"picked":"SKIP","floor":22},{"not_picked":["Thunderclap+1","Wild Strike"],"picked":"Inflame","floor":23},{"not_picked":["Defy Death+1","Searing Blow"],"picked":"Sword Boomerang+1","floor":25}],"player_experience":143669,"relics_obtained":[{"floor":5.0,"key":"Mirror"},{"floor":7.0,"key":"ReplayTheSpireMod:Spearhead"},{"floor":9.0,"key":"Iron Hammer"},{"floor":10.0,"key":"Incense Burner"},{"floor":23,"key":"ReplayFunnel"},{"floor":25,"key":"Ancient Tea Set"},{"floor":26,"key":"Anchor"}],"event_choices":[{"damage_healed":0.0,"max_hp_gain":0.0,"max_hp_loss":0.0,"gold_gain":0.0,"event_name":"Big Fish","player_choice":"Box","floor":8.0,"gold_loss":0.0,"damage_taken":0.0,"relics_obtained":["MealTicket"],"cards_obtained":["Regret"]},{"damage_healed":0.0,"max_hp_gain":0.0,"max_hp_loss":0.0,"gold_gain":0.0,"event_name":"Golden Idol","player_choice":"Take Damage","floor":13.0,"gold_loss":0.0,"damage_taken":20.0,"relics_obtained":["Golden Idol"]},{"damage_healed":0,"gold_gain":0,"player_choice":"Gave Idol","damage_taken":0,"relics_obtained":["Bloody Idol"],"max_hp_gain":0,"max_hp_loss":0,"event_name":"Forgotten Altar","floor":24,"relics_lost":["Golden Idol"],"gold_loss":0}],"is_beta":false,"boss_relics":[{"not_picked":["Runic Dome","Replay:Drink Me"],"picked":"Ectoplasm"}],"items_purged_floors":[12],"is_endless":false,"potions_floor_spawned":[1,7,10,11,14,20,23],"killed_by":"Gremlin Leader","ascension_level":3}}