{"host":"jz4ul6vrcxqkcr33","time":1613065764,"event":{"mods":["BaseMod","Minty Spire (QoL Compilation)","StSLib"],"gold_per_floor":[111,124,124,124,224,224,239,273,273,273,292,467,486,486,486,581,581,594,594,594],"floor_reached":19,"language":"ENG","playtime":615,"items_purged":[],"score":234,"play_id":"2dd43734-9f00-483d-8370-b93267ac6c67","local_time":"20210211124924","is_ascension_mode":true,"campfire_choices":[{"data":"Ball Lightning","floor":6.0,"key":"SMITH"},{"floor":10.0,"key":"REST"},{"data":"Echo Form","floor":15.0,"key":"SMITH"}],"circlet_count":0,"master_deck":["Strike_B","Strike_B","Strike_B","Defend_B","Defend_B","Defend_B","Defend_B","Zap","Dualcast","Ball Lightning+1","Storm","Rebound+1","Go for the Eyes+1","Echo Form+1","Doubt","Beam Cell+1","Parasite","All For One+1","Go for the Eyes+1"],"relics":["SacredBark","Molten Egg 2","Ornamental Fan","Bottled Flame","Philosopher\u0027s Stone"],"acts_visited":["Exordium","TheCity"],"potions_floor_usage":[19],"damage_taken":[{"damage":1.0,"enemies":"Cultist","floor":1.0,"turns":4.0},{"damage":3.0,"enemies":"Jaw Worm","floor":2.0,"turns":4.0},{"damage":6.0,"enemies":"2 Louse","floor":7.0,"turns":3.0},{"damage":30.0,"enemies":"3 Sentries","floor":8.0,"turns":6.0},{"damage":9.0,"enemies":"Red Slaver","floor":11.0,"turns":3.0},{"damage":9.0,"enemies":"Blue Slaver","floor":13.0,"turns":2.0},{"damage":18.0,"enemies":"Slime Boss","floor":16.0,"turns":6.0},{"damage":29.0,"enemies":"Shell Parasite","floor":18.0,"turns":4.0},{"damage":35,"enemies":"3 Byrds","floor":19,"turns":4}],"seed_played":"4922068070869462526","potions_obtained":[{"floor":2.0,"key":"Ancient Potion"},{"floor":13.0,"key":"LiquidMemories"},{"floor":18.0,"key":"SneckoOil"}],"is_trial":false,"path_per_floor":["M","M","?","T","?","R","M","E","T","R","M","?","M","?","R","B",null,"M","M"],"character_chosen":"DEFECT","items_purchased":[],"campfire_rested":1,"item_purchase_floors":[],"current_hp_per_floor":[67,64,57,57,57,57,51,21,21,43,34,34,25,43,43,25,63,34,0,0],"gold":594,"neow_bonus":"BOSS_RELIC","is_daily":false,"chose_seed":false,"campfire_upgraded":2,"win_rate":0.0,"timestamp":1613065764,"path_taken":["M","?","?","?","?","R","?","E","T","R","M","?","M","?","R","BOSS","M","M"],"items_purchased_type":[],"build_version":"2020-12-13","purchased_purges":0,"victory":false,"max_hp_per_floor":[75,75,75,75,75,75,75,75,75,75,75,75,75,75,75,75,75,75,75,75],"card_choices":[{"not_picked":["Sweeping Beam","Redo"],"picked":"Ball Lightning","floor":1.0},{"not_picked":["Compile Driver","Force Field"],"picked":"Storm","floor":2.0},{"not_picked":["BootSequence","Gash+1"],"picked":"Rebound+1","floor":7.0},{"not_picked":["Ball Lightning+1","Rebound+1"],"picked":"Go for the Eyes+1","floor":8.0},{"not_picked":["Sweeping Beam+1","Doom and Gloom+1"],"picked":"Echo Form","floor":11.0},{"not_picked":["Glacier","Fusion"],"picked":"Beam Cell+1","floor":13.0},{"not_picked":["Machine Learning","Reboot"],"picked":"All For One+1","floor":16.0},{"not_picked":["Compile Driver+1","Ball Lightning+1"],"picked":"Go for the Eyes+1","floor":18.0}],"player_experience":221368,"relics_obtained":[{"floor":4.0,"key":"Molten Egg 2"},{"floor":8.0,"key":"Ornamental Fan"},{"floor":9.0,"key":"Bottled Flame"}],"event_choices":[{"cards_removed":["Strike_B"],"damage_healed":0.0,"max_hp_gain":0.0,"max_hp_loss":0.0,"gold_gain":0.0,"event_name":"Golden Wing","player_choice":"Card Removal","floor":3.0,"gold_loss":0.0,"damage_taken":7.0},{"damage_healed":0.0,"max_hp_gain":0.0,"max_hp_loss":0.0,"gold_gain":100.0,"event_name":"Golden Shrine","player_choice":"Pray","floor":5.0,"gold_loss":0.0,"damage_taken":0.0},{"damage_healed":0.0,"max_hp_gain":0.0,"max_hp_loss":0.0,"gold_gain":175.0,"event_name":"Liars Game","player_choice":"AGREE","floor":12.0,"gold_loss":0.0,"damage_taken":0.0,"cards_obtained":["Doubt"]},{"damage_healed":18.0,"max_hp_gain":0.0,"max_hp_loss":0.0,"gold_gain":0.0,"event_name":"Mushrooms","player_choice":"Healed and dodged fight","floor":14.0,"gold_loss":0.0,"damage_taken":0.0,"cards_obtained":["Parasite"]}],"is_beta":false,"boss_relics":[{"not_picked":["Busted Crown","Sozu"],"picked":"Philosopher\u0027s Stone"}],"items_purged_floors":[],"is_endless":false,"potions_floor_spawned":[2,13,18],"killed_by":"3 Byrds","ascension_level":8}}