{"host":"rtw1tnr74gozsrw1","time":1613076463,"event":{"mods":["BaseMod","Colored Map","Colored Powertips","Highlight Path","Infinite Spire","Minty Spire (QoL Compilation)","Replay The Spire","StSLib","The Cursed","The Jungle"],"gold_per_floor":[214,139,149,82,95,95,108,108,134,234,262,277,292,302,302,407,407,420,448,459,459,475,475,506,506,560,573,573,473,473,473,473,473,473],"floor_reached":33,"language":"ENG","playtime":1315,"items_purged":["TheCursedMod:Strike_TheCursed","TheCursedMod:Strike_TheCursed"],"score":267,"play_id":"c6b505b7-377c-4d3d-8fff-5d4c14e1f05a","local_time":"20210211214743","is_ascension_mode":false,"campfire_choices":[{"data":"TheCursedMod:HellsGateOpen","floor":6,"key":"SMITH"},{"data":"TheCursedMod:CursedArmor","floor":8,"key":"SMITH"},{"floor":15,"key":"REST"},{"data":"TheCursedMod:CollectTribute","floor":23,"key":"SMITH"},{"data":"TheCursedMod:HellfireBreathing","floor":25,"key":"SMITH"},{"floor":28,"key":"REST"},{"data":"TheCursedMod:HellfireBreathing","floor":30,"key":"SMITH"},{"floor":32,"key":"REST"}],"circlet_count":0,"master_deck":["TheCursedMod:Strike_TheCursed","TheCursedMod:Strike_TheCursed","TheCursedMod:Defend_TheCursed","TheCursedMod:Defend_TheCursed","TheCursedMod:Defend_TheCursed","TheCursedMod:Defend_TheCursed","TheCursedMod:CursedWand","TheCursedMod:CleanUpWorkshop","TheCursedMod:Dregs","TheCursedMod:RavingStaff","TheCursedMod:HellfireBreathing+1","TheCursedMod:HellsGateOpen+1","TheCursedMod:CursedArmor+1","TheCursedMod:HellfireBreathing+1","TheCursedMod:VoidForm","TheCursedMod:CursedArmor+1","TheCursedMod:CollectTribute+1","TheCursedMod:ManaBullet","TheCursedMod:CursedSpellbook","TheCursedMod:CursedArmor+1","TheCursedMod:CursedStaff+1"],"relics":["TheCursedMod:BlackMagic101","Toy Ornithopter","PreservedInsect","Philosopher\u0027s Stone","Red Mask","Replay:Bottled Eggs"],"acts_visited":["Exordium","TheCity"],"potions_floor_usage":[18,22,24,33,33],"damage_taken":[{"damage":2,"enemies":"Small Slimes","floor":1,"turns":4},{"damage":6,"enemies":"Cultist","floor":3,"turns":3},{"damage":2,"enemies":"2 Louse","floor":5,"turns":4},{"damage":0,"enemies":"Looter","floor":7,"turns":4},{"damage":13,"enemies":"3 Sentries","floor":11,"turns":6},{"damage":14,"enemies":"Gremlin Gang","floor":12,"turns":3},{"damage":14,"enemies":"Blue Slaver","floor":13,"turns":5},{"damage":1,"enemies":"Large Slime","floor":14,"turns":5},{"damage":39,"enemies":"The Guardian","floor":16,"turns":9},{"damage":0,"enemies":"3 Byrds","floor":18,"turns":3},{"damage":25,"enemies":"Masked Bandits","floor":19,"turns":4},{"damage":4,"enemies":"Chosen","floor":20,"turns":4},{"damage":19,"enemies":"Snake Plant","floor":22,"turns":4},{"damage":5,"enemies":"Book of Stabbing","floor":24,"turns":4},{"damage":27,"enemies":"Snecko","floor":27,"turns":4},{"damage":32,"enemies":"Automaton","floor":33,"turns":6}],"seed_played":"-6316333630276690996","potions_obtained":[{"floor":1,"key":"Ancient Potion"},{"floor":11,"key":"FearPotion"},{"floor":12,"key":"SteroidPotion"},{"floor":14,"key":"DistilledChaos"},{"floor":16,"key":"Energy Potion"},{"floor":18,"key":"AttackPotion"},{"floor":27,"key":"DuplicationPotion"}],"is_trial":false,"path_per_floor":["M","$","M","$","M","R","M","R","T","?","E","M","M","M","R","B",null,"M","?","M","?","M","R","E","R","T","M","R","$","R","?","R","B"],"character_chosen":"THE_CURSED","items_purchased":["TheCursedMod:HellsGateOpen"],"campfire_rested":3,"item_purchase_floors":[4],"current_hp_per_floor":[73,73,67,67,65,65,65,65,65,65,52,38,24,23,45,6,75,75,50,46,46,32,32,32,32,32,5,27,27,27,27,49,27,27],"gold":473,"neow_bonus":"HUNDRED_GOLD","is_daily":false,"chose_seed":false,"campfire_upgraded":5,"win_rate":0.0,"timestamp":1613076463,"path_taken":["M","$","M","$","M","R","M","R","T","?","E","M","M","?","R","BOSS","M","?","M","?","?","R","E","R","T","M","R","$","R","?","R","BOSS"],"items_purchased_type":["Card"],"build_version":"2020-12-22","purchased_purges":2,"victory":false,"max_hp_per_floor":[75,75,75,75,75,75,75,75,75,75,75,75,75,75,75,75,75,75,75,75,75,75,75,75,75,75,75,75,75,75,75,75,75,75],"card_choices":[{"not_picked":["TheCursedMod:Wield","TheCursedMod:CursedMace"],"picked":"TheCursedMod:RavingStaff","floor":1},{"not_picked":["TheCursedMod:SpitefulPray","TheCursedMod:Torture"],"picked":"TheCursedMod:HellfireBreathing","floor":3},{"not_picked":["TheCursedMod:CircleOfBlood","TheCursedMod:DoubleShield"],"picked":"TheCursedMod:CursedArmor","floor":5},{"not_picked":["TheCursedMod:Grudge","TheCursedMod:SpitefulStrike"],"picked":"TheCursedMod:HellfireBreathing","floor":7},{"not_picked":["TheCursedMod:RavingStaff","TheCursedMod:CircleOfCorruption"],"picked":"TheCursedMod:VoidForm","floor":11},{"not_picked":["TheCursedMod:CursedBlade","TheCursedMod:FleshFromBone","TheCursedMod:TacticalStrike"],"picked":"SKIP","floor":12},{"not_picked":["TheCursedMod:AbyssShockwave","TheCursedMod:Torture"],"picked":"TheCursedMod:CursedArmor","floor":13},{"not_picked":["TheCursedMod:CircleOfCorruption","TheCursedMod:CircleOfFlame","TheCursedMod:Wield"],"picked":"SKIP","floor":14},{"not_picked":["TheCursedMod:DemonicPact","TheCursedMod:VoidForm"],"picked":"TheCursedMod:CollectTribute","floor":16},{"not_picked":["TheCursedMod:CircleOfCorruption","TheCursedMod:WearCloak+1"],"picked":"TheCursedMod:ManaBullet","floor":18},{"not_picked":["TheCursedMod:CircleOfCorruption","TheCursedMod:BlessingInDisguise+1"],"picked":"TheCursedMod:CursedSpellbook","floor":19},{"not_picked":["TheCursedMod:Grudge","TheCursedMod:CursedShiv"],"picked":"TheCursedMod:CursedArmor","floor":20},{"not_picked":["TheCursedMod:CursedMace","TheCursedMod:CursedBlade"],"picked":"TheCursedMod:CursedStaff+1","floor":22},{"not_picked":["TheCursedMod:DemonicPact","TheCursedMod:CircleOfAbyss","TheCursedMod:LuckyCharm+1"],"picked":"SKIP","floor":24},{"not_picked":["TheCursedMod:CursedArmor","TheCursedMod:CursedBlade","TheCursedMod:CursedMace+1"],"picked":"SKIP","floor":27}],"player_experience":138082,"relics_obtained":[{"floor":9,"key":"Toy Ornithopter"},{"floor":11,"key":"PreservedInsect"},{"floor":19,"key":"Red Mask"},{"floor":24,"key":"Replay:Bottled Eggs"}],"event_choices":[{"damage_healed":0,"gold_gain":100,"player_choice":"Pray","damage_taken":0,"max_hp_gain":0,"max_hp_loss":0,"event_name":"Golden Shrine","floor":10,"gold_loss":0},{"damage_healed":0,"gold_gain":0,"player_choice":"Fought Bandits","damage_taken":0,"max_hp_gain":0,"max_hp_loss":0,"event_name":"Masked Bandits","floor":19,"gold_loss":0},{"damage_healed":0,"gold_gain":0,"player_choice":"0 cards matched","damage_taken":0,"max_hp_gain":0,"max_hp_loss":0,"event_name":"Match and Keep!","floor":21,"gold_loss":0,"cards_obtained":[]}],"is_beta":false,"boss_relics":[{"not_picked":["Calling Bell","Ectoplasm"],"picked":"Philosopher\u0027s Stone"}],"items_purged_floors":[2,29],"is_endless":false,"potions_floor_spawned":[1,11,12,14,16,18,24,27],"killed_by":"Automaton","ascension_level":0}}