{"host":"36t3qd3wjvajtu1z","time":1613023556,"event":{"mods":["2.2 Compatiblity","AchievementEnabler","BaseMod","Bestiary","Block Reminder","Colored Powertips","Curses Come First","Highlight Path","Minty Spire (QoL Compilation)","Permanent Neow","Quick Restart","Random Character Button","Rare Cards Sparkle","Relic Stats","Slay-I","StSLib","Unknown Chances"],"gold_per_floor":[368,368,15,35,110,141,154,154,177,193,193,203,228,241,241,241,241],"floor_reached":16,"language":"ENG","playtime":747,"items_purged":[],"score":292,"play_id":"da0c25a6-3640-40de-9e39-520359f17672","local_time":"20210210220556","is_ascension_mode":true,"campfire_choices":[{"floor":8.0,"key":"REST"},{"floor":15.0,"key":"REST"}],"circlet_count":0,"master_deck":["AscendersBane","Strike_R","Strike_R","Strike_R","Strike_R","Defend_R","Defend_R","Defend_R","Defend_R","Bash","Reckless Charge","Spot Weakness","Fire Breathing","Inflame","Clothesline","Wild Strike","Sever Soul","Pommel Strike","Bludgeon"],"relics":["Burning Blood","Paper Frog","Lantern","Boot","Frozen Egg 2"],"acts_visited":["Exordium"],"potions_floor_usage":[16,16],"damage_taken":[{"damage":11.0,"enemies":"Cultist","floor":1.0,"turns":4.0},{"damage":6.0,"enemies":"Small Slimes","floor":4.0,"turns":3.0},{"damage":42.0,"enemies":"Gremlin Nob","floor":6.0,"turns":5.0},{"damage":6.0,"enemies":"2 Louse","floor":7.0,"turns":2.0},{"damage":14.0,"enemies":"2 Fungi Beasts","floor":10.0,"turns":3.0},{"damage":8.0,"enemies":"3 Louse","floor":12.0,"turns":3.0},{"damage":40.0,"enemies":"Lagavulin","floor":13.0,"turns":6.0},{"damage":7.0,"enemies":"Exordium Wildlife","floor":14.0,"turns":3.0}],"seed_played":"-6844375732391194862","potions_obtained":[{"floor":4.0,"key":"BloodPotion"},{"floor":7.0,"key":"BloodPotion"},{"floor":13.0,"key":"LiquidMemories"},{"floor":14.0,"key":"Dexterity Potion"}],"is_trial":false,"path_per_floor":["M","?","$","M","?","E","M","R","T","M","?","M","E","M","R","B"],"character_chosen":"IRONCLAD","items_purchased":["Paper Frog","Spot Weakness"],"campfire_rested":2,"item_purchase_floors":[3,3],"current_hp_per_floor":[63,56,56,56,45,24,24,46,46,38,38,36,17,16,38,0,0],"gold":241,"neow_bonus":"TWO_FIFTY_GOLD","is_daily":false,"chose_seed":false,"campfire_upgraded":0,"win_rate":0.0,"timestamp":1613023556,"path_taken":["M","?","$","M","?","E","M","R","T","M","?","M","E","M","R","BOSS"],"items_purchased_type":["Relic","Card"],"build_version":"2020-12-22","purchased_purges":0,"victory":false,"max_hp_per_floor":[75,75,75,75,75,75,75,75,75,75,75,75,75,75,75,75,75],"relic_stats":{"counters":[9,41],"Boot":[0],"obtain_stats":[{"Lantern":6,"Frozen Egg 2":13,"Boot":9,"Burning Blood":0,"Paper Frog":3},{"Lantern":3,"Frozen Egg 2":7,"Boot":4,"Burning Blood":0,"Paper Frog":1},{"Lantern":12,"Frozen Egg 2":26,"Boot":14,"Burning Blood":0,"Paper Frog":4}],"Burning Blood":48},"card_choices":[{"not_picked":["Pommel Strike","Rampage"],"picked":"Reckless Charge","floor":1.0},{"not_picked":["Flame Barrier","Armaments"],"picked":"Fire Breathing","floor":4.0},{"not_picked":["Rampage","Clash"],"picked":"Inflame","floor":6.0},{"not_picked":["Twin Strike","Body Slam"],"picked":"Clothesline","floor":7.0},{"not_picked":["Cleave","Thunderclap"],"picked":"Wild Strike","floor":10.0},{"not_picked":["Cleave","Second Wind"],"picked":"Pommel Strike","floor":12.0},{"not_picked":["Cleave","Warcry"],"picked":"Bludgeon","floor":13.0},{"not_picked":["Body Slam","Headbutt","Ghostly Armor"],"picked":"SKIP","floor":14.0}],"player_experience":484319,"relics_obtained":[{"floor":6.0,"key":"Lantern"},{"floor":9.0,"key":"Boot"},{"floor":13.0,"key":"Frozen Egg 2"}],"event_choices":[{"cards_removed":["Shame"],"damage_healed":0.0,"max_hp_gain":0.0,"max_hp_loss":0.0,"gold_gain":0.0,"event_name":"Golden Wing","player_choice":"Card Removal","floor":2.0,"gold_loss":0.0,"damage_taken":7.0},{"damage_healed":0.0,"max_hp_gain":0.0,"max_hp_loss":0.0,"gold_gain":75.0,"event_name":"World of Goop","player_choice":"Gather Gold","floor":5.0,"gold_loss":0.0,"damage_taken":11.0},{"damage_healed":0.0,"max_hp_gain":0.0,"max_hp_loss":0.0,"gold_gain":0.0,"cards_transformed":["Strike_R"],"event_name":"Living Wall","player_choice":"Change","floor":11.0,"gold_loss":0.0,"damage_taken":0.0,"cards_obtained":["Sever Soul"]}],"is_beta":false,"boss_relics":[],"items_purged_floors":[],"is_endless":false,"potions_floor_spawned":[4,7,13,14],"killed_by":"The Guardian","ascension_level":16}}