{"host":"s24sb66hw4a4sfft","time":1613008722,"event":{"mods":["AchievementEnabler","BaseMod","Colored Map","Colored Powertips","Googly Eyes","Hermit","Hubris","Minty Spire (QoL Compilation)","Quick Restart","Shop Mod","StSLib"],"gold_per_floor":[116,66,79,92,92,123,123,72,72,147,180,180,180,296,296,373,373,391,391,15,15,15,15],"floor_reached":22,"language":"ENG","playtime":656,"items_purged":["Strike_G"],"score":323,"play_id":"f9a17dca-6040-45d2-b670-5cfd6bfba67a","local_time":"20210210205842","is_ascension_mode":true,"campfire_choices":[{"floor":7.0,"key":"REST"},{"floor":12.0,"key":"REST"},{"floor":15.0,"key":"REST"}],"circlet_count":0,"master_deck":["AscendersBane","Strike_G","Strike_G","Strike_G","Strike_G","Defend_G","Defend_G","Defend_G","Defend_G","Survivor","Neutralize","Tactician","Quick Slash","Terror","Envenom","Prepared","Backstab","Deadly Poison","Tactician+1","RitualDagger"],"relics":["Ring of the Snake","NeowsBlessing","Mercury Hourglass","Kunai","hubris:OldNail","hubris:Icosahedron","Busted Crown","hubris:BundleOfHerbs"],"acts_visited":["Exordium","TheCity"],"potions_floor_usage":[18,22],"damage_taken":[{"damage":0.0,"enemies":"Jaw Worm","floor":1.0,"turns":1.0},{"damage":0.0,"enemies":"Small Slimes","floor":3.0,"turns":1.0},{"damage":0.0,"enemies":"2 Louse","floor":4.0,"turns":1.0},{"damage":31.0,"enemies":"Gremlin Nob","floor":6.0,"turns":5.0},{"damage":14.0,"enemies":"3 Sentries","floor":11.0,"turns":7.0},{"damage":1.0,"enemies":"2 Fungi Beasts","floor":14.0,"turns":3.0},{"damage":23,"enemies":"The Guardian","floor":16,"turns":12},{"damage":2,"enemies":"2 Thieves","floor":18,"turns":4},{"damage":24,"enemies":"Spheric Guardian","floor":22,"turns":5}],"seed_played":"-1977728857952186359","potions_obtained":[{"floor":3.0,"key":"Strength Potion"},{"floor":16,"key":"CunningPotion"}],"is_trial":false,"path_per_floor":["M","?","M","M","?","E","R","$","T","?","E","R","?","M","R","B",null,"M","?","$","?","M"],"character_chosen":"THE_SILENT","items_purchased":["Prepared","hubris:BundleOfHerbs"],"campfire_rested":3,"item_purchase_floors":[8,20],"current_hp_per_floor":[59,59,59,59,52,21,40,40,40,29,15,34,34,33,52,29,57,55,49,49,13,9,9],"gold":15,"neow_bonus":"THREE_ENEMY_KILL","is_daily":false,"chose_seed":false,"campfire_upgraded":0,"win_rate":0.0,"timestamp":1613008722,"path_taken":["M","?","M","M","?","E","R","$","T","?","E","R","?","M","R","BOSS","M","?","$","?","M"],"items_purchased_type":["Card","Relic"],"build_version":"2020-12-22","purchased_purges":1,"victory":false,"max_hp_per_floor":[66,66,66,66,66,66,66,66,66,66,66,66,66,66,66,66,66,66,66,66,66,66,66],"card_choices":[{"not_picked":["Quick Slash","Prepared"],"picked":"Tactician","floor":1.0},{"not_picked":["Prepared","Slice"],"picked":"Quick Slash","floor":3.0},{"not_picked":["Flying Knee","Bane"],"picked":"Terror","floor":4.0},{"not_picked":["PiercingWail","Dagger Throw"],"picked":"Envenom","floor":6.0},{"not_picked":["Predator","Flying Knee"],"picked":"Backstab","floor":11.0},{"not_picked":["Dodge and Roll","hubris:Counter"],"picked":"Deadly Poison","floor":14.0},{"not_picked":[],"picked":"Tactician+1","floor":18}],"player_experience":607855,"relics_obtained":[{"floor":6.0,"key":"Kunai"},{"floor":11.0,"key":"hubris:OldNail"}],"event_choices":[{"cards_removed":["Defend_G"],"damage_healed":0.0,"max_hp_gain":0.0,"max_hp_loss":0.0,"gold_gain":0.0,"event_name":"The Cleric","player_choice":"Card Removal","floor":2.0,"gold_loss":50.0,"damage_taken":0.0},{"damage_healed":0.0,"max_hp_gain":0.0,"max_hp_loss":0.0,"gold_gain":0.0,"event_name":"Scrap Ooze","player_choice":"Success","floor":5.0,"gold_loss":0.0,"damage_taken":7.0,"relics_obtained":["Mercury Hourglass"]},{"damage_healed":0.0,"max_hp_gain":0.0,"max_hp_loss":0.0,"gold_gain":75.0,"event_name":"World of Goop","player_choice":"Gather Gold","floor":10.0,"gold_loss":0.0,"damage_taken":11.0},{"damage_healed":0,"gold_gain":0,"player_choice":"Joined the Cult","damage_taken":6,"max_hp_gain":0,"max_hp_loss":0,"event_name":"Nest","floor":19,"gold_loss":0,"cards_obtained":["RitualDagger"]}],"is_beta":false,"boss_relics":[{"not_picked":["hubris:Stopwatch","hubris:VirtuousBlindfold"],"picked":"Busted Crown"}],"items_purged_floors":[20],"is_endless":false,"potions_floor_spawned":[3,16],"killed_by":"Spheric Guardian","ascension_level":14}}