{"host":"jz4ul6vrcxqkcr33","time":1613081540,"event":{"mods":["BaseMod","Minty Spire (QoL Compilation)","StSLib"],"gold_per_floor":[111,121,132,52,52,52,81,81,81,81,81],"floor_reached":10,"language":"ENG","playtime":264,"items_purged":[],"score":92,"play_id":"23e2fc94-a6b9-4ec9-9285-8fe9d074189a","local_time":"20210211171220","is_ascension_mode":true,"campfire_choices":[{"data":"Go for the Eyes","floor":6.0,"key":"SMITH"}],"circlet_count":0,"master_deck":["Strike_B","Strike_B","Strike_B","Defend_B","Defend_B","Defend_B","Defend_B","Zap","Dualcast","Go for the Eyes+1","Sunder","Barrage","Tempest","Gash","Force Field"],"relics":["Cracked Core","Kunai","Ornamental Fan"],"acts_visited":["Exordium"],"potions_floor_usage":[],"damage_taken":[{"damage":2.0,"enemies":"Jaw Worm","floor":1.0,"turns":3.0},{"damage":0.0,"enemies":"Small Slimes","floor":2.0,"turns":3.0},{"damage":1.0,"enemies":"Cultist","floor":3.0,"turns":3.0},{"damage":35,"enemies":"3 Sentries","floor":7,"turns":7},{"damage":36,"enemies":"Gremlin Nob","floor":10,"turns":5}],"seed_played":"1199774259809107179","potions_obtained":[],"is_trial":false,"path_per_floor":["M","M","M","$","?","R","E","?","T","E"],"character_chosen":"DEFECT","items_purchased":["Tempest"],"campfire_rested":0,"item_purchase_floors":[4],"current_hp_per_floor":[73,73,72,72,72,72,37,37,37,1,1],"gold":81,"neow_bonus":"TEN_PERCENT_HP_BONUS","is_daily":false,"chose_seed":false,"campfire_upgraded":1,"win_rate":0.0,"timestamp":1613081540,"path_taken":["M","M","M","$","?","R","E","?","T","E"],"items_purchased_type":["Card"],"build_version":"2020-12-13","purchased_purges":0,"victory":false,"max_hp_per_floor":[82,82,82,82,82,82,82,82,82,82,82],"card_choices":[{"not_picked":["Compile Driver","Redo"],"picked":"Go for the Eyes","floor":1.0},{"not_picked":["Barrage","Hologram"],"picked":"Sunder","floor":2.0},{"not_picked":["Compile Driver","Hologram"],"picked":"Barrage","floor":3.0},{"not_picked":["Static Discharge","Multi-Cast"],"picked":"Gash","floor":7}],"player_experience":224095,"relics_obtained":[{"floor":7,"key":"Kunai"},{"floor":9,"key":"Ornamental Fan"}],"event_choices":[{"damage_healed":0.0,"max_hp_gain":0.0,"max_hp_loss":0.0,"gold_gain":0.0,"event_name":"Liars Game","player_choice":"Ignored","floor":5.0,"gold_loss":0.0,"damage_taken":0.0},{"damage_healed":0,"gold_gain":0,"cards_transformed":["Strike_B"],"player_choice":"Change","damage_taken":0,"max_hp_gain":0,"max_hp_loss":0,"event_name":"Living Wall","floor":8,"gold_loss":0,"cards_obtained":["Force Field"]}],"is_beta":false,"boss_relics":[],"items_purged_floors":[],"is_endless":false,"potions_floor_spawned":[],"killed_by":"Gremlin Nob","ascension_level":8}}