{"host":"5wf60zc4jjt9ov65","time":1613013755,"event":{"mods":["AchievementEnabler","BaseMod","Beaked The Cultist","Bestiary","Better Altar","Better Match","Better Note","Better Sensory Stone","Better Skull","Better Third Choice","BetterRewards","Colored Map","Colored Powertips","Downfall","Googly Eyes","Halation","Highlight Path","Hubris","Infinite Spire","Minty Spire (QoL Compilation)","Permanent Neow","Quick Restart","Relic Sorter","Replay The Spire","StSLib","SuperFastMode","The Bug Knight","The Construct"],"gold_per_floor":[211,136,136,150,150,150,160,160,160,160,60,60,76,76,76,175,175,194,194,194,208,226,252,252,280,307,307,338,353,366,377,377,476,476,491,509,524,534,554,554,564,564,564,596,596,609,609,609,609,609,609,609,484,512,512],"floor_reached":56,"language":"ENG","playtime":1159,"items_purged":["Strike_R","Strike_R","downfall:Haunted"],"score":1581,"play_id":"48c6bd17-48ea-49ad-8dd1-3eab9b604f25","local_time":"20210210222235","is_ascension_mode":false,"campfire_choices":[{"floor":6.0,"key":"RECALL"},{"data":"hubris:InfiniteBlow+8841","floor":8.0,"key":"SMITH"},{"data":"hubris:InfiniteBlow+8842","floor":12.0,"key":"SMITH"},{"data":"hubris:InfiniteBlow+8843","floor":15.0,"key":"SMITH"},{"data":"hubris:InfiniteBlow+10885","floor":27,"key":"SMITH"},{"floor":32,"key":"REST"},{"floor":40,"key":"REST"},{"floor":42,"key":"REST"},{"data":"hubris:InfiniteBlow+10886","floor":47,"key":"SMITH"},{"floor":49,"key":"REST"},{"floor":52,"key":"REST"}],"circlet_count":0,"master_deck":["hubris:InfiniteBlow+10887","Strike_R","Strike_R","Defend_R","Defend_R","Defend_R","Defend_R","Bash","downfall:Haunted"],"relics":["Burning Blood"],"acts_visited":["Exordium","TheCity","TheBeyond","TheEnding"],"potions_floor_usage":[35,35,35,55],"damage_taken":[{"damage":0.0,"enemies":"Jaw Worm","floor":1.0,"turns":1.0},{"damage":0.0,"enemies":"infinitespire:Voidling","floor":3.0,"turns":2.0},{"damage":0.0,"enemies":"Cultist","floor":4.0,"turns":1.0},{"damage":0.0,"enemies":"Blue Slaver","floor":7.0,"turns":2.0},{"damage":14.0,"enemies":"3 Louse","floor":13.0,"turns":3.0},{"damage":0.0,"enemies":"Hexaghost","floor":16.0,"turns":2.0},{"damage":5.0,"enemies":"2 Thieves","floor":18.0,"turns":3.0},{"damage":0.0,"enemies":"Shell Parasite","floor":21.0,"turns":1.0},{"damage":6.0,"enemies":"3 Cultists","floor":22.0,"turns":5.0},{"damage":15.0,"enemies":"HollowMod:Nosk","floor":23.0,"turns":4.0},{"damage":0,"enemies":"Gremlin Leader","floor":25,"turns":2},{"damage":35,"enemies":"Slavers","floor":28,"turns":4},{"damage":7,"enemies":"Shelled Parasite and Fungi","floor":29,"turns":3},{"damage":8,"enemies":"Centurion and Healer","floor":30,"turns":3},{"damage":0,"enemies":"Snecko","floor":31,"turns":2},{"damage":6,"enemies":"Champ","floor":33,"turns":2},{"damage":88,"enemies":"3 Darklings","floor":35,"turns":12},{"damage":27,"enemies":"3 Shapes","floor":36,"turns":7},{"damage":16,"enemies":"Writhing Mass","floor":37,"turns":3},{"damage":19,"enemies":"Maw","floor":38,"turns":3},{"damage":29,"enemies":"Jaw Worm Horde","floor":39,"turns":4},{"damage":0,"enemies":"Writhing Mass","floor":41,"turns":2},{"damage":0,"enemies":"Nemesis","floor":44,"turns":1},{"damage":0,"enemies":"Transient","floor":46,"turns":1},{"damage":0,"enemies":"Time Eater","floor":50,"turns":1},{"damage":0,"enemies":"Shield and Spear","floor":54,"turns":2},{"damage":97,"enemies":"The Heart","floor":55,"turns":5}],"seed_played":"5037568110278385919","potions_obtained":[{"floor":1.0,"key":"Fruit Juice"},{"floor":13.0,"key":"DistilledChaos"},{"floor":25,"key":"Ancient Potion"},{"floor":35,"key":"Fruit Juice"},{"floor":36,"key":"Adrenaline Potion"}],"is_trial":false,"path_per_floor":["M","$","M","M","?","R","M","R","T","?","$","R","M","$","R","B",null,"M","?","?","M","M","E","?","E","T","R","E","M","M","M","R","B",null,"M","M","M","M","M","R","M","R","T","E","?","M","R","?","R","B",null,"R","$","E","B",null],"character_chosen":"IRONCLAD","items_purchased":[],"campfire_rested":5,"item_purchase_floors":[],"current_hp_per_floor":[80,80,80,80,80,80,80,80,80,80,80,80,72,72,72,78,80,80,80,80,80,80,71,83,89,89,89,60,59,57,63,90,90,92,102,81,71,58,35,65,71,101,101,102,102,102,102,102,102,102,102,102,102,102,48],"gold":512,"neow_bonus":"HUNDRED_GOLD","is_daily":false,"chose_seed":false,"campfire_upgraded":5,"win_rate":0.0,"timestamp":1613013755,"path_taken":["M","$","M","M","?","R","M","R","T","?","?","R","?","?","R","BOSS","M","?","?","M","?","E","?","E","T","R","E","M","M","M","R","BOSS","M","M","M","M","M","R","M","R","T","E","?","M","R","?","R","BOSS","R","$","E","BOSS"],"items_purchased_type":[],"build_version":"2020-12-22","purchased_purges":3,"victory":true,"max_hp_per_floor":[80,80,80,80,80,80,80,80,80,80,80,80,80,80,80,80,80,80,80,80,80,80,80,92,92,92,92,92,92,92,92,92,92,92,102,102,102,102,102,102,102,102,102,102,102,102,102,102,102,102,102,102,102,102,102],"card_choices":[{"not_picked":["Warcry","Armaments","Spot Weakness"],"picked":"SKIP","floor":1.0},{"not_picked":["Body Slam","Searing Blow","Sword Boomerang"],"picked":"SKIP","floor":3.0},{"not_picked":["Rage","True Grit","Perfected Strike"],"picked":"SKIP","floor":4.0},{"not_picked":["Body Slam","hubris:ReadiedAction","Pommel Strike"],"picked":"SKIP","floor":7.0},{"not_picked":["Brutality","Body Slam","Power Through"],"picked":"SKIP","floor":13.0},{"not_picked":["hubris:ReadiedAction","Body Slam","Perfected Strike"],"picked":"SKIP","floor":18.0},{"not_picked":["Massacre+1","infinitespire:OneForAll","Spot Weakness"],"picked":"SKIP","floor":21.0},{"not_picked":["Blood for Blood+1","Iron Wave","Run Through"],"picked":"SKIP","floor":22.0},{"not_picked":["ReplayTheSpireMod:Limb From Limb+1","Second Wind","Seeing Red"],"picked":"SKIP","floor":23.0},{"not_picked":["Cleave+1","Brutality","Havoc"],"picked":"SKIP","floor":25},{"not_picked":["Body Slam+1","Inflame+1","True Grit"],"picked":"SKIP","floor":28},{"not_picked":["Dark Embrace+1","Combust","Body Slam+1"],"picked":"SKIP","floor":29},{"not_picked":["Dropkick","Infernal Blade+1","Replay:Undeath\u0027s Touch"],"picked":"SKIP","floor":30},{"not_picked":["ReplayTheSpireMod:LeadingStrike","Thunderclap+1","Seeing Red"],"picked":"SKIP","floor":31},{"not_picked":["Clothesline+1","Blood for Blood+1","Armaments+1"],"picked":"SKIP","floor":35},{"not_picked":["Pummel+1","Iron Wave+1","Run Through+1"],"picked":"SKIP","floor":36},{"not_picked":["Anger","hubris:SharpeningStone+1","Pommel Strike+1"],"picked":"SKIP","floor":37},{"not_picked":["Dropkick","Pummel+1","Sword Boomerang"],"picked":"SKIP","floor":38},{"not_picked":["Havoc","hubris:ReadiedAction","Clothesline"],"picked":"SKIP","floor":39},{"not_picked":["Flex","Carnage","Sever Soul"],"picked":"SKIP","floor":41},{"not_picked":["ReplayTheSpireMod:Strike From Hell","Inflame+1","Thunderclap+1"],"picked":"SKIP","floor":44},{"not_picked":["Battle Trance","ReplayTheSpireMod:Strike From Hell+1","Double Tap"],"picked":"SKIP","floor":46},{"not_picked":["Twin Strike","Uppercut+1","ReplayTheSpireMod:Strike From Hell"],"picked":"SKIP","floor":54}],"player_experience":169075,"relics_obtained":[],"event_choices":[{"damage_healed":80.0,"max_hp_gain":0.0,"max_hp_loss":80.0,"gold_gain":0.0,"event_name":"betterThird:BetterShining","player_choice":"Leave","floor":10.0,"gold_loss":0.0,"damage_taken":0.0},{"damage_healed":0.0,"max_hp_gain":0.0,"max_hp_loss":0.0,"gold_gain":0.0,"event_name":"Transmorgrifier","player_choice":"Ignored","floor":19.0,"gold_loss":0.0,"damage_taken":0.0},{"cards_removed":["hubris:InfiniteBlow"],"damage_healed":0.0,"max_hp_gain":0.0,"max_hp_loss":0.0,"gold_gain":0.0,"event_name":"betterNote:BetterNote","player_choice":"Give","floor":20.0,"gold_loss":0.0,"damage_taken":0.0,"cards_obtained":["None"]},{"damage_healed":0,"gold_gain":0,"player_choice":"Ignored","damage_taken":0,"max_hp_gain":0,"max_hp_loss":0,"event_name":"Mysterious Sphere","floor":45,"gold_loss":0},{"cards_removed":["Strike_R"],"damage_healed":0,"gold_gain":0,"player_choice":"Removed Attack","damage_taken":0,"max_hp_gain":0,"max_hp_loss":0,"event_name":"Falling","floor":48,"gold_loss":0}],"is_beta":false,"boss_relics":[{"not_picked":[]},{"not_picked":[]}],"items_purged_floors":[2,11,53],"is_endless":false,"potions_floor_spawned":[1,13,16,23,25,30,31,33,35,36,44,54],"ascension_level":0}}