{"host":"rolltorest","time":1613009069,"event":{"mods":["BaseMod","Minty Spire (QoL Compilation)","Relic Stats","Slay the Relics Exporter","StSLib"],"gold_per_floor":[118,134,134,154,171,171,205,205,230,256,256,17,17,17,17,103,103,120,165,19,30,30,30,30],"floor_reached":23,"language":"ENG","playtime":366,"items_purged":["Bite"],"score":449,"play_id":"e2436212-ce56-473e-9efd-2315552daae1","local_time":"20210210180429","is_ascension_mode":true,"campfire_choices":[{"data":"Fasting2","floor":6,"key":"SMITH"},{"data":"Tantrum","floor":8,"key":"SMITH"},{"data":"DevaForm","floor":11,"key":"SMITH"},{"data":"Ragnarok","floor":13,"key":"SMITH"},{"data":"Vigilance","floor":15,"key":"SMITH"}],"circlet_count":0,"master_deck":["AscendersBane","Defend_P+1","Defend_P","Defend_P","Defend_P","Eruption","Vigilance+1","Tantrum+1","Halt","Fasting2+1","Protect","DevaForm+1","Ragnarok+1","LessonLearned","Bite","Bite","Bite","Bite","Fasting2"],"relics":["Coffee Dripper","CeramicFish","Happy Flower","ClockworkSouvenir","Snecko Eye"],"acts_visited":["Exordium","TheCity"],"potions_floor_usage":[],"damage_taken":[{"damage":0,"enemies":"Jaw Worm","floor":1,"turns":4},{"damage":0,"enemies":"Cultist","floor":2,"turns":2},{"damage":0,"enemies":"2 Louse","floor":4,"turns":3},{"damage":0,"enemies":"2 Fungi Beasts","floor":5,"turns":3},{"damage":0,"enemies":"Gremlin Nob","floor":7,"turns":3},{"damage":27,"enemies":"The Guardian","floor":16,"turns":4},{"damage":0,"enemies":"Spheric Guardian","floor":18,"turns":2},{"damage":0,"enemies":"Chosen","floor":21,"turns":3},{"damage":58,"enemies":"Slavers","floor":23,"turns":5}],"seed_played":"-6488867031135491504","potions_obtained":[{"floor":1,"key":"BlessingOfTheForge"},{"floor":4,"key":"Dexterity Potion"},{"floor":21,"key":"SteroidPotion"}],"is_trial":false,"path_per_floor":["M","M","?","M","M","R","E","R","T","T","R","$","R","?","R","B",null,"M","?","$","M","$","E"],"character_chosen":"WATCHER","items_purchased":["ClockworkSouvenir","Ragnarok","Fasting2"],"campfire_rested":0,"item_purchase_floors":[12,12,20],"current_hp_per_floor":[61,61,61,61,61,61,61,61,61,61,61,61,61,61,61,36,60,62,62,62,68,68,12,12],"gold":30,"neow_bonus":"BOSS_RELIC","is_daily":false,"chose_seed":false,"campfire_upgraded":5,"win_rate":0.0,"timestamp":1613009069,"path_taken":["M","M","?","?","M","R","E","R","T","?","R","$","R","?","R","BOSS","M","?","$","M","$","E"],"items_purchased_type":["Relic","Card","Card"],"build_version":"2020-12-18","purchased_purges":1,"victory":false,"max_hp_per_floor":[68,68,68,68,68,68,68,68,68,68,68,68,68,68,68,68,68,68,68,68,68,68,68,68],"relic_stats":{"Happy Flower":[4],"counters":[9,29],"CeramicFish":81,"Snecko Eye":[16,16,18,12],"obtain_stats":[{"Blood Vial":10,"Happy Flower":9,"CeramicFish":7,"Snecko Eye":17,"Coffee Dripper":0,"PureWater":0,"ClockworkSouvenir":12},{"Blood Vial":5,"Happy Flower":5,"CeramicFish":5,"Snecko Eye":6,"Coffee Dripper":0,"PureWater":0,"ClockworkSouvenir":5},{"Blood Vial":15,"Happy Flower":15,"CeramicFish":15,"Snecko Eye":19,"Coffee Dripper":0,"PureWater":0,"ClockworkSouvenir":15}]},"card_choices":[{"not_picked":["Wireheading","Crescendo"],"picked":"Tantrum","floor":1},{"not_picked":["FlyingSleeves","EmptyBody"],"picked":"Halt","floor":2},{"not_picked":["Sanctity","Protect"],"picked":"Fasting2","floor":4},{"not_picked":["Vengeance","Alpha"],"picked":"Protect","floor":5},{"not_picked":["ThirdEye","Evaluate"],"picked":"DevaForm","floor":7},{"not_picked":["DevaForm","DeusExMachina"],"picked":"LessonLearned","floor":16},{"not_picked":["BattleHymn","Protect","FlyingSleeves"],"picked":"SKIP","floor":18},{"not_picked":["SignatureMove","WindmillStrike+1","Sanctity"],"picked":"SKIP","floor":21}],"player_experience":1944847,"relics_obtained":[{"floor":7,"key":"CeramicFish"},{"floor":9,"key":"Happy Flower"},{"floor":10,"key":"Blood Vial"}],"event_choices":[{"cards_removed":["Strike_P"],"damage_healed":0,"gold_gain":0,"player_choice":"Purged","damage_taken":0,"max_hp_gain":0,"max_hp_loss":0,"event_name":"Purifier","floor":3,"gold_loss":0},{"damage_healed":0,"gold_gain":0,"player_choice":"Ignored","damage_taken":0,"max_hp_gain":0,"max_hp_loss":0,"event_name":"Liars Game","floor":14,"gold_loss":0},{"damage_healed":0,"gold_gain":0,"player_choice":"Became a vampire (Vial)","damage_taken":0,"max_hp_gain":0,"max_hp_loss":0,"event_name":"Vampires","floor":19,"relics_lost":["Blood Vial"],"gold_loss":0,"cards_obtained":["Bite","Bite","Bite","Bite","Bite"]}],"is_beta":true,"boss_relics":[{"not_picked":["Philosopher\u0027s Stone","Calling Bell"],"picked":"Snecko Eye"}],"items_purged_floors":[20],"is_endless":false,"potions_floor_spawned":[1,4,7,21],"killed_by":"Slavers","ascension_level":20}}