{"host":"cvgfrai8nrtinf2y","time":1613035784,"event":{"mods":["A Magickal Journey","Act Like it!","BaseMod","Better Third Choice","Challenge The Spire","Colored Map","Downfall","Gensokyo","Googly Eyes","Hermit","Highlight Path","Hubris","Infinite Spire","Minty Spire (QoL Compilation)","Rare Cards Sparkle","Relic Sorter","Remilia??????","Spicy Shops","StSLib","The Disciple","The Hierophant","The Necromancer","The Runesmith"],"gold_per_floor":[113,131,31,31,48,76,52,52,97,97,110,110,110],"floor_reached":12,"language":"ENG","playtime":281,"items_purged":[],"score":78,"play_id":"8ddc71c6-15f3-4435-8cc7-fab93bdfba5f","local_time":"20210211102944","is_ascension_mode":false,"campfire_choices":[{"floor":10,"key":"REST"}],"circlet_count":0,"master_deck":["hermit:Strike_Hermit","hermit:Strike_Hermit","hermit:Strike_Hermit","hermit:Strike_Hermit","hermit:Defend_Hermit","hermit:Defend_Hermit","hermit:Defend_Hermit","hermit:Defend_Hermit","hermit:Snapshot","hermit:Covet","hermit:Dive","hermit:WideOpen","hermit:Brawl","hermit:ItchyTrigger","hermit:CursedWeapon"],"relics":["hermit:Momento","NeowsBlessing","hubris:BottledRain","hubris:Metronome","hubris:ToyBattleship","infinitespire:Beetle Shell"],"acts_visited":["Exordium"],"potions_floor_usage":[6],"damage_taken":[{"damage":0,"enemies":"Gensokyo:3_Fairies","floor":1,"turns":1},{"damage":0,"enemies":"Gensokyo:Gryphon","floor":2,"turns":1},{"damage":0,"enemies":"Gensokyo:Python","floor":5,"turns":1},{"damage":51,"enemies":"Gensokyo:Cirno","floor":6,"turns":8},{"damage":0,"enemies":"Gensokyo:LivingMonolith","floor":11,"turns":3},{"damage":48,"enemies":"Gensokyo:Aya","floor":12,"turns":6}],"seed_played":"8109432309950513352","potions_obtained":[{"floor":5,"key":"LiquidBronze"},{"floor":11,"key":"Block Potion"}],"is_trial":false,"path_per_floor":["M","M","?","T","M","E","$","$","T","R","M","E"],"character_chosen":"HERMIT","items_purchased":["hermit:ItchyTrigger"],"campfire_rested":1,"item_purchase_floors":[7],"current_hp_per_floor":[75,75,75,75,75,24,24,24,24,46,46,0,0],"gold":110,"neow_bonus":"THREE_ENEMY_KILL","is_daily":false,"chose_seed":false,"campfire_upgraded":0,"win_rate":0.0,"timestamp":1613035784,"path_taken":["M","M","?","?","M","E","?","$","T","R","M","E"],"items_purchased_type":["Card"],"build_version":"2020-12-22","purchased_purges":0,"victory":false,"max_hp_per_floor":[75,75,75,75,75,75,75,75,75,75,75,75,75],"card_choices":[{"not_picked":["hermit:Snipe","hermit:WideOpen"],"picked":"hermit:Dive","floor":1},{"not_picked":["hermit:Midnight","hermit:HoleUp"],"picked":"hermit:WideOpen","floor":2},{"not_picked":["hermit:Feint","hermit:Cheat"],"picked":"hermit:Brawl","floor":5},{"not_picked":["hermit:Determination","hermit:LuckOfTheDraw","hermit:Gestalt"],"picked":"SKIP","floor":6},{"not_picked":["hermit:Glare","hermit:LowProfile"],"picked":"hermit:CursedWeapon","floor":11}],"player_experience":1255844,"relics_obtained":[{"floor":4,"key":"hubris:Metronome"},{"floor":6,"key":"hubris:ToyBattleship"},{"floor":9,"key":"infinitespire:Beetle Shell"}],"event_choices":[],"is_beta":false,"boss_relics":[],"items_purged_floors":[],"is_endless":false,"potions_floor_spawned":[5,11],"killed_by":"Gensokyo:Aya","ascension_level":0}}