{"host":"zjnmjbs15rdpqnz9","time":1613078502,"event":{"mods":["BaseMod","Downfall","Minty Spire (QoL Compilation)","StSLib"],"gold_per_floor":[99,116,128,228,28,28,78,78,78,78,105,15,42,27,37,142,142,142,160,160,172,192,218,266,276,299,199,215,100,100,119,136,241,241,241,259,273,273,273,273],"floor_reached":38,"language":"ENG","playtime":2227,"items_purged":["champ:Strike","champ:Strike"],"score":449,"play_id":"0e2f2632-42fa-4562-8c79-9f95e4133e4f","local_time":"20210211142142","is_ascension_mode":true,"campfire_choices":[{"data":"champ:Execute","floor":1,"key":"SMITH"},{"data":"Apotheosis","floor":6,"key":"SMITH"},{"data":"champ:StrikeOfGenius","floor":10,"key":"SMITH"},{"floor":18,"key":"RECALL"},{"floor":27,"key":"REST"},{"data":"champ:ArenaPreparation","floor":30,"key":"SMITH"},{"data":"champ:FaceSlap","floor":35,"key":"SMITH"}],"circlet_count":0,"master_deck":["champ:Strike","champ:Strike","champ:Defend","champ:Defend","champ:Defend","champ:Defend","champ:Execute+1","champ:Taunt","champ:BringItOn","champ:ArenaPreparation","champ:StrikeOfGenius+1","Apotheosis+1","champ:FocusedDefense","champ:Endure","champ:PerfectedStrike","champ:VampiricStrike","champ:AdrenalArmor","champ:ShieldThrow","champ:ArenaPreparation+1","champ:Execute+1","Pain","champ:Backstep+1","champ:FaceSlap+1"],"relics":["champ:ChampionCrown","champ:FightingForDummies","Sundial","MealTicket","Letter Opener","Philosopher\u0027s Stone","Singing Bowl","Orichalcum","Pen Nib","downfall:HeartBlessingRed","Runic Pyramid"],"acts_visited":["Exordium","TheCity","TheBeyond"],"potions_floor_usage":[38,38,38],"damage_taken":[{"damage":10,"enemies":"Jaw Worm","floor":2,"turns":4},{"damage":10,"enemies":"Cultist","floor":3,"turns":4},{"damage":20,"enemies":"downfall:FleeingMerchant","floor":5,"turns":4},{"damage":30,"enemies":"3 Sentries","floor":11,"turns":5},{"damage":60,"enemies":"downfall:FleeingMerchant","floor":12,"turns":4},{"damage":56,"enemies":"Gremlin Nob","floor":13,"turns":5},{"damage":29,"enemies":"downfall:FleeingMerchant","floor":14,"turns":4},{"damage":20,"enemies":"Small Slimes","floor":15,"turns":2},{"damage":71,"enemies":"DF_ARCHETYPE_STREAMLINE","floor":16,"turns":6},{"damage":20,"enemies":"Spheric Guardian","floor":19,"turns":3},{"damage":37,"enemies":"Chosen","floor":21,"turns":4},{"damage":37,"enemies":"Sentry and Sphere","floor":22,"turns":4},{"damage":57,"enemies":"Slavers","floor":23,"turns":4},{"damage":50,"enemies":"Snake Plant","floor":25,"turns":4},{"damage":30,"enemies":"Centurion and Healer","floor":28,"turns":4},{"damage":45,"enemies":"downfall:FleeingMerchant","floor":29,"turns":4},{"damage":28,"enemies":"Sentry and Sphere","floor":31,"turns":3},{"damage":52,"enemies":"Shelled Parasite and Fungi","floor":32,"turns":4},{"damage":93,"enemies":"IC_MUSHROOM_ARCHETYPE","floor":33,"turns":7},{"damage":48,"enemies":"3 Darklings","floor":36,"turns":4},{"damage":45,"enemies":"3 Shapes","floor":37,"turns":3},{"damage":65,"enemies":"Writhing Mass","floor":38,"turns":3}],"seed_played":"-1020232839085890908","potions_obtained":[{"floor":0,"key":"hexamod:SoulburnPotion"},{"floor":0,"key":"PowerPotion"},{"floor":0,"key":"bronze:BurnAndBuffPotion"},{"floor":13,"key":"LiquidMemories"},{"floor":22,"key":"EntropicBrew"}],"is_trial":false,"path_per_floor":["R","M","M","?","$","R","T","?","?","R","E","$","E","$","M","B",null,"R","M","?","M","M","E","T","M","T","R","M","$","R","M","M","B",null,"R","M","M","M"],"character_chosen":"THE_CHAMP","items_purchased":["Apotheosis"],"campfire_rested":1,"item_purchase_floors":[5],"current_hp_per_floor":[90,90,90,90,90,90,90,90,83,83,73,78,62,73,73,52,90,90,90,90,78,66,46,46,28,28,56,48,65,65,64,64,33,104,104,73,60,0,0,0],"gold":273,"neow_bonus":"THREE_SMALL_POTIONS","is_daily":false,"chose_seed":false,"campfire_upgraded":5,"win_rate":0.0,"timestamp":1613078502,"path_taken":["R","M","M","?","?","R","T","?","?","R","E","?","E","$","M","BOSS","R","M","?","M","M","E","T","?","?","R","M","$","R","M","M","BOSS","R","M","M","M"],"items_purchased_type":["Card"],"build_version":"2020-12-22","purchased_purges":2,"victory":false,"max_hp_per_floor":[90,90,90,90,90,90,90,90,90,90,90,90,90,90,90,90,90,90,90,90,90,90,92,92,94,94,94,96,98,98,100,102,104,104,104,106,108,108,108,108],"card_choices":[{"not_picked":["champ:FancyFootwork","champ:ShieldSlam"],"picked":"champ:BringItOn","floor":2},{"not_picked":["champ:Haymaker","champ:SkillfulDodge"],"picked":"champ:ArenaPreparation","floor":3},{"not_picked":["champ:Circumvent","champ:SwordThrow"],"picked":"champ:StrikeOfGenius","floor":5},{"not_picked":["champ:BringItOn","champ:CrownThrow"],"picked":"champ:FocusedDefense","floor":11},{"not_picked":["champ:Haymaker","champ:BerserkersShout"],"picked":"champ:Endure","floor":12},{"not_picked":["champ:DefensiveShout","champ:EnGarde"],"picked":"champ:PerfectedStrike","floor":13},{"not_picked":["champ:GutPunch","champ:SteelEdge"],"picked":"champ:VampiricStrike","floor":14},{"not_picked":["champ:DeathBlow","champ:StanceDance"],"picked":"champ:AdrenalArmor","floor":15},{"not_picked":["champ:SteelEdge","champ:MurderStrike"],"picked":"champ:ShieldThrow","floor":16},{"not_picked":["champ:CrookedStrike","champ:BringItOn","champ:BerserkersShout"],"picked":"SKIP","floor":19},{"not_picked":["champ:ArenaPreparation","champ:PreciseThrust"],"picked":"champ:Backstep+1","floor":21},{"not_picked":["champ:PerfectedStrike","champ:Haymaker+1"],"picked":"champ:FaceSlap","floor":22},{"not_picked":["champ:CrookedStrike+1","champ:DeathBlow","champ:ShieldWall"],"picked":"Singing Bowl","floor":23},{"not_picked":["champ:ShieldThrow","champ:BringItOn","champ:AdrenalArmor"],"picked":"Singing Bowl","floor":25},{"not_picked":["champ:ViciousMockery","champ:EnragedBash","champ:AdrenalArmor"],"picked":"Singing Bowl","floor":28},{"not_picked":["champ:Endure","champ:EnGarde+1","champ:DefensiveShout"],"picked":"Singing Bowl","floor":29},{"not_picked":["champ:StanceDance","champ:Circumvent","champ:PerfectedStrike"],"picked":"Singing Bowl","floor":31},{"not_picked":["champ:Backstep","champ:Devastate","champ:DefensiveShout+1"],"picked":"Singing Bowl","floor":32},{"not_picked":["champ:StrikeOfGenius","champ:MurderStrike","champ:Improvising"],"picked":"Singing Bowl","floor":33},{"not_picked":["champ:FancyFootwork","champ:FlashCut","champ:ShieldWall"],"picked":"Singing Bowl","floor":36},{"not_picked":["champ:HeartStrike+1","champ:TornadoPunch+1","champ:SetATrap"],"picked":"Singing Bowl","floor":37}],"player_experience":921647,"relics_obtained":[{"floor":7,"key":"champ:FightingForDummies"},{"floor":11,"key":"MealTicket"},{"floor":13,"key":"Letter Opener"},{"floor":23,"key":"Singing Bowl"},{"floor":24,"key":"Orichalcum"},{"floor":26,"key":"Pen Nib"}],"event_choices":[{"damage_healed":0,"gold_gain":0,"player_choice":"Success","damage_taken":7,"relics_obtained":["Sundial"],"max_hp_gain":0,"max_hp_loss":0,"event_name":"Scrap Ooze","floor":9,"gold_loss":0}],"is_beta":false,"boss_relics":[{"not_picked":["Cursed Key","Runic Dome"],"picked":"Philosopher\u0027s Stone"},{"not_picked":["Calling Bell","Velvet Choker"],"picked":"Runic Pyramid"}],"items_purged_floors":[12,29],"is_endless":false,"potions_floor_spawned":[2,11,13,19,22,31,33,36],"killed_by":"Writhing Mass","ascension_level":1}}