{"host":"o3b7ow6d1xe49css","time":1613019522,"event":{"mods":["Act Like it!","Aspiration","BaseMod","Bestiary","Better Altar","Better Match","Better Note","Better Sensory Stone","Better Skull","Better Third Choice","Colored Powertips","Conspire","Energized Spire","GifTheSpireLib","Halation","Hermit","Hubris","Infinite Spire","Lobotomy","Minty Spire (QoL Compilation)","Quick Restart","Rare Cards Sparkle","Relic Filter Mod","Reliquary","Replay The Spire","Spicy Shops","Spikes Relics","Spire Arcade","StSLib","Stuff the Spire","The Blue Laboratory","Wandering Minibosses"],"gold_per_floor":[117,130,145,145,145,145,145,145],"floor_reached":7,"language":"ENG","playtime":204,"items_purged":[],"score":51,"play_id":"ecc96c43-2694-40a8-ab38-4d657b163e9c","local_time":"20210210195842","daily_mods":["Heirloom","Flight"],"is_ascension_mode":true,"campfire_choices":[{"data":"hermit:CursedWeapon","floor":6,"key":"SMITH"}],"circlet_count":0,"master_deck":["hermit:Strike_Hermit","hermit:Strike_Hermit","hermit:Strike_Hermit","hermit:Strike_Hermit","hermit:Defend_Hermit","hermit:Defend_Hermit","hermit:Defend_Hermit","hermit:Defend_Hermit","hermit:Snapshot","hermit:Covet","hermit:BodyArmor","UniverseFragment","hermit:CursedWeapon+1","Injury"],"relics":["hermit:Momento","Ring of Chaos","CogitoBucket","aspiration:AnachronicSnailShell","Golden Idol","halation:EternalFortune"],"acts_visited":["Exordium"],"potions_floor_usage":[7,7],"damage_taken":[{"damage":1,"enemies":"conspire:RoseBush","floor":1,"turns":3},{"damage":4,"enemies":"Small Slimes","floor":2,"turns":5},{"damage":0,"enemies":"2 Louse","floor":3,"turns":3},{"damage":18,"enemies":"Gremlin Nob","floor":7,"turns":6}],"seed_played":"4151895322418241710","potions_obtained":[{"floor":1,"key":"blueLaboratory:BottleOfVodka"},{"floor":3,"key":"blueLaboratory:BubblePotion"}],"is_trial":true,"path_per_floor":["M","M","M","?","?","R","E"],"character_chosen":"HERMIT","items_purchased":[],"campfire_rested":0,"item_purchase_floors":[],"current_hp_per_floor":[74,70,70,70,73,73,55,55],"gold":145,"neow_bonus":"","is_daily":false,"chose_seed":false,"campfire_upgraded":1,"win_rate":0.0,"timestamp":1613019522,"path_taken":["M","M","M","?","?","R","E"],"items_purchased_type":[],"build_version":"2020-12-22","purchased_purges":0,"victory":false,"max_hp_per_floor":[75,75,75,75,78,78,78,78],"card_choices":[{"not_picked":["hermit:Showdown","hermit:TrackingShot"],"picked":"hermit:BodyArmor","floor":1},{"not_picked":["OldLady","WallGazer","Wellcheers"],"picked":"Singing Bowl","floor":1},{"not_picked":["QueenOfHatred","SpiderBud"],"picked":"UniverseFragment","floor":1},{"not_picked":["SnowQueen","BigBird","HeroicMonk"],"picked":"Singing Bowl","floor":2},{"not_picked":["hermit:HighCaliber","hermit:Headshot","hermit:Midnight"],"picked":"SKIP","floor":2},{"not_picked":["hermit:Vantage","hermit:Manifest"],"picked":"hermit:CursedWeapon","floor":3},{"not_picked":["Alriune","LongBird","SpiderBud"],"picked":"Singing Bowl","floor":3}],"player_experience":1357005,"relics_obtained":[],"event_choices":[{"damage_healed":0,"gold_gain":0,"player_choice":"Take Wound","damage_taken":0,"relics_obtained":["Golden Idol"],"max_hp_gain":0,"max_hp_loss":0,"event_name":"Golden Idol","floor":4,"gold_loss":0,"cards_obtained":["Injury"]}],"is_beta":false,"boss_relics":[],"items_purged_floors":[],"is_endless":false,"potions_floor_spawned":[1,3],"killed_by":"Gremlin Nob","ascension_level":5}}