{"host":"soyfmymeou4emntr","time":1613029551,"event":{"mods":["BaseMod","Minty Spire (QoL Compilation)","Permanent Neow","Relic Sorter","Relic Stats","StSLib"],"gold_per_floor":[119,119,10,22,38,38,63,76,103,115,150,150,196,211,211,307,307,321,321,344,368,30,30,63,84,84,125,125,146,159,159,159,159,159],"floor_reached":33,"language":"ENG","playtime":3619,"items_purged":[],"score":748,"play_id":"5c6edb86-ff95-4714-a751-63ab11e8b523","local_time":"20210211004551","is_ascension_mode":true,"campfire_choices":[{"data":"Adaptation","floor":6.0,"key":"SMITH"},{"data":"Devotion","floor":15.0,"key":"SMITH"},{"data":"CrushJoints","floor":23.0,"key":"SMITH"},{"floor":28,"key":"REST"},{"floor":32,"key":"REST"}],"circlet_count":0,"master_deck":["AscendersBane","Strike_P","Strike_P","Strike_P","Strike_P","Defend_P","Defend_P","Defend_P","Eruption+1","Vigilance","Adaptation+1","Prostrate","CrushJoints+1","EmptyMind+1","SashWhip","CutThroughFate","ThirdEye","FlurryOfBlows+1","Devotion+1","EmptyFist","Brilliance","ThirdEye","CarveReality+1","LessonLearned","Halt","Vault","Protect+1","Wireheading","Consecrate","Weave+1"],"relics":["PureWater","Damaru","Toy Ornithopter","Boot","Golden Idol","Omamori","Calling Bell","MealTicket","Mummified Hand","Prayer Wheel","Anchor","Vajra","Toxic Egg 2","Unceasing Top","WarpedTongs"],"acts_visited":["Exordium","TheCity"],"potions_floor_usage":[27],"damage_taken":[{"damage":0.0,"enemies":"2 Louse","floor":1.0,"turns":2.0},{"damage":0.0,"enemies":"Cultist","floor":4.0,"turns":3.0},{"damage":2.0,"enemies":"Jaw Worm","floor":5.0,"turns":3.0},{"damage":12.0,"enemies":"Lagavulin","floor":7.0,"turns":4.0},{"damage":1.0,"enemies":"Blue Slaver","floor":8.0,"turns":3.0},{"damage":0.0,"enemies":"Large Slime","floor":10.0,"turns":3.0},{"damage":0.0,"enemies":"Gremlin Nob","floor":11.0,"turns":2.0},{"damage":0.0,"enemies":"Red Slaver","floor":14.0,"turns":1.0},{"damage":8.0,"enemies":"Hexaghost","floor":16.0,"turns":6.0},{"damage":16.0,"enemies":"Spheric Guardian","floor":18.0,"turns":4.0},{"damage":7.0,"enemies":"2 Thieves","floor":20.0,"turns":3.0},{"damage":20.0,"enemies":"3 Cultists","floor":21.0,"turns":5.0},{"damage":24.0,"enemies":"Slavers","floor":24.0,"turns":5.0},{"damage":0.0,"enemies":"Snake Plant","floor":25.0,"turns":2.0},{"damage":0,"enemies":"Gremlin Leader","floor":27,"turns":3},{"damage":12,"enemies":"Cultist and Chosen","floor":29,"turns":6},{"damage":14,"enemies":"Chosen and Byrds","floor":30,"turns":5},{"damage":58,"enemies":"Automaton","floor":33,"turns":7}],"seed_played":"3574147536038355140","potions_obtained":[{"floor":7.0,"key":"Block Potion"},{"floor":8.0,"key":"AttackPotion"},{"floor":16.0,"key":"Swift Potion"},{"floor":18.0,"key":"ColorlessPotion"},{"floor":20.0,"key":"DuplicationPotion"},{"floor":25.0,"key":"PowerPotion"}],"is_trial":false,"path_per_floor":["M","?","$","M","M","R","E","M","T","M","E","?","T","M","R","B",null,"M","?","M","M","$","R","E","M","T","E","R","M","M","?","R","B"],"character_chosen":"WATCHER","items_purchased":["CrushJoints","Block Potion","LessonLearned","Anchor"],"campfire_rested":2,"item_purchase_floors":[3,3,22,22],"current_hp_per_floor":[61,61,61,61,59,59,47,46,46,46,51,51,51,51,51,48,59,43,43,41,26,41,41,22,22,22,27,45,33,19,19,37,0,0],"gold":159,"neow_bonus":"UPGRADE_CARD","is_daily":false,"chose_seed":false,"campfire_upgraded":3,"win_rate":0.0,"timestamp":1613029551,"path_taken":["M","?","?","M","M","R","E","M","T","M","E","?","?","M","R","BOSS","M","?","M","M","$","R","E","M","T","E","R","M","M","?","R","BOSS"],"items_purchased_type":["Card","Potion","Card","Relic"],"build_version":"2020-12-22","purchased_purges":0,"victory":false,"max_hp_per_floor":[68,68,68,68,68,68,68,68,68,68,68,62,62,62,62,62,62,62,62,62,62,62,62,62,62,62,62,62,62,62,62,62,62,62],"relic_stats":{"counters":[18,67],"Golden Idol":61,"Mummified Hand":[21],"MealTicket":15,"Prayer Wheel":6,"Boot":[15],"obtain_stats":[{"Golden Idol":12,"Damaru":7,"Vajra":24,"Omamori":13,"Boot":11,"WarpedTongs":31,"Calling Bell":17,"Anchor":22,"Mummified Hand":17,"MealTicket":17,"Prayer Wheel":17,"PureWater":0,"Toxic Egg 2":26,"Toy Ornithopter":9,"Unceasing Top":27},{"Golden Idol":7,"Damaru":4,"Vajra":13,"Omamori":7,"Boot":7,"WarpedTongs":17,"Calling Bell":9,"Anchor":12,"Mummified Hand":9,"MealTicket":9,"Prayer Wheel":9,"PureWater":0,"Toxic Egg 2":14,"Toy Ornithopter":5,"Unceasing Top":15},{"Golden Idol":20,"Damaru":12,"Vajra":44,"Omamori":20,"Boot":20,"WarpedTongs":60,"Calling Bell":27,"Anchor":39,"Mummified Hand":27,"MealTicket":27,"Prayer Wheel":27,"PureWater":0,"Toxic Egg 2":46,"Toy Ornithopter":15,"Unceasing Top":49}],"Toy Ornithopter":30,"Unceasing Top":[1],"WarpedTongs":[7]},"card_choices":[{"not_picked":["CutThroughFate","ClearTheMind"],"picked":"Adaptation","floor":1.0},{"not_picked":["Evaluate","WreathOfFlame"],"picked":"EmptyMind","floor":4.0},{"not_picked":["PathToVictory","Collect"],"picked":"SashWhip","floor":5.0},{"not_picked":["ClearTheMind","ReachHeaven"],"picked":"CutThroughFate","floor":7.0},{"not_picked":["CutThroughFate","ForeignInfluence"],"picked":"ThirdEye","floor":8.0},{"not_picked":["BattleHymn","EmptyBody"],"picked":"FlurryOfBlows","floor":10.0},{"not_picked":["LikeWater","JustLucky"],"picked":"Devotion","floor":11.0},{"not_picked":["Crescendo","SandsOfTime"],"picked":"EmptyFist","floor":14.0},{"not_picked":["MasterReality","SpiritShield"],"picked":"Brilliance","floor":16.0},{"not_picked":["JustLucky","FollowUp","CrushJoints"],"picked":"SKIP","floor":18.0},{"not_picked":["PathToVictory","SashWhip","Evaluate"],"picked":"SKIP","floor":18.0},{"not_picked":["Perseverance","Protect"],"picked":"ThirdEye","floor":20.0},{"not_picked":["JustLucky","PathToVictory","CrushJoints"],"picked":"SKIP","floor":20.0},{"not_picked":["Prostrate","EmptyBody"],"picked":"CarveReality+1","floor":21.0},{"not_picked":["MasterReality","JustLucky","Crescendo"],"picked":"SKIP","floor":21.0},{"not_picked":["FlurryOfBlows","BowlingBash"],"picked":"Halt","floor":24.0},{"not_picked":["Consecrate+1","FollowUp"],"picked":"Vault","floor":25.0},{"not_picked":["SashWhip","WaveOfTheHand","BattleHymn"],"picked":"SKIP","floor":25.0},{"not_picked":["EmptyMind+1","InnerPeace+1"],"picked":"Protect+1","floor":27},{"not_picked":["Swivel+1","Collect+1"],"picked":"Wireheading","floor":29},{"not_picked":["CarveReality","Indignation+1"],"picked":"Consecrate","floor":29},{"not_picked":["EmptyMind+1","Fasting2"],"picked":"Weave+1","floor":30},{"not_picked":["FollowUp","BowlingBash","ForeignInfluence+1"],"picked":"SKIP","floor":30}],"player_experience":3226307,"relics_obtained":[{"floor":7.0,"key":"Damaru"},{"floor":9.0,"key":"Toy Ornithopter"},{"floor":11.0,"key":"Boot"},{"floor":13.0,"key":"Omamori"},{"floor":17.0,"key":"MealTicket"},{"floor":17.0,"key":"Mummified Hand"},{"floor":17.0,"key":"Prayer Wheel"},{"floor":24.0,"key":"Vajra"},{"floor":26,"key":"Toxic Egg 2"},{"floor":27,"key":"Unceasing Top"}],"event_choices":[{"damage_healed":0.0,"max_hp_gain":0.0,"max_hp_loss":0.0,"gold_gain":0.0,"cards_transformed":["Defend_P"],"event_name":"Transmorgrifier","player_choice":"Transformed","floor":2.0,"gold_loss":0.0,"damage_taken":0.0,"cards_obtained":["Prostrate"]},{"damage_healed":0.0,"max_hp_gain":0.0,"max_hp_loss":6.0,"gold_gain":0.0,"event_name":"Golden Idol","player_choice":"Lose Max HP","floor":12.0,"gold_loss":0.0,"damage_taken":0.0,"relics_obtained":["Golden Idol"]},{"damage_healed":0.0,"max_hp_gain":0.0,"max_hp_loss":0.0,"gold_gain":0.0,"event_name":"Beggar","player_choice":"Ignored","floor":19.0,"gold_loss":0.0,"damage_taken":0.0},{"damage_healed":0,"gold_gain":0,"player_choice":"Rummage","damage_taken":0,"relics_obtained":["WarpedTongs"],"max_hp_gain":0,"max_hp_loss":0,"event_name":"Accursed Blacksmith","floor":31,"gold_loss":0,"cards_obtained":["Pain"]}],"is_beta":false,"boss_relics":[{"not_picked":["Astrolabe","Coffee Dripper"],"picked":"Calling Bell"}],"items_purged_floors":[],"is_endless":false,"potions_floor_spawned":[7,8,10,16,18,20,25],"killed_by":"Automaton","ascension_level":20}}