{"host":"o0q01dgb4z8zpo6o","time":1613032056,"event":{"mods":["BaseMod","GifTheSpireLib","Minty Spire (QoL Compilation)","Relic Stats","StSLib"],"gold_per_floor":[110,71,71,89,89,89,120,131,131,166,177,197,209,53,53,127,127,141,152,165,182,182,182,196,196,221,221,221,254,274,8,8,85,85,103,103,118,168,181,214,214,214,241,241,266,141,0,29,29,29,29,29,29,29,59,59,59],"floor_reached":56,"language":"ENG","playtime":4531,"items_purged":["Strike_G","Strike_G+1","Strike_G+1"],"score":2330,"play_id":"f4dd167b-2548-4f97-a1c3-b62f4891df3e","local_time":"20210211002736","is_ascension_mode":true,"campfire_choices":[{"data":"Infinite Blades","floor":6.0,"key":"SMITH"},{"data":"Noxious Fumes","floor":15.0,"key":"SMITH"},{"data":"Footwork","floor":23.0,"key":"SMITH"},{"data":"Envenom","floor":27.0,"key":"SMITH"},{"data":"Accuracy","floor":32.0,"key":"SMITH"},{"floor":41.0,"key":"RECALL"},{"data":"Backstab","floor":44.0,"key":"SMITH"},{"data":"Survivor","floor":49.0,"key":"SMITH"},{"data":"Flying Knee","floor":53,"key":"SMITH"}],"circlet_count":0,"master_deck":["AscendersBane","Strike_G+1","Defend_G+1","Defend_G+1","Defend_G+1","Defend_G+1","Defend_G+1","Survivor+1","Neutralize+1","Infinite Blades+1","Accuracy+1","Flying Knee+1","Footwork+1","Leg Sweep+1","PiercingWail+1","Blade Dance+1","Calculated Gamble+1","Dodge and Roll+1","Noxious Fumes+1","Envenom+1","Backflip+1","Leg Sweep+1","Backstab+1","Deflect+1","Cloak And Dagger+1","Venomology+1","Distraction+1","Terror+1","PiercingWail+1","Catalyst+1","Burst+1"],"relics":["Ring of the Snake","NeowsBlessing","Dead Branch","Toxic Egg 2","Gambling Chip","StrikeDummy","Coffee Dripper","Orichalcum","FaceOfCleric","Gremlin Horn","MealTicket","WristBlade","StoneCalendar","Juzu Bracelet","Bag of Preparation","Red Mask","Boot","Vajra"],"acts_visited":["Exordium","TheCity","TheBeyond","TheEnding"],"potions_floor_usage":[51,51,55,56],"damage_taken":[{"damage":0.0,"enemies":"2 Louse","floor":1.0,"turns":1.0},{"damage":0.0,"enemies":"Jaw Worm","floor":4.0,"turns":1.0},{"damage":0.0,"enemies":"3 Sentries","floor":7.0,"turns":2.0},{"damage":0.0,"enemies":"Cultist","floor":8.0,"turns":4.0},{"damage":0.0,"enemies":"Gremlin Nob","floor":10.0,"turns":3.0},{"damage":3.0,"enemies":"Gremlin Gang","floor":11.0,"turns":6.0},{"damage":0.0,"enemies":"Exordium Thugs","floor":12.0,"turns":3.0},{"damage":0.0,"enemies":"2 Fungi Beasts","floor":13.0,"turns":2.0},{"damage":4.0,"enemies":"Slime Boss","floor":16.0,"turns":7.0},{"damage":0.0,"enemies":"3 Byrds","floor":18.0,"turns":4.0},{"damage":0.0,"enemies":"Spheric Guardian","floor":19.0,"turns":4.0},{"damage":8.0,"enemies":"Snake Plant","floor":20.0,"turns":4.0},{"damage":7.0,"enemies":"Centurion and Healer","floor":21.0,"turns":7.0},{"damage":14.0,"enemies":"Shelled Parasite and Fungi","floor":24.0,"turns":4.0},{"damage":0.0,"enemies":"Gremlin Leader","floor":29.0,"turns":5.0},{"damage":0.0,"enemies":"3 Cultists","floor":30.0,"turns":3.0},{"damage":0.0,"enemies":"Collector","floor":33.0,"turns":8.0},{"damage":4.0,"enemies":"3 Darklings","floor":35.0,"turns":4.0},{"damage":0.0,"enemies":"Orb Walker","floor":37.0,"turns":1.0},{"damage":0.0,"enemies":"2 Orb Walkers","floor":38.0,"turns":1.0},{"damage":0.0,"enemies":"3 Darklings","floor":39.0,"turns":4.0},{"damage":0.0,"enemies":"Reptomancer","floor":40.0,"turns":2.0},{"damage":7.0,"enemies":"Nemesis","floor":45.0,"turns":7.0},{"damage":0.0,"enemies":"Giant Head","floor":48.0,"turns":4.0},{"damage":7.0,"enemies":"Awakened One","floor":50.0,"turns":8.0},{"damage":34,"enemies":"Time Eater","floor":51,"turns":8},{"damage":25,"enemies":"Shield and Spear","floor":55,"turns":6},{"damage":54,"enemies":"The Heart","floor":56,"turns":3}],"seed_played":"6994275974833592471","potions_obtained":[{"floor":1.0,"key":"CunningPotion"},{"floor":4.0,"key":"Dexterity Potion"},{"floor":8.0,"key":"Strength Potion"},{"floor":12.0,"key":"PowerPotion"},{"floor":21.0,"key":"DuplicationPotion"},{"floor":37.0,"key":"CunningPotion"},{"floor":45.0,"key":"SkillPotion"},{"floor":48.0,"key":"SkillPotion"}],"is_trial":false,"path_per_floor":["M","$","?","M","?","R","E","M","T","E","M","M","M","$","R","B",null,"M","M","M","M","?","R","M","?","T","R","?","E","M","$","R","B",null,"M","?","M","?","M","E","R","?","T","R","E","$","?","E","R","B","B",null,"R","$","E","B"],"character_chosen":"THE_SILENT","items_purchased":["Accuracy","Noxious Fumes","MealTicket"],"campfire_rested":0,"item_purchase_floors":[2,14,31],"current_hp_per_floor":[59,59,59,59,59,59,59,59,59,59,56,56,56,56,56,52,63,63,63,55,48,48,48,34,34,34,34,34,35,36,36,36,37,61,58,58,59,60,61,62,62,62,62,62,56,71,71,72,72,66,33,67,67,78,54,0,0],"gold":59,"neow_bonus":"THREE_ENEMY_KILL","is_daily":false,"chose_seed":false,"campfire_upgraded":8,"win_rate":0.0,"timestamp":1613032056,"path_taken":["M","$","?","M","?","R","E","M","T","E","M","M","?","$","R","BOSS","M","M","?","M","?","R","M","?","T","R","?","E","?","?","R","BOSS","M","?","M","?","M","E","R","?","T","R","E","$","?","E","R","BOSS","BOSS","R","$","E","BOSS"],"items_purchased_type":["Card","Card","Relic"],"build_version":"2020-12-22","purchased_purges":3,"victory":false,"max_hp_per_floor":[66,66,66,66,66,66,66,66,66,66,66,66,66,66,66,66,66,66,66,66,66,66,66,66,66,66,66,66,67,68,68,68,69,69,70,70,71,72,73,74,74,74,74,74,75,75,75,76,76,77,78,78,78,78,79,79,79],"relic_stats":{"Gremlin Horn":[18,18],"counters":[28,116],"Dead Branch":[368],"StoneCalendar":[104],"Juzu Bracelet":0,"Bag of Preparation":[10],"Orichalcum":[66],"Boot":[0],"FaceOfCleric":13,"Gambling Chip":[80],"MealTicket":26,"obtain_stats":[{"NeowsBlessing":0,"Gremlin Horn":29,"Dead Branch":5,"Vajra":55,"StoneCalendar":38,"Juzu Bracelet":40,"Bag of Preparation":45,"Orichalcum":26,"Boot":48,"FaceOfCleric":28,"WristBlade":34,"Gambling Chip":9,"MealTicket":31,"Coffee Dripper":17,"Red Mask":47,"Toxic Egg 2":7,"StrikeDummy":10,"Ring of the Snake":0},{"NeowsBlessing":0,"Gremlin Horn":15,"Dead Branch":2,"Vajra":27,"StoneCalendar":20,"Juzu Bracelet":22,"Bag of Preparation":23,"Orichalcum":14,"Boot":24,"FaceOfCleric":14,"WristBlade":17,"Gambling Chip":4,"MealTicket":16,"Coffee Dripper":9,"Red Mask":23,"Toxic Egg 2":3,"StrikeDummy":5,"Ring of the Snake":0},{"NeowsBlessing":0,"Gremlin Horn":57,"Dead Branch":2,"Vajra":113,"StoneCalendar":74,"Juzu Bracelet":80,"Bag of Preparation":87,"Orichalcum":52,"Boot":91,"FaceOfCleric":52,"WristBlade":68,"Gambling Chip":8,"MealTicket":60,"Coffee Dripper":29,"Red Mask":87,"Toxic Egg 2":4,"StrikeDummy":11,"Ring of the Snake":0}],"Ring of the Snake":[56]},"card_choices":[{"not_picked":["Backflip","Prepared"],"picked":"Infinite Blades","floor":1.0},{"not_picked":["Expertise","Crippling Poison"],"picked":"Flying Knee","floor":4.0},{"not_picked":["Caltrops","Bouncing Flask+1"],"picked":"Footwork","floor":7.0},{"not_picked":["Blade Dance+1","Doppelganger+1"],"picked":"Leg Sweep+1","floor":8.0},{"not_picked":["Riddle With Holes","Well Laid Plans"],"picked":"PiercingWail+1","floor":10.0},{"not_picked":["Choke","Quick Slash"],"picked":"Blade Dance+1","floor":11.0},{"not_picked":["All Out Attack","Deadly Poison+1"],"picked":"Calculated Gamble+1","floor":12.0},{"not_picked":["Cloak And Dagger+1","All Out Attack"],"picked":"Dodge and Roll+1","floor":13.0},{"not_picked":["Tools of the Trade","Night Terror+1"],"picked":"Envenom","floor":16.0},{"not_picked":["Dodge and Roll+1","Dagger Spray"],"picked":"Backflip+1","floor":18.0},{"not_picked":["Sucker Punch","Bane","Outmaneuver+1"],"picked":"SKIP","floor":19.0},{"not_picked":["Acrobatics+1","Setup+1"],"picked":"Leg Sweep+1","floor":20.0},{"not_picked":["Escape Plan+1","Deflect+1"],"picked":"Backstab","floor":21.0},{"not_picked":["Bane","PiercingWail+1"],"picked":"Deflect+1","floor":24.0},{"not_picked":["Eviscerate","Backflip+1"],"picked":"Cloak And Dagger+1","floor":29.0},{"not_picked":["Dagger Spray","Sucker Punch","Poisoned Stab"],"picked":"SKIP","floor":30.0},{"not_picked":["Die Die Die","Glass Knife"],"picked":"Venomology+1","floor":33.0},{"not_picked":["Underhanded Strike","Bane","Poisoned Stab"],"picked":"SKIP","floor":35.0},{"not_picked":["Underhanded Strike","Expertise+1"],"picked":"Distraction+1","floor":37.0},{"not_picked":["Tactician+1","Predator+1"],"picked":"Terror+1","floor":39.0},{"not_picked":["Distraction+1","Tactician+1"],"picked":"PiercingWail+1","floor":40.0},{"not_picked":["Leg Sweep+1","Skewer+1"],"picked":"Catalyst+1","floor":45.0},{"not_picked":["Dagger Throw","Outmaneuver+1","Poisoned Stab"],"picked":"SKIP","floor":48.0},{"not_picked":["Flying Knee","Backflip+1"],"picked":"Burst+1","floor":55}],"player_experience":1212632,"relics_obtained":[{"floor":7.0,"key":"Toxic Egg 2"},{"floor":9.0,"key":"Gambling Chip"},{"floor":10.0,"key":"StrikeDummy"},{"floor":26.0,"key":"Orichalcum"},{"floor":29.0,"key":"Gremlin Horn"},{"floor":38.0,"key":"StoneCalendar"},{"floor":40.0,"key":"Juzu Bracelet"},{"floor":45.0,"key":"Bag of Preparation"},{"floor":48.0,"key":"Boot"},{"floor":55,"key":"Vajra"}],"event_choices":[{"damage_healed":0.0,"max_hp_gain":0.0,"max_hp_loss":0.0,"gold_gain":0.0,"event_name":"Liars Game","player_choice":"Ignored","floor":3.0,"gold_loss":0.0,"damage_taken":0.0},{"damage_healed":0.0,"max_hp_gain":0.0,"max_hp_loss":0.0,"gold_gain":0.0,"event_name":"WeMeetAgain","player_choice":"Gave Potion","floor":5.0,"gold_loss":0.0,"damage_taken":0.0,"relics_obtained":["Dead Branch"]},{"damage_healed":0.0,"max_hp_gain":0.0,"max_hp_loss":0.0,"gold_gain":0.0,"event_name":"Cursed Tome","player_choice":"Ignored","floor":22.0,"gold_loss":0.0,"damage_taken":0.0},{"damage_healed":0.0,"max_hp_gain":0.0,"max_hp_loss":0.0,"gold_gain":0.0,"event_name":"Back to Basics","player_choice":"Simplicity","floor":25.0,"gold_loss":0.0,"damage_taken":0.0,"cards_upgraded":["Strike_G","Strike_G","Strike_G","Strike_G","Defend_G","Defend_G","Defend_G","Defend_G","Defend_G"]},{"damage_healed":0.0,"max_hp_gain":0.0,"max_hp_loss":0.0,"gold_gain":0.0,"event_name":"FaceTrader","player_choice":"Trade","floor":28.0,"gold_loss":0.0,"damage_taken":0.0,"relics_obtained":["FaceOfCleric"]},{"damage_healed":0.0,"max_hp_gain":0.0,"max_hp_loss":0.0,"gold_gain":0.0,"event_name":"Accursed Blacksmith","player_choice":"Forge","floor":36.0,"gold_loss":0.0,"damage_taken":0.0,"cards_upgraded":["Neutralize"]},{"damage_healed":0.0,"max_hp_gain":0.0,"max_hp_loss":0.0,"gold_gain":0.0,"event_name":"Mysterious Sphere","player_choice":"Fight","floor":38.0,"gold_loss":0.0,"damage_taken":0.0},{"cards_removed":["Strike_G"],"damage_healed":0.0,"max_hp_gain":0.0,"max_hp_loss":0.0,"gold_gain":0.0,"event_name":"Falling","player_choice":"Removed Attack","floor":42.0,"gold_loss":0.0,"damage_taken":0.0},{"damage_healed":0.0,"max_hp_gain":0.0,"max_hp_loss":0.0,"gold_gain":0.0,"event_name":"Tomb of Lord Red Mask","player_choice":"Paid","floor":47.0,"gold_loss":141.0,"damage_taken":0.0,"relics_obtained":["Red Mask"]}],"is_beta":false,"boss_relics":[{"not_picked":["HoveringKite","Empty Cage"],"picked":"Coffee Dripper"},{"not_picked":["Ring of the Serpent","Tiny House"],"picked":"WristBlade"}],"items_purged_floors":[14,31,46],"is_endless":false,"potions_floor_spawned":[1,4,8,12,13,16,18,21,24,33,37,39,45,48],"killed_by":"The Heart","ascension_level":20}}