{"host":"yrtk68ixj64vhhh3","time":1613040857,"event":{"mods":["2.2 Compatiblity","AchievementEnabler","Aspiration","BaseMod","Better Altar","Better Match","Better Note","Better Silent Start","Better Skull","Better Third Choice","Colored Map","Colored Powertips","Conspire","Dio Mod","Downfall","Energized Spire","Hubris","Infinite Spire","Minty Spire (QoL Compilation)","Prisma Mod","RNG Fix","Random Character Button","Random Character Mod","Reliquary","StSLib","Steal the Spire","Td1madao Mod","The Animator","The Bug Knight","The Mystic","The Poker Player","The Wild Card","TheHero","TheSwordswoman","TheVelvet"],"gold_per_floor":[117,117,117,141,157,157,157,198,198,216,239,32,63,83,83,211,211,226,226,226,239,252,252,266,284,330,346,346,346,396,409,409,504,504,516,526,546,563,563,563,594,605,683,683,696,495,495,310,310,360,360],"floor_reached":50,"language":"ENG","playtime":5990,"items_purged":["Regret"],"score":669,"play_id":"30aabda5-9867-4201-92fd-eb91da714d44","local_time":"20210211235417","is_ascension_mode":true,"campfire_choices":[{"data":"PrismaMod:MiyuCheapChannelDefend","floor":6.0,"key":"SMITH"},{"data":"infinitespire:Starlight","floor":15.0,"key":"SMITH"},{"floor":23.0,"key":"RECALL"},{"data":"PrismaMod:MiyuUncommonDefend","floor":29,"key":"SMITH"},{"floor":32,"key":"REST"},{"data":"infinitespire:Fortify","floor":40,"key":"SMITH"},{"data":"PrismaMod:MiyuCheapPlate","floor":44,"key":"SMITH"},{"data":"PrismaMod:MiyuUncommonStrBuff","floor":47,"key":"SMITH"},{"data":"Magnetism","floor":49,"key":"SMITH"}],"circlet_count":0,"master_deck":["PrismaMod:MiyuCommonDefend","PrismaMod:MiyuCommonDefend","PrismaMod:MiyuCommonDefend","PrismaMod:MiyuCommonDefend","PrismaMod:MiyuCommonDefend","PrismaMod:MiyuCommonAttack+1","PrismaMod:MiyuCommonAttack","PrismaMod:MiyuCommonAttack","PrismaMod:MiyuCommonAttack","PrismaMod:MiyuCommonAttack","PrismaMod:MiyuCheapChannelAttack","PrismaMod:MiyuCheapChannelDefend+1","PrismaMod:MiyuUncommonDefend+1","Injury","infinitespire:Starlight+1","PrismaMod:MiyuCheapAttack2","PrismaMod:MiyuCommonAOEAttack","PrismaMod:MiyuAttackChannelVul","PrismaMod:MiyuUncommonDexBuff","PrismaMod:MiyuUberAOEAttack","PrismaMod:MiyuCheapStrBuff","PrismaMod:MiyuUberAttack","PrismaMod:MiyuCheapDexBuff","PrismaMod:MiyuCarnivalDefend","PrismaMod:MiyuCheapStrBuff+1","PrismaMod:MiyuCheapPlate","PrismaMod:MiyuCheapStrBuff","PrismaMod:MiyuCheapDexBuff+1","PrismaMod:MiyuUberAttack","infinitespire:Fortify+1","PrismaMod:MiyuEvokeAllAttack","infinitespire:FinalStrike","PrismaMod:MiyuUberAOEAttack","PrismaMod:MiyuDefendChannelDefend","PrismaMod:MiyuEvokeCheapAttack+1","PrismaMod:MiyuDefenseExplosion","Parasite","PrismaMod:MiyuCheapAttack1+1","PrismaMod:MiyuCheapPlate+1","PrismaMod:MiyuBride","PrismaMod:MiyuUncommonDexBuff+1","PrismaMod:MiyuUncommonStrBuff+1","PrismaMod:MiyuCarnivalAttack+1","PrismaMod:MiyuEvokeAll","Magnetism+1"],"relics":["PrismaMod:PrismaSapphire","reliquary:SilkGlove","Blood Vial","Pear","hubris:Metronome","aspiration:SecretTechniqueScroll","Nloth\u0027s Gift","hubris:MedicalManual","Tiny House","energizedSpire:OgreHead","hubris:Icosahedron","reliquary:FeatherDuster","Molten Egg 2"],"acts_visited":["Exordium","TheCity","TheBeyond"],"potions_floor_usage":[33,33,33,33,33,33,33,33,33,41,50,50,50],"damage_taken":[{"damage":4.0,"enemies":"2 Louse","floor":1.0,"turns":4.0},{"damage":0.0,"enemies":"Cultist","floor":4.0,"turns":6.0},{"damage":4.0,"enemies":"Small Slimes","floor":5.0,"turns":4.0},{"damage":16.0,"enemies":"Lagavulin","floor":8.0,"turns":15.0},{"damage":13.0,"enemies":"2 Fungi Beasts","floor":10.0,"turns":3.0},{"damage":5.0,"enemies":"Looter","floor":11.0,"turns":4.0},{"damage":0.0,"enemies":"3 Sentries","floor":13.0,"turns":7.0},{"damage":0.0,"enemies":"3 Louse","floor":14.0,"turns":2.0},{"damage":23.0,"enemies":"The Guardian","floor":16.0,"turns":9.0},{"damage":3.0,"enemies":"conspire:FuzzyDice","floor":18.0,"turns":9.0},{"damage":21.0,"enemies":"3 Byrds","floor":21.0,"turns":4.0},{"damage":10.0,"enemies":"Snecko","floor":22.0,"turns":7.0},{"damage":35.0,"enemies":"Cultist and Chosen","floor":24.0,"turns":8.0},{"damage":15.0,"enemies":"Centurion and Healer","floor":25.0,"turns":9.0},{"damage":20,"enemies":"Sentry and Sphere","floor":27,"turns":8},{"damage":19,"enemies":"Snake Plant","floor":31,"turns":6},{"damage":0,"enemies":"Champ","floor":33,"turns":10},{"damage":32,"enemies":"3 Shapes","floor":35,"turns":5},{"damage":16,"enemies":"Orb Walker","floor":36,"turns":3},{"damage":4,"enemies":"Writhing Mass","floor":37,"turns":8},{"damage":17,"enemies":"3 Darklings","floor":38,"turns":7},{"damage":3,"enemies":"Giant Head","floor":41,"turns":8},{"damage":16,"enemies":"Maw","floor":42,"turns":8},{"damage":0,"enemies":"Spire Growth","floor":45,"turns":5},{"damage":211,"enemies":"hubris:GrandSnecko","floor":50,"turns":32}],"seed_played":"-753055879299016638","potions_obtained":[{"floor":1.0,"key":"LiquidBronze"},{"floor":4.0,"key":"sneckomod:MuddlingPotion"},{"floor":10.0,"key":"SkillPotion"},{"floor":13.0,"key":"SmokeBomb"},{"floor":18.0,"key":"EssenceOfSteel"},{"floor":21.0,"key":"EntropicBrew"},{"floor":25.0,"key":"Swift Potion"},{"floor":31,"key":"Fire Potion"},{"floor":33,"key":"GamblersBrew"},{"floor":36,"key":"Explosive Potion"},{"floor":37,"key":"Explosive Potion"},{"floor":42,"key":"SkillPotion"}],"is_trial":false,"path_per_floor":["M","?","?","M","M","R","?","E","T","M","M","$","E","M","R","B",null,"M","?","?","M","M","R","M","M","T","M","?","R","AVR","M","R","B",null,"M","M","M","M","?","R","E","M","T","R","M","$","R","$","R","B"],"character_chosen":"MIYU","items_purchased":["PrismaMod:MiyuCheapStrBuff","PrismaMod:MiyuUncommonAOEAttack","PrismaMod:MiyuUncommonStrBuff","PrismaMod:MiyuCarnivalAttack+1","PrismaMod:MiyuEvokeAll","Magnetism"],"campfire_rested":1,"item_purchase_floors":[12,12,46,46,46,48],"current_hp_per_floor":[78,78,59,69,65,65,65,59,69,58,65,65,77,79,79,78,92,92,92,92,86,82,82,53,59,59,60,60,60,65,71,97,97,97,69,78,84,92,92,92,97,96,96,96,97,97,97,97,97,0,0],"gold":360,"neow_bonus":"TEN_PERCENT_HP_BONUS","is_daily":false,"chose_seed":false,"campfire_upgraded":7,"win_rate":0.0,"timestamp":1613040857,"path_taken":["M","?","?","?","M","R","?","E","T","M","M","$","E","M","R","BOSS","M","?","?","M","M","R","M","?","T","M","?","R","AVR","M","R","BOSS","M","M","M","M","?","R","E","?","T","R","M","?","R","$","R","BOSS"],"items_purchased_type":["Card","Card","Card","Card","Card","Card"],"build_version":"2020-12-22","purchased_purges":1,"victory":false,"max_hp_per_floor":[82,82,82,82,82,82,82,82,92,92,92,92,92,92,92,92,92,92,92,92,92,92,92,92,92,92,92,92,92,97,97,97,97,97,97,97,97,97,97,97,97,97,97,97,97,97,97,97,97,97,97],"card_choices":[{"not_picked":["PrismaMod:MiyuCarnivalAttack","PrismaMod:MiyuCommonAOEAttack"],"picked":"PrismaMod:MiyuUncommonDefend","floor":1.0},{"not_picked":["infinitespire:SealOfDarkness+","infinitespire:FutureSight"],"picked":"infinitespire:Starlight","floor":3.0},{"not_picked":["PrismaMod:MiyuEvokeCheapDefend","PrismaMod:MiyuCheapChannelAttack"],"picked":"PrismaMod:MiyuCheapAttack2","floor":4.0},{"not_picked":["PrismaMod:MiyuCheapChannelDefend","PrismaMod:MiyuCheapChannelWeak"],"picked":"PrismaMod:MiyuCommonAOEAttack","floor":5.0},{"not_picked":["PrismaMod:MiyuMaid","PrismaMod:MiyuEvokeBuffDex"],"picked":"PrismaMod:MiyuAttackChannelVul","floor":8.0},{"not_picked":["PrismaMod:MiyuUncommonPlate","PrismaMod:MiyuCarnivalAttack"],"picked":"PrismaMod:MiyuUncommonDexBuff","floor":10.0},{"not_picked":["PrismaMod:MiyuEvokeCheapAttack","PrismaMod:MiyuUncommonPlate"],"picked":"PrismaMod:MiyuUberAOEAttack","floor":11.0},{"not_picked":["PrismaMod:MiyuCheapAttack2","PrismaMod:MiyuEvokeCheapAttack"],"picked":"PrismaMod:MiyuUberAttack","floor":13.0},{"not_picked":["PrismaMod:MiyuCheapEvoke","PrismaMod:MiyuCheapChannelHeal"],"picked":"PrismaMod:MiyuCheapDexBuff","floor":14.0},{"not_picked":["PrismaMod:MiyuChannelDefendEvoke","PrismaMod:MiyuDefendChannelDefend"],"picked":"PrismaMod:MiyuCarnivalDefend","floor":16.0},{"not_picked":["PrismaMod:MiyuCheapAttack2","PrismaMod:MiyuMaid"],"picked":"PrismaMod:MiyuCheapStrBuff+1","floor":18.0},{"not_picked":["PrismaMod:MiyuOrbIncreasePerm+1","PrismaMod:MiyuDefenseExplosion"],"picked":"PrismaMod:MiyuCheapPlate","floor":21.0},{"not_picked":["PrismaMod:MiyuUberAttack","PrismaMod:MiyuMaid"],"picked":"PrismaMod:MiyuCheapStrBuff","floor":22.0},{"not_picked":["PrismaMod:MiyuCheapPlate+1","PrismaMod:MiyuUberAOEAttack"],"picked":"PrismaMod:MiyuCheapDexBuff+1","floor":24.0},{"not_picked":["PrismaMod:MiyuMaid","PrismaMod:MiyuCheapChannelHeal+1"],"picked":"PrismaMod:MiyuCheapChannelVul","floor":25.0},{"not_picked":["PrismaMod:MiyuEvokeBuffDex","PrismaMod:MiyuUncommonDefend"],"picked":"PrismaMod:MiyuUberAttack","floor":27},{"not_picked":["PrismaMod:MiyuUberAttack","PrismaMod:MiyuCheapAttack1"],"picked":"PrismaMod:MiyuEvokeAllAttack","floor":30},{"not_picked":["PrismaMod:MiyuCheapAttack2+1","PrismaMod:MiyuAttackChannelVul"],"picked":"PrismaMod:MiyuUberAOEAttack","floor":31},{"not_picked":["PrismaMod:MiyuBride","PrismaMod:MiyuEvokeAllAttack"],"picked":"PrismaMod:MiyuDefendChannelDefend","floor":33},{"not_picked":["PrismaMod:MiyuEvokeBuffStr+1","PrismaMod:MiyuCheapPlate"],"picked":"PrismaMod:MiyuEvokeCheapAttack+1","floor":35},{"not_picked":["PrismaMod:MiyuCheapChannelRandom+1","PrismaMod:MiyuDefenseRemoval"],"picked":"PrismaMod:MiyuDefenseExplosion","floor":36},{"not_picked":["PrismaMod:MiyuCheapChannelHeal","PrismaMod:MiyuDevil"],"picked":"PrismaMod:MiyuCheapAttack1+1","floor":37},{"not_picked":["PrismaMod:MiyuCarnivalDefend","PrismaMod:MiyuCheapEvoke+1","PrismaMod:MiyuCommonAOEAttack+1"],"picked":"SKIP","floor":38},{"not_picked":["PrismaMod:MiyuUncommonAOEAttack","PrismaMod:MiyuAttackChannelWeak+1"],"picked":"PrismaMod:MiyuCheapPlate","floor":41},{"not_picked":["PrismaMod:MiyuCheapAttack2+1","PrismaMod:MiyuCheapAttack1+1"],"picked":"PrismaMod:MiyuBride","floor":42},{"not_picked":["PrismaMod:MiyuOrbIncreasePerm+1","PrismaMod:MiyuEvokeCheapDefend"],"picked":"PrismaMod:MiyuUncommonDexBuff+1","floor":45}],"player_experience":837148,"relics_obtained":[{"floor":8.0,"key":"Blood Vial"},{"floor":9.0,"key":"Pear"},{"floor":13.0,"key":"hubris:Metronome"},{"floor":41,"key":"reliquary:FeatherDuster"},{"floor":43,"key":"Molten Egg 2"}],"event_choices":[{"damage_healed":0.0,"max_hp_gain":0.0,"max_hp_loss":0.0,"gold_gain":0.0,"event_name":"Golden Idol","player_choice":"Take Wound","floor":2.0,"gold_loss":0.0,"damage_taken":0.0,"relics_obtained":["Golden Idol"],"cards_obtained":["Injury"]},{"damage_healed":0.0,"max_hp_gain":0.0,"max_hp_loss":0.0,"gold_gain":0.0,"event_name":"Big Fish","player_choice":"Box","floor":7.0,"gold_loss":0.0,"damage_taken":0.0,"relics_obtained":["reliquary:SilkGlove"],"cards_obtained":["Regret"]},{"damage_healed":0.0,"max_hp_gain":0.0,"max_hp_loss":0.0,"gold_gain":0.0,"event_name":"N\u0027loth","player_choice":"Traded Relic","floor":19.0,"relics_lost":["Golden Idol"],"gold_loss":0.0,"damage_taken":0.0,"relics_obtained":["Nloth\u0027s Gift"]},{"damage_healed":0.0,"max_hp_gain":0.0,"max_hp_loss":0.0,"gold_gain":0.0,"event_name":"betterNote:BetterNote","player_choice":"Ignored","floor":20.0,"gold_loss":0.0,"damage_taken":0.0,"cards_obtained":["PrismaMod:MiyuCheapChannelHeal"]},{"damage_healed":0,"gold_gain":0,"player_choice":"Bought 0 Potions","damage_taken":0,"max_hp_gain":0,"max_hp_loss":0,"event_name":"The Woman in Blue","floor":28,"gold_loss":0}],"is_beta":false,"boss_relics":[{"not_picked":["conspire:SpecialSausage","reliquary:KinkedSpring"],"picked":"aspiration:SecretTechniqueScroll"},{"not_picked":["energizedSpire:NeverEndingSparkler","energizedSpire:SpiderWeb"],"picked":"energizedSpire:OgreHead"}],"items_purged_floors":[12],"is_endless":false,"potions_floor_spawned":[1,4,10,13,18,21,25,31,33,36,37,42],"killed_by":"hubris:GrandSnecko","ascension_level":2}}