{"host":"x1d9cj1vze2ie4yu","time":1613028381,"event":{"mods":["Act Like it!","BaseMod","Better Vampires","Conspire","Minty Spire (QoL Compilation)","Pale of the Ancients","Permanent Neow","Relic Stats","Reliquary","Replay The Spire","Spicy Shops","StSLib","[IsaacMod]以撒尖塔","【功能Mod】聪明的最终Boss"],"gold_per_floor":[118,43,54,54,82,82,99,129,179,229,246,25,25,50,50,50,50],"floor_reached":16,"language":"ZHS","playtime":425,"items_purged":["Defend_R","Defend_R"],"score":193,"play_id":"dddcb890-a31e-4599-83a9-04cc16e65fdd","local_time":"20210211152621","is_ascension_mode":true,"campfire_choices":[{"data":"Perfected Strike","floor":6.0,"key":"SMITH"},{"data":"Perfected Strike","floor":13.0,"key":"SMITH"},{"data":"Offering","floor":15.0,"key":"SMITH"}],"circlet_count":0,"master_deck":["Strike_R","Strike_R","Strike_R","Strike_R","Strike_R","Defend_R","Bash","BloodyBrimstone","Perfected Strike+1","Offering+1","Perfected Strike+1"],"relics":["Burning Blood","HushsDoor","Chaos","reliquary:KillPill","Bird Faced Urn","D6","Vampiric Spirits","Letter Opener","Mark of Pain","reliquary:ShortFuse","Geode"],"acts_visited":["Exordium"],"potions_floor_usage":[16],"damage_taken":[{"damage":11.0,"enemies":"Cultist","floor":1.0,"turns":4.0},{"damage":0.0,"enemies":"Small Slimes","floor":3.0,"turns":1.0},{"damage":20.0,"enemies":"conspire:MimicChest","floor":5.0,"turns":4.0},{"damage":12.0,"enemies":"Jaw Worm","floor":7.0,"turns":2.0},{"damage":15.0,"enemies":"Lagavulin","floor":8.0,"turns":3.0},{"damage":47.0,"enemies":"Hiden Room Battle","floor":10.0,"turns":5.0},{"damage":0.0,"enemies":"Large Slime","floor":11.0,"turns":3.0},{"damage":6.0,"enemies":"Gremlin Nob","floor":14.0,"turns":2.0},{"damage":56,"enemies":"The Guardian","floor":16,"turns":3}],"seed_played":"1530519059149122561","potions_obtained":[{"floor":1.0,"key":"Energy Potion"},{"floor":3.0,"key":"Adrenaline Potion"},{"floor":7.0,"key":"AttackPotion"},{"floor":11.0,"key":"SpeedPotion"},{"floor":14.0,"key":"AttackPotion"}],"is_trial":false,"path_per_floor":["M","$","M","?","?","R","M","E","T","?","M","$","R","E","R","B"],"character_chosen":"IRONCLAD","items_purchased":["reliquary:ShortFuse"],"campfire_rested":0,"item_purchase_floors":[12],"current_hp_per_floor":[67,67,73,73,59,59,53,44,44,10,27,27,27,43,43,0,0],"gold":50,"neow_bonus":"RANDOM_COMMON_RELIC","is_daily":false,"chose_seed":false,"campfire_upgraded":3,"win_rate":0.0,"timestamp":1613028381,"path_taken":["M","$","?","?","?","R","M","E","T","?","M","$","R","E","R","BOSS"],"items_purchased_type":["Relic"],"build_version":"2020-12-22","purchased_purges":2,"victory":false,"max_hp_per_floor":[80,80,77,77,74,74,74,71,71,71,71,71,71,71,71,68,68],"relic_stats":{"counters":[9,27],"Bird Faced Urn":[0],"Letter Opener":[0],"obtain_stats":[{"KeepersGift":0,"Chaos":0,"D6":8,"Vampiric Spirits":9,"Bird Faced Urn":5,"reliquary:KillPill":0,"Mark of Pain":10,"Geode":14,"Letter Opener":10,"HushsDoor":0,"reliquary:ShortFuse":12,"Burning Blood":0},{"KeepersGift":0,"Chaos":0,"D6":5,"Vampiric Spirits":5,"Bird Faced Urn":3,"reliquary:KillPill":0,"Mark of Pain":6,"Geode":8,"Letter Opener":6,"HushsDoor":0,"reliquary:ShortFuse":7,"Burning Blood":0},{"KeepersGift":0,"Chaos":0,"D6":14,"Vampiric Spirits":14,"Bird Faced Urn":9,"reliquary:KillPill":0,"Mark of Pain":19,"Geode":24,"Letter Opener":19,"HushsDoor":0,"reliquary:ShortFuse":22,"Burning Blood":0}],"Burning Blood":48},"card_choices":[{"not_picked":[],"picked":"BloodyBrimstone","floor":0.0},{"not_picked":["Blood for Blood","Fire Breathing","Perfected Strike"],"picked":"SKIP","floor":1.0},{"not_picked":["Blood for Blood","Fire Breathing"],"picked":"Perfected Strike","floor":1.0},{"not_picked":["Uppercut","Corruption","Flex"],"picked":"SKIP","floor":3.0},{"not_picked":["Shockwave","Body Slam"],"picked":"Bomb","floor":7.0},{"not_picked":["ReplayTheSpireMod:LeadingStrike","Shockwave"],"picked":"Offering","floor":8.0},{"not_picked":["Warcry","ReplayTheSpireMod:Muscle Training"],"picked":"Perfected Strike","floor":10.0},{"not_picked":["Armaments","Pummel","Disarm"],"picked":"SKIP","floor":11.0},{"not_picked":["Evolve","ReplayTheSpireMod:Strike From Hell","Metallicize"],"picked":"SKIP","floor":14.0}],"player_experience":77202,"relics_obtained":[{"floor":5.0,"key":"Bird Faced Urn"},{"floor":8.0,"key":"D6"},{"floor":9.0,"key":"Vampiric Spirits"},{"floor":10.0,"key":"Letter Opener"},{"floor":10.0,"key":"Mark of Pain"},{"floor":14.0,"key":"Geode"}],"event_choices":[{"damage_healed":0.0,"max_hp_gain":0.0,"max_hp_loss":0.0,"gold_gain":0.0,"event_name":"HidenRoomEvent","player_choice":"Fight","floor":10.0,"gold_loss":0.0,"damage_taken":0.0}],"is_beta":false,"boss_relics":[],"items_purged_floors":[2,12],"is_endless":false,"potions_floor_spawned":[1,3,7,11,14],"killed_by":"The Guardian","ascension_level":9}}