{"host":"prxrhpgaxnj4om9r","time":1613053252,"event":{"mods":["AchievementEnabler","BaseMod","DeckTracker","Keyboard Shortcuts","Minty Spire (QoL Compilation)"],"gold_per_floor":[114,289,299,299,319,319,336,361,361,373,373,393,405,405,405,508,508,520,520,520,533,39,39,67,67,67,96,96,21,21,38,38,38,38],"floor_reached":33,"language":"KOR","playtime":1971,"items_purged":["Doubt"],"score":285,"play_id":"a5e252cb-ed15-4151-b05c-919b2bcae7bc","local_time":"20210211232052","is_ascension_mode":false,"campfire_choices":[{"data":"Bane","floor":6,"key":"SMITH"},{"floor":11,"key":"REST"},{"floor":15,"key":"RECALL"},{"floor":23,"key":"REST"},{"floor":25,"key":"REST"},{"floor":28,"key":"REST"},{"data":"Envenom","floor":30,"key":"SMITH"},{"floor":32,"key":"REST"}],"circlet_count":0,"master_deck":["Strike_G","Strike_G","Strike_G","Strike_G","Defend_G","Defend_G+1","Defend_G","Defend_G","Survivor","Neutralize+1","Footwork","Bane+1","Storm of Steel","Choke","Outmaneuver","Escape Plan","Poisoned Stab","Blade Dance+1","Envenom+1","Masterful Stab","Bane","Dodge and Roll","Catalyst","Bane","All Out Attack","Slice","Quick Slash","PiercingWail"],"relics":["Ring of the Snake","Bag of Preparation","Pear","SlaversCollar","Sundial","War Paint","Peace Pipe","Ice Cream","Mummified Hand"],"acts_visited":["Exordium","TheCity"],"potions_floor_usage":[8,16,21,24,24,31],"damage_taken":[{"damage":4,"enemies":"2 Louse","floor":1,"turns":4},{"damage":7,"enemies":"Jaw Worm","floor":3,"turns":7},{"damage":0,"enemies":"Small Slimes","floor":5,"turns":3},{"damage":3,"enemies":"Looter","floor":7,"turns":5},{"damage":36,"enemies":"3 Sentries","floor":8,"turns":14},{"damage":14,"enemies":"Exordium Thugs","floor":10,"turns":5},{"damage":0,"enemies":"Blue Slaver","floor":12,"turns":4},{"damage":0,"enemies":"2 Fungi Beasts","floor":13,"turns":3},{"damage":36,"enemies":"The Guardian","floor":16,"turns":12},{"damage":12,"enemies":"Chosen","floor":18,"turns":5},{"damage":32,"enemies":"Shell Parasite","floor":21,"turns":6},{"damage":35,"enemies":"Slavers","floor":24,"turns":4},{"damage":30,"enemies":"Book of Stabbing","floor":27,"turns":5},{"damage":11,"enemies":"Snecko","floor":31,"turns":4},{"damage":56,"enemies":"Champ","floor":33,"turns":9}],"seed_played":"-1278409244468884284","potions_obtained":[{"floor":5,"key":"FearPotion"},{"floor":7,"key":"DuplicationPotion"},{"floor":16,"key":"LiquidBronze"},{"floor":18,"key":"SteroidPotion"},{"floor":21,"key":"AttackPotion"},{"floor":27,"key":"DuplicationPotion"}],"is_trial":false,"path_per_floor":["M","?","M","?","M","R","M","E","T","M","R","M","M","T","R","B",null,"M","?","?","M","$","R","E","R","T","E","R","$","R","M","R","B"],"character_chosen":"THE_SILENT","items_purchased":["Sundial","Bane","All Out Attack","War Paint"],"campfire_rested":5,"item_purchase_floors":[22,22,22,22],"current_hp_per_floor":[66,66,59,59,59,59,56,20,30,16,40,40,40,40,40,4,80,68,68,68,36,36,60,25,49,49,19,43,43,43,32,56,0,0],"gold":38,"neow_bonus":"UPGRADE_CARD","is_daily":false,"chose_seed":false,"campfire_upgraded":2,"win_rate":0.0,"timestamp":1613053252,"path_taken":["M","?","M","?","?","R","M","E","T","M","R","M","M","?","R","BOSS","M","?","?","M","$","R","E","R","T","E","R","?","R","M","R","BOSS"],"items_purchased_type":["Relic","Card","Card","Relic"],"build_version":"2020-12-22","purchased_purges":1,"victory":false,"max_hp_per_floor":[70,70,70,70,70,70,70,70,80,80,80,80,80,80,80,80,80,80,80,80,80,80,80,80,80,80,80,80,80,80,80,80,80,80],"card_choices":[{"not_picked":["Flying Knee","Quick Slash"],"picked":"Footwork","floor":1},{"not_picked":["Cloak And Dagger","Underhanded Strike"],"picked":"Bane","floor":3},{"not_picked":["Infinite Blades","Dagger Throw"],"picked":"Storm of Steel","floor":5},{"not_picked":["Bane","Dagger Throw"],"picked":"Choke","floor":7},{"not_picked":["Cloak And Dagger","Bane"],"picked":"Outmaneuver","floor":8},{"not_picked":["Well Laid Plans","Slice"],"picked":"Escape Plan","floor":10},{"not_picked":["Terror","Slice"],"picked":"Poisoned Stab","floor":12},{"not_picked":["Flying Knee","Deadly Poison"],"picked":"Blade Dance","floor":13},{"not_picked":["Doppelganger","Malaise"],"picked":"Envenom","floor":16},{"not_picked":["Dash","Leg Sweep"],"picked":"Masterful Stab","floor":18},{"not_picked":["PiercingWail","Leg Sweep"],"picked":"Catalyst","floor":21},{"not_picked":["Storm of Steel","Quick Slash"],"picked":"Slice","floor":24},{"not_picked":["Setup","Footwork"],"picked":"Quick Slash","floor":27},{"not_picked":["Blade Dance","Flying Knee"],"picked":"PiercingWail","floor":31}],"player_experience":387196,"relics_obtained":[{"floor":8,"key":"Bag of Preparation"},{"floor":9,"key":"Pear"},{"floor":24,"key":"Peace Pipe"},{"floor":26,"key":"Ice Cream"},{"floor":27,"key":"Mummified Hand"}],"event_choices":[{"damage_healed":0,"gold_gain":175,"player_choice":"AGREE","damage_taken":0,"max_hp_gain":0,"max_hp_loss":0,"event_name":"Liars Game","floor":2,"gold_loss":0,"cards_obtained":["Doubt"]},{"damage_healed":0,"gold_gain":0,"player_choice":"Ignored","damage_taken":0,"max_hp_gain":0,"max_hp_loss":0,"event_name":"Golden Wing","floor":4,"gold_loss":0},{"damage_healed":0,"gold_gain":0,"cards_transformed":["Defend_G","Strike_G"],"player_choice":"Became Test Subject","damage_taken":0,"max_hp_gain":0,"max_hp_loss":0,"event_name":"Drug Dealer","floor":19,"gold_loss":0,"cards_obtained":["Bane","Dodge and Roll"]},{"damage_healed":0,"gold_gain":0,"player_choice":"Ignored","damage_taken":0,"max_hp_gain":0,"max_hp_loss":0,"event_name":"Beggar","floor":20,"gold_loss":0}],"is_beta":false,"boss_relics":[{"not_picked":["Ectoplasm","Velvet Choker"],"picked":"SlaversCollar"}],"items_purged_floors":[29],"is_endless":false,"potions_floor_spawned":[5,7,16,18,21,27],"killed_by":"Champ","ascension_level":0}}