{"host":"ibckqdmmf9y74ymf","time":1613005333,"event":{"mods":["2.2 Compatiblity","BaseMod","Colored Map","Curses Come First","Highlight Path","Minty Spire (QoL Compilation)","Quick Restart","Rare Cards Sparkle","Relic Stats","StSLib"],"gold_per_floor":[116,31,31,31,69,95,95,125,125,168,185,185,185,217,217,292,292,311,311,311,311,157,157,219,219,219,265,300,349,367,413,413,490,490,531,548,548,623,195,226,226,226,226],"floor_reached":42,"language":"ENG","playtime":2362,"items_purged":["Strike_P","Strike_P"],"score":1068,"play_id":"c8e17ae5-e091-482f-a749-37074c9f96d4","local_time":"20210211020213","is_ascension_mode":true,"campfire_choices":[{"data":"Wish","floor":7.0,"key":"SMITH"},{"floor":12.0,"key":"REST"},{"floor":15.0,"key":"DIG"},{"floor":23.0,"key":"REST"},{"floor":25.0,"key":"DIG"},{"floor":32.0,"key":"REST"},{"floor":41,"key":"RECALL"}],"circlet_count":0,"master_deck":["AscendersBane","Strike_P","Strike_P+1","Defend_P","Defend_P","Defend_P","Defend_P","Eruption","Vigilance","Protect","Wish+1","FollowUp","FollowUp+1","Consecrate","FlyingSleeves","Vault+1","Vengeance","Omniscience","SandsOfTime+1","RitualDagger","TalkToTheHand","FearNoEvil","LessonLearned","ReachHeaven+1","Blasphemy+1","DevaForm"],"relics":["PureWater","NeowsBlessing","Kunai","Omamori","Shovel","Shuriken","Sundial","Damaru","Snecko Eye","Nilry\u0027s Codex","Potion Belt","Orichalcum","FossilizedHelix","Busted Crown","Lee\u0027s Waffle","Centennial Puzzle"],"acts_visited":["Exordium","TheCity","TheBeyond"],"potions_floor_usage":[40],"damage_taken":[{"damage":0.0,"enemies":"Small Slimes","floor":1.0,"turns":1.0},{"damage":0.0,"enemies":"Jaw Worm","floor":5.0,"turns":1.0},{"damage":0.0,"enemies":"Gremlin Nob","floor":6.0,"turns":1.0},{"damage":34.0,"enemies":"3 Sentries","floor":8.0,"turns":15.0},{"damage":2.0,"enemies":"2 Louse","floor":10.0,"turns":3.0},{"damage":1.0,"enemies":"Blue Slaver","floor":11.0,"turns":2.0},{"damage":15.0,"enemies":"Lagavulin","floor":14.0,"turns":7.0},{"damage":8.0,"enemies":"Hexaghost","floor":16.0,"turns":6.0},{"damage":0.0,"enemies":"Shell Parasite","floor":18.0,"turns":3.0},{"damage":7.0,"enemies":"Gremlin Leader","floor":24.0,"turns":5.0},{"damage":0.0,"enemies":"Spheric Guardian","floor":27.0,"turns":2.0},{"damage":12.0,"enemies":"Slavers","floor":28.0,"turns":6.0},{"damage":0.0,"enemies":"Snake Plant","floor":29.0,"turns":4.0},{"damage":0.0,"enemies":"Cultist and Chosen","floor":30.0,"turns":5.0},{"damage":0.0,"enemies":"Snecko","floor":31.0,"turns":3.0},{"damage":21,"enemies":"Collector","floor":33,"turns":5},{"damage":1,"enemies":"3 Shapes","floor":35,"turns":4},{"damage":0,"enemies":"3 Darklings","floor":36,"turns":6},{"damage":0,"enemies":"Transient","floor":38,"turns":7},{"damage":0,"enemies":"Nemesis","floor":40,"turns":2},{"damage":0,"enemies":"4 Shapes","floor":42,"turns":2}],"seed_played":"7388739212721011267","potions_obtained":[{"floor":6.0,"key":"LiquidBronze"},{"floor":8.0,"key":"LiquidMemories"},{"floor":10.0,"key":"DistilledChaos"},{"floor":14.0,"key":"DistilledChaos"},{"floor":16.0,"key":"SneckoOil"},{"floor":18.0,"key":"AttackPotion"},{"floor":28.0,"key":"FearPotion"},{"floor":29.0,"key":"Explosive Potion"},{"floor":33,"key":"AttackPotion"},{"floor":36,"key":"SkillPotion"}],"is_trial":false,"path_per_floor":["M","$","?","?","M","E","R","E","T","M","M","R","?","E","R","B",null,"M","?","?","?","$","R","E","R","T","M","E","M","M","M","R","B",null,"M","M","?","M","$","E","R","M"],"character_chosen":"WATCHER","items_purchased":["Wish","TalkToTheHand","DevaForm","Lee\u0027s Waffle"],"campfire_rested":3,"item_purchase_floors":[2,22,39,39],"current_hp_per_floor":[61,61,66,48,48,48,48,14,14,12,11,32,32,17,17,9,57,57,36,30,30,30,51,44,44,44,44,32,32,32,32,53,32,63,62,62,62,62,80,80,80,80,80],"gold":226,"neow_bonus":"THREE_ENEMY_KILL","is_daily":false,"chose_seed":false,"campfire_upgraded":1,"win_rate":0.0,"timestamp":1613005333,"path_taken":["M","$","?","?","M","E","R","E","T","?","M","R","?","E","R","BOSS","M","?","?","?","$","R","E","R","T","M","E","?","M","M","R","BOSS","M","M","?","M","$","E","R","?"],"items_purchased_type":["Card","Card","Card","Relic"],"build_version":"2020-12-22","purchased_purges":2,"victory":false,"max_hp_per_floor":[68,68,73,73,73,73,73,73,73,73,73,73,73,73,73,73,73,73,73,73,73,73,73,73,73,73,73,73,73,73,73,73,73,73,73,73,73,73,80,80,80,80,80],"relic_stats":{"Lee\u0027s Waffle":18,"Centennial Puzzle":[0],"Shovel":2,"Busted Crown":8,"counters":[21,90],"Shuriken":[38],"Sundial":[6],"Snecko Eye":[98,81,94,91],"Kunai":[38],"Orichalcum":[90],"obtain_stats":[{"Potion Belt":24,"Lee\u0027s Waffle":39,"NeowsBlessing":0,"Nilry\u0027s Codex":19,"Damaru":15,"Omamori":6,"Orichalcum":25,"Centennial Puzzle":40,"Shovel":8,"Busted Crown":34,"Shuriken":9,"Sundial":14,"Snecko Eye":17,"Kunai":4,"PureWater":0,"FossilizedHelix":28},{"Potion Belt":10,"Lee\u0027s Waffle":19,"NeowsBlessing":0,"Nilry\u0027s Codex":9,"Damaru":7,"Omamori":3,"Orichalcum":10,"Centennial Puzzle":20,"Shovel":4,"Busted Crown":16,"Shuriken":4,"Sundial":7,"Snecko Eye":8,"Kunai":1,"PureWater":0,"FossilizedHelix":12},{"Potion Belt":44,"Lee\u0027s Waffle":86,"NeowsBlessing":0,"Nilry\u0027s Codex":39,"Damaru":30,"Omamori":3,"Orichalcum":44,"Centennial Puzzle":88,"Shovel":18,"Busted Crown":69,"Shuriken":18,"Sundial":30,"Snecko Eye":36,"Kunai":1,"PureWater":0,"FossilizedHelix":52}]},"card_choices":[{"not_picked":["Prostrate","PathToVictory"],"picked":"Protect","floor":1.0},{"not_picked":["EmptyBody","WaveOfTheHand"],"picked":"FollowUp","floor":5.0},{"not_picked":["Indignation","Evaluate"],"picked":"FollowUp","floor":6.0},{"not_picked":["Fasting2","Collect"],"picked":"Consecrate","floor":8.0},{"not_picked":["Worship","ThirdEye"],"picked":"FlyingSleeves","floor":10.0},{"not_picked":["EmptyBody","FollowUp"],"picked":"Vault","floor":11.0},{"not_picked":["EmptyFist","FlyingSleeves"],"picked":"Vengeance","floor":14.0},{"not_picked":["Brilliance","MasterReality"],"picked":"Omniscience","floor":16.0},{"not_picked":["WindmillStrike","InnerPeace"],"picked":"SandsOfTime","floor":18.0},{"not_picked":["DeceiveReality","JustLucky"],"picked":"FearNoEvil","floor":24.0},{"not_picked":["SashWhip+1","FollowUp","CutThroughFate"],"picked":"SKIP","floor":27.0},{"not_picked":["LikeWater+1","PathToVictory"],"picked":"LessonLearned","floor":28.0},{"not_picked":["ClearTheMind","FearNoEvil","PathToVictory"],"picked":"SKIP","floor":29.0},{"not_picked":["ThirdEye","FlyingSleeves"],"picked":"ReachHeaven","floor":30.0},{"not_picked":["ClearTheMind","CutThroughFate","EmptyFist"],"picked":"SKIP","floor":31.0},{"not_picked":["DeusExMachina","Establishment"],"picked":"Blasphemy","floor":33},{"not_picked":["FlyingSleeves+1"],"picked":"SKIP","floor":35},{"not_picked":["Consecrate"],"picked":"SKIP","floor":36},{"not_picked":["Halt+1"],"picked":"SKIP","floor":38},{"not_picked":["Consecrate+1"],"picked":"SKIP","floor":40}],"player_experience":700387,"relics_obtained":[{"floor":6.0,"key":"Omamori"},{"floor":8.0,"key":"Shovel"},{"floor":9.0,"key":"Shuriken"},{"floor":14.0,"key":"Sundial"},{"floor":15.0,"key":"Damaru"},{"floor":19.0,"key":"Nilry\u0027s Codex"},{"floor":24.0,"key":"Potion Belt"},{"floor":25.0,"key":"Orichalcum"},{"floor":28.0,"key":"FossilizedHelix"},{"floor":40,"key":"Centennial Puzzle"}],"event_choices":[{"damage_healed":0.0,"max_hp_gain":5.0,"max_hp_loss":0.0,"gold_gain":0.0,"event_name":"Big Fish","player_choice":"Donut","floor":3.0,"gold_loss":0.0,"damage_taken":0.0},{"damage_healed":0.0,"max_hp_gain":0.0,"max_hp_loss":0.0,"gold_gain":0.0,"event_name":"Scrap Ooze","player_choice":"Success","floor":4.0,"gold_loss":0.0,"damage_taken":18.0,"relics_obtained":["Kunai"]},{"damage_healed":0.0,"max_hp_gain":0.0,"max_hp_loss":0.0,"gold_gain":0.0,"event_name":"Living Wall","player_choice":"Grow","floor":13.0,"gold_loss":0.0,"damage_taken":0.0,"cards_upgraded":["Vault"]},{"damage_healed":0.0,"max_hp_gain":0.0,"max_hp_loss":0.0,"gold_gain":0.0,"event_name":"Cursed Tome","player_choice":"Obtained Book","floor":19.0,"gold_loss":0.0,"damage_taken":21.0},{"damage_healed":0.0,"max_hp_gain":0.0,"max_hp_loss":0.0,"gold_gain":0.0,"event_name":"Nest","player_choice":"Joined the Cult","floor":20.0,"gold_loss":0.0,"damage_taken":6.0,"cards_obtained":["RitualDagger"]},{"damage_healed":0.0,"max_hp_gain":0.0,"max_hp_loss":0.0,"gold_gain":0.0,"event_name":"Forgotten Altar","player_choice":"Smashed Altar","floor":21.0,"gold_loss":0.0,"damage_taken":0.0,"cards_obtained":["Decay"]},{"damage_healed":0,"gold_gain":0,"player_choice":"Upgraded","damage_taken":0,"max_hp_gain":0,"max_hp_loss":0,"event_name":"Upgrade Shrine","floor":37,"gold_loss":0,"cards_upgraded":["Blasphemy"]}],"is_beta":false,"boss_relics":[{"not_picked":["SlaversCollar","Tiny House"],"picked":"Snecko Eye"},{"not_picked":["Astrolabe","Pandora\u0027s Box"],"picked":"Busted Crown"}],"items_purged_floors":[22,39],"is_endless":false,"potions_floor_spawned":[6,8,10,14,16,18,28,29,33,36,38],"killed_by":"4 Shapes","ascension_level":20}}