{"host":"1focbxb2e8qu7ccd","time":1613052104,"event":{"mods":["AchievementEnabler","BaseMod","Bestiary","Highlight Path","Minty Spire (QoL Compilation)","Relic Stats"],"gold_per_floor":[116,116,191,208,219,219,219],"floor_reached":6,"language":"ENG","playtime":221,"items_purged":[],"score":72,"play_id":"329522f1-00d0-4da6-b99c-140eff229515","local_time":"20210211090144","is_ascension_mode":true,"campfire_choices":[],"circlet_count":0,"master_deck":["AscendersBane","Strike_R","Strike_R","Strike_R","Strike_R","Strike_R","Defend_R","Defend_R","Defend_R","Defend_R","Bash","Immolate","Shrug It Off","Power Through","Headbutt"],"relics":["Burning Blood","HornCleat"],"acts_visited":["Exordium"],"potions_floor_usage":[],"damage_taken":[{"damage":7.0,"enemies":"Jaw Worm","floor":1.0,"turns":3.0},{"damage":0.0,"enemies":"2 Louse","floor":4.0,"turns":1.0},{"damage":0.0,"enemies":"Small Slimes","floor":5.0,"turns":3.0},{"damage":42,"enemies":"Lagavulin","floor":6,"turns":7}],"seed_played":"-6027842548581465071","potions_obtained":[],"is_trial":false,"path_per_floor":["M","?","?","M","M","E"],"character_chosen":"IRONCLAD","items_purchased":[],"campfire_rested":0,"item_purchase_floors":[],"current_hp_per_floor":[49,23,12,18,24,0,0],"gold":219,"neow_bonus":"THREE_RARE_CARDS","is_daily":false,"chose_seed":false,"campfire_upgraded":0,"win_rate":0.0,"timestamp":1613052104,"path_taken":["M","?","?","M","M","E"],"items_purchased_type":[],"build_version":"2020-12-22","purchased_purges":0,"victory":false,"max_hp_per_floor":[75,75,75,75,75,75,75],"relic_stats":{"counters":[4,14],"obtain_stats":[{"HornCleat":2,"Burning Blood":0},{"HornCleat":1,"Burning Blood":0},{"HornCleat":3,"Burning Blood":0}],"Burning Blood":18},"card_choices":[{"not_picked":["Exhume","Corruption"],"picked":"Immolate","floor":0.0},{"not_picked":["Anger","Pommel Strike"],"picked":"Shrug It Off","floor":1.0},{"not_picked":["Pommel Strike","Infernal Blade"],"picked":"Power Through","floor":4.0},{"not_picked":["Heavy Blade","Iron Wave"],"picked":"Headbutt","floor":5.0}],"player_experience":930181,"relics_obtained":[],"event_choices":[{"damage_healed":0.0,"max_hp_gain":0.0,"max_hp_loss":0.0,"gold_gain":0.0,"event_name":"Scrap Ooze","player_choice":"Success","floor":2.0,"gold_loss":0.0,"damage_taken":26.0,"relics_obtained":["HornCleat"]},{"damage_healed":0.0,"max_hp_gain":0.0,"max_hp_loss":0.0,"gold_gain":75.0,"event_name":"World of Goop","player_choice":"Gather Gold","floor":3.0,"gold_loss":0.0,"damage_taken":11.0}],"is_beta":false,"boss_relics":[],"items_purged_floors":[],"is_endless":false,"potions_floor_spawned":[],"killed_by":"Lagavulin","ascension_level":20}}