{"host":"fff5e1uasnm04x18","time":1613012867,"event":{"mods":["BaseMod","Highlight Path","Minty Spire (QoL Compilation)","StSLib"],"gold_per_floor":[119,129,129,143,158,158,184,184,208,228,248,248,248],"floor_reached":12,"language":"ENG","playtime":499,"items_purged":[],"score":94,"play_id":"2adf2c4e-352e-49e9-91b2-1c5375832a1f","local_time":"20210210220747","is_ascension_mode":true,"campfire_choices":[{"floor":6,"key":"REST"}],"circlet_count":0,"master_deck":["Strike_B","Strike_B","Strike_B","Defend_B","Defend_B","Defend_B","Defend_B","Zap","Dualcast","Gash","Hologram","Loop","Hologram","Static Discharge","Rainbow","Darkness"],"relics":["Cracked Core","Potion Belt","Lantern","Art of War"],"acts_visited":["Exordium"],"potions_floor_usage":[12],"damage_taken":[{"damage":1,"enemies":"Cultist","floor":1,"turns":3},{"damage":0,"enemies":"2 Louse","floor":2,"turns":2},{"damage":0,"enemies":"Small Slimes","floor":4,"turns":3},{"damage":17,"enemies":"Exordium Thugs","floor":5,"turns":5},{"damage":55,"enemies":"Gremlin Nob","floor":7,"turns":5},{"damage":5,"enemies":"Looter","floor":10,"turns":3},{"damage":6,"enemies":"Red Slaver","floor":11,"turns":4},{"damage":15,"enemies":"3 Sentries","floor":12,"turns":3}],"seed_played":"-8722724671932682891","potions_obtained":[{"floor":2,"key":"PotionOfCapacity"},{"floor":4,"key":"Weak Potion"},{"floor":7,"key":"SteroidPotion"}],"is_trial":false,"path_per_floor":["M","M","?","M","M","R","E","?","T","M","M","E"],"character_chosen":"DEFECT","items_purchased":[],"campfire_rested":1,"item_purchase_floors":[],"current_hp_per_floor":[81,81,74,74,57,81,26,26,26,21,15,0,0],"gold":248,"neow_bonus":"TEN_PERCENT_HP_BONUS","is_daily":false,"chose_seed":false,"campfire_upgraded":0,"win_rate":0.0,"timestamp":1613012867,"path_taken":["M","M","?","M","M","R","E","?","T","?","M","E"],"items_purchased_type":[],"build_version":"2020-12-22","purchased_purges":0,"victory":false,"max_hp_per_floor":[82,82,82,82,82,82,82,82,82,82,82,82,82],"card_choices":[{"not_picked":["Conserve Battery","Leap"],"picked":"Gash","floor":1},{"not_picked":["Ball Lightning","Steam Power"],"picked":"Hologram","floor":2},{"not_picked":["Compile Driver","Beam Cell"],"picked":"Loop","floor":4},{"not_picked":["Compile Driver","Go for the Eyes"],"picked":"Hologram","floor":5},{"not_picked":["Leap","Core Surge"],"picked":"Static Discharge","floor":7},{"not_picked":["Reinforced Body","Go for the Eyes","Barrage"],"picked":"SKIP","floor":10},{"not_picked":["Hello World","Stack"],"picked":"Darkness","floor":11}],"player_experience":576228,"relics_obtained":[{"floor":7,"key":"Lantern"},{"floor":9,"key":"Art of War"}],"event_choices":[{"damage_healed":0,"gold_gain":0,"player_choice":"Success","damage_taken":7,"relics_obtained":["Potion Belt"],"max_hp_gain":0,"max_hp_loss":0,"event_name":"Scrap Ooze","floor":3,"gold_loss":0},{"damage_healed":0,"gold_gain":0,"cards_transformed":["Strike_B"],"player_choice":"Transformed","damage_taken":0,"max_hp_gain":0,"max_hp_loss":0,"event_name":"Transmorgrifier","floor":8,"gold_loss":0,"cards_obtained":["Rainbow"]}],"is_beta":false,"boss_relics":[],"items_purged_floors":[],"is_endless":false,"potions_floor_spawned":[2,4,7],"killed_by":"3 Sentries","ascension_level":3}}