{"host":"47ceihhszt3bzrh1","time":1613006166,"event":{"mods":["BaseMod","Colored Map","Downfall","Minty Spire (QoL Compilation)","Permanent Neow","Quick Restart","StSLib"],"gold_per_floor":[117,130,150,150,75,100,100,110,110,184,184,184,2,77,77,181,181,195,11,22,22,22,57,57,57,107,178,191,518,544,563,563,663,663,676,688,517,528,544,579,579,628,652,652,679,679,18,28,28,28],"floor_reached":51,"language":"ENG","playtime":3130,"items_purged":["Strike_G","Defend_G","Strike_G"],"score":841,"play_id":"4baeec7c-6cf8-47de-9913-8f977063bbfb","local_time":"20210210201606","is_ascension_mode":false,"campfire_choices":[{"data":"Leg Sweep","floor":7,"key":"SMITH"},{"data":"Poisoned Stab","floor":11,"key":"SMITH"},{"floor":15,"key":"REST"},{"data":"After Image","floor":24,"key":"SMITH"},{"data":"Poisoned Stab","floor":32,"key":"SMITH"},{"data":"Noxious Fumes","floor":41,"key":"SMITH"},{"data":"Well Laid Plans","floor":44,"key":"SMITH"},{"data":"1","floor":49,"key":"LIFT"}],"circlet_count":0,"master_deck":["Strike_G","Defend_G+1","Defend_G+1","Survivor","Neutralize","Poisoned Stab+1","Leg Sweep+1","Poisoned Stab+1","Well Laid Plans+1","After Image+1","Escape Plan","Reflex","Backflip+1","Prepared+1","After Image","Blade Dance+1","Noxious Fumes+1","CurseOfTheBell","CurseOfTheBell","Noxious Fumes+1","Footwork","Tactician+1","Finesse+1","Parasite"],"relics":["Ring of the Snake","Mercury Hourglass","Meat on the Bone","InkBottle","PreservedInsect","Busted Crown","TwistedFunnel","Toxic Egg 2","Potion Belt","Kunai","Old Coin","Red Mask","Empty Cage","Blood Vial","Calipers","Nunchaku","Ornamental Fan","downfall:ExtraCursedBell","MealTicket","Darkstone Periapt","Girya","DollysMirror","Pen Nib"],"acts_visited":["Exordium","TheCity","TheBeyond"],"potions_floor_usage":[6,42,50,50,50,50],"damage_taken":[{"damage":1,"enemies":"Cultist","floor":1,"turns":4},{"damage":0,"enemies":"2 Louse","floor":2,"turns":2},{"damage":1,"enemies":"Jaw Worm","floor":3,"turns":6},{"damage":25,"enemies":"Gremlin Nob","floor":6,"turns":6},{"damage":0,"enemies":"Large Slime","floor":8,"turns":8},{"damage":12,"enemies":"Hexaghost","floor":16,"turns":12},{"damage":0,"enemies":"Spheric Guardian","floor":18,"turns":6},{"damage":0,"enemies":"3 Byrds","floor":20,"turns":4},{"damage":0,"enemies":"Book of Stabbing","floor":23,"turns":5},{"damage":0,"enemies":"Cultist and Chosen","floor":28,"turns":7},{"damage":0,"enemies":"Gremlin Leader","floor":29,"turns":6},{"damage":2,"enemies":"Masked Bandits","floor":30,"turns":5},{"damage":0,"enemies":"3 Cultists","floor":31,"turns":6},{"damage":8,"enemies":"Collector","floor":33,"turns":11},{"damage":0,"enemies":"3 Shapes","floor":35,"turns":5},{"damage":0,"enemies":"3 Darklings","floor":36,"turns":6},{"damage":0,"enemies":"Sphere and 2 Shapes","floor":38,"turns":4},{"damage":0,"enemies":"4 Shapes","floor":39,"turns":4},{"damage":0,"enemies":"Giant Head","floor":40,"turns":8},{"damage":32,"enemies":"2 Orb Walkers","floor":42,"turns":5},{"damage":3,"enemies":"Nemesis","floor":45,"turns":5},{"damage":0,"enemies":"Writhing Mass","floor":48,"turns":5},{"damage":6,"enemies":"Donu and Deca","floor":50,"turns":8}],"seed_played":"2905279838702268620","potions_obtained":[{"floor":1,"key":"ColorlessPotion"},{"floor":8,"key":"FearPotion"},{"floor":16,"key":"Ancient Potion"},{"floor":20,"key":"PowerPotion"},{"floor":28,"key":"CultistPotion"},{"floor":31,"key":"champ:CounterPotion"}],"is_trial":false,"path_per_floor":["M","M","M","?","$","E","R","M","T","T","R","?","$","?","R","B",null,"M","$","M","$","?","E","R","$","T","T","M","E","?","M","R","B",null,"M","M","$","M","M","E","R","?","T","R","E","?","$","M","R","B",null],"character_chosen":"THE_SILENT","items_purchased":["PreservedInsect","Well Laid Plans","TwistedFunnel","Escape Plan","Noxious Fumes","DollysMirror","Footwork","Tactician+1","Finesse+1","Pen Nib"],"campfire_rested":1,"item_purchase_floors":[13,13,19,19,37,47,47,47,47,47],"current_hp_per_floor":[69,69,68,61,61,36,36,36,36,36,36,22,22,15,36,36,70,70,70,70,70,57,57,57,57,57,57,57,57,55,55,55,47,75,75,75,75,75,75,75,75,43,43,43,42,42,57,65,65,61],"gold":28,"neow_bonus":"REMOVE_CARD","is_daily":false,"chose_seed":false,"campfire_upgraded":6,"win_rate":0.0,"timestamp":1613006166,"path_taken":["M","M","?","?","$","E","R","M","T","?","R","?","$","?","R","BOSS","M","$","M","$","?","E","R","$","T","?","M","E","?","M","R","BOSS","M","M","$","M","M","E","R","?","T","R","E","?","$","M","R","BOSS"],"items_purchased_type":["Relic","Card","Relic","Card","Card","Relic","Card","Card","Card","Relic"],"build_version":"2020-12-22","purchased_purges":3,"victory":true,"max_hp_per_floor":[70,70,70,70,70,70,70,70,70,70,70,70,70,70,70,70,70,70,70,70,70,75,75,75,75,75,75,75,75,75,75,75,75,75,75,75,75,75,75,75,75,75,75,75,75,75,75,81,81,81],"card_choices":[{"not_picked":["Predator","Expertise"],"picked":"Poisoned Stab","floor":1},{"not_picked":["Slice","Acrobatics"],"picked":"Leg Sweep","floor":2},{"not_picked":["Expertise","Dagger Spray"],"picked":"Poisoned Stab","floor":3},{"not_picked":["Predator","Endless Agony","Slice"],"picked":"SKIP","floor":6},{"not_picked":["Outmaneuver","Deflect","Backflip"],"picked":"SKIP","floor":8},{"not_picked":["Die Die Die","Night Terror"],"picked":"After Image","floor":16},{"not_picked":["Calculated Gamble"],"picked":"SKIP","floor":18},{"not_picked":[],"picked":"Reflex","floor":20},{"not_picked":[],"picked":"Backflip+1","floor":23},{"not_picked":["Dagger Spray"],"picked":"SKIP","floor":28},{"not_picked":["Quick Slash"],"picked":"SKIP","floor":29},{"not_picked":[],"picked":"Prepared+1","floor":30},{"not_picked":["Eviscerate"],"picked":"SKIP","floor":31},{"not_picked":[],"picked":"After Image","floor":33},{"not_picked":["Flying Knee"],"picked":"SKIP","floor":35},{"not_picked":[],"picked":"Blade Dance+1","floor":36},{"not_picked":["Masterful Stab"],"picked":"SKIP","floor":38},{"not_picked":["Dagger Spray"],"picked":"SKIP","floor":39},{"not_picked":["Dagger Throw"],"picked":"SKIP","floor":40},{"not_picked":["Outmaneuver+1"],"picked":"SKIP","floor":45},{"not_picked":["Endless Agony+1"],"picked":"SKIP","floor":48}],"player_experience":4990,"relics_obtained":[{"floor":6,"key":"Mercury Hourglass"},{"floor":9,"key":"Meat on the Bone"},{"floor":10,"key":"InkBottle"},{"floor":23,"key":"Toxic Egg 2"},{"floor":26,"key":"Potion Belt"},{"floor":27,"key":"Kunai"},{"floor":29,"key":"Old Coin"},{"floor":30,"key":"Red Mask"},{"floor":40,"key":"Blood Vial"},{"floor":42,"key":"Calipers"},{"floor":43,"key":"Nunchaku"},{"floor":45,"key":"Ornamental Fan"},{"floor":46,"key":"MealTicket"},{"floor":46,"key":"Darkstone Periapt"},{"floor":46,"key":"Girya"}],"event_choices":[{"cards_removed":["Strike_G"],"damage_healed":0,"gold_gain":0,"player_choice":"Card Removal","damage_taken":7,"max_hp_gain":0,"max_hp_loss":0,"event_name":"Golden Wing","floor":4,"gold_loss":0},{"damage_healed":0,"gold_gain":0,"player_choice":"Entered Light","damage_taken":14,"max_hp_gain":0,"max_hp_loss":0,"event_name":"Shining Light","floor":12,"gold_loss":0,"cards_upgraded":["Defend_G","Defend_G"]},{"damage_healed":0,"gold_gain":75,"player_choice":"Touch","damage_taken":7,"max_hp_gain":0,"max_hp_loss":0,"event_name":"FaceTrader","floor":14,"gold_loss":0},{"damage_healed":0,"gold_gain":0,"player_choice":"Shed Blood","damage_taken":18,"max_hp_gain":5,"max_hp_loss":0,"event_name":"Forgotten Altar","floor":22,"gold_loss":0},{"damage_healed":0,"gold_gain":0,"player_choice":"Fought Bandits","damage_taken":0,"max_hp_gain":0,"max_hp_loss":0,"event_name":"Masked Bandits","floor":30,"gold_loss":0},{"damage_healed":0,"gold_gain":0,"player_choice":"Fight","damage_taken":0,"max_hp_gain":0,"max_hp_loss":0,"event_name":"Mysterious Sphere","floor":42,"gold_loss":0}],"is_beta":false,"boss_relics":[{"not_picked":["Snecko Eye","Cursed Key"],"picked":"Busted Crown"},{"not_picked":["SacredBark","Runic Pyramid"],"picked":"Empty Cage"}],"items_purged_floors":[5,37,47],"is_endless":false,"potions_floor_spawned":[1,8,16,20,28,31,33,38,39],"ascension_level":0}}