{"host":"lehbxtjrpalkmwwj","time":1613018830,"event":{"mods":["ATMod(°¢èªMod)","Aspiration","BaseMod","Challenge The Spire","Colored Map","Colored Powertips","Conspire","Dota2Spire","Energized Spire","Hunter ÁÔÈË","Minty Spire (QoL Compilation)","Quick Restart","Relic Stats","Reliquary","Replay The Spire","Spicy Shops","StSLib","TestMod","The Cursed","The IronCluck","The Poker Player","Waifu the Spire","Wide Potions","[IsaacMod]ÒÔÈö¼âËþ","¡¾ÒÅÎï¿¨ÅÆ¡¿REMEMod","É³µñ²ÄÖÊ°ümod","óô»ðÖ¸ÄÏ"],"gold_per_floor":[112,45,72,91,124,167,167,90,113,195,220,243,257,306,306,409,409,436,97,124,131,131],"floor_reached":21,"language":"ZHS","playtime":766,"items_purged":[],"score":317,"play_id":"a99ee305-8352-4112-8023-0b90328c8ac8","local_time":"20210211124710","is_ascension_mode":true,"campfire_choices":[{"data":"DoctorFetus","floor":7,"key":"SMITH"},{"floor":15,"key":"RECALL"}],"circlet_count":0,"master_deck":["Strike_R","Strike_R","Strike_R","Strike_R","Strike_R","Defend_R","Defend_R","Defend_R","Defend_R","Bash","DoctorFetus+1","DoctorFetus+1","Apotheosis","AT_FamilyPortrait","Cleave","REME_ACTH","Flex","Blood for Blood","ReplayTheSpireMod:Limb From Limb","Replay:Undeath\u0027s Touch","Rampage","AT_ShrugMaster","Anger","Limit Break","Metallicize+1","True Grit+1"],"relics":["Burning Blood","HushsDoor","AT_ATBox","testmod-TestBox","REME_ComplimentaryCards","testmod-Hope","SalivaCoin","NeowsBlessing","HowToJump","GuppysHead","Dota2Spire:PhaseBoots","Tiny Chest","Garlic","conspire:SlowCooker","GuppysPaw","Damocles","DeadEye","ClockworkSouvenir","Dota2Spire:BattleFury","Ancient Tea Set"],"acts_visited":["Exordium","TheCity"],"potions_floor_usage":[12,13,18,18],"damage_taken":[{"damage":0,"enemies":"Cultist","floor":1,"turns":1},{"damage":6,"enemies":"2 Louse","floor":3,"turns":2},{"damage":0,"enemies":"Jaw Worm","floor":4,"turns":1},{"damage":20,"enemies":"2 Fungi Beasts","floor":5,"turns":3},{"damage":28,"enemies":"Lagavulin","floor":6,"turns":6},{"damage":0,"enemies":"Gremlin Nob","floor":11,"turns":2},{"damage":1,"enemies":"Blue Slaver","floor":12,"turns":2},{"damage":0,"enemies":"Gremlin Gang","floor":13,"turns":1},{"damage":20,"enemies":"3 Sentries","floor":14,"turns":4},{"damage":0,"enemies":"The Guardian","floor":16,"turns":7},{"damage":0,"enemies":"Chosen","floor":18,"turns":5},{"damage":0,"enemies":"Spheric Guardian","floor":20,"turns":5},{"damage":0,"enemies":"Shelled Parasite and Fungi","floor":21,"turns":1}],"seed_played":"1443375680665895203","potions_obtained":[{"floor":3,"key":"LifebloodPotion"},{"floor":4,"key":"Languid Potion"},{"floor":12,"key":"Weak Potion"},{"floor":16,"key":"SkillPotion"},{"floor":18,"key":"Cursed Concoction"}],"is_trial":false,"path_per_floor":["M","$","M","M","M","E","R","$","T","?","E","M","M","E","R","B",null,"M","$","M","M"],"character_chosen":"IRONCLAD","items_purchased":["REME_ACTH","GuppysHead","GuppysPaw","Damocles","ClockworkSouvenir","Dota2Spire:BattleFury"],"campfire_rested":0,"item_purchase_floors":[2,8,17,17,19,19],"current_hp_per_floor":[80,80,80,80,66,44,44,44,44,33,39,44,80,66,66,72,45,45,45,45,0,0],"gold":131,"neow_bonus":"THREE_ENEMY_KILL","is_daily":false,"chose_seed":false,"campfire_upgraded":1,"win_rate":0.0,"timestamp":1613018830,"path_taken":["M","?","M","?","?","E","R","$","T","?","E","M","M","E","R","BOSS","M","$","M","M"],"items_purchased_type":["Card","Relic","Relic","Relic","Relic","Relic"],"build_version":"2020-12-22","purchased_purges":0,"victory":false,"max_hp_per_floor":[80,80,80,80,80,80,80,80,80,80,80,80,80,80,80,80,45,45,45,45,45,45],"relic_stats":{"counters":[13,40],"Tiny Chest":0,"obtain_stats":[{"KeepersGift":0,"Damocles":17,"AT_ATBox":0,"testmod-TestBox":0,"NeowsBlessing":0,"HowToJump":6,"GuppysPaw":17,"conspire:SlowCooker":17,"Dota2Spire:BattleFury":19,"DeadEye":18,"Ancient Tea Set":20,"Burning Blood":0,"ClockworkSouvenir":19,"testmod-Hope":0,"Tiny Chest":11,"SalivaCoin":0,"Garlic":14,"GuppysHead":8,"HushsDoor":0,"REME_ComplimentaryCards":0,"Dota2Spire:PhaseBoots":9},{"KeepersGift":0,"Damocles":10,"AT_ATBox":0,"testmod-TestBox":0,"NeowsBlessing":0,"HowToJump":5,"GuppysPaw":10,"conspire:SlowCooker":10,"Dota2Spire:BattleFury":11,"DeadEye":11,"Ancient Tea Set":12,"Burning Blood":0,"ClockworkSouvenir":11,"testmod-Hope":0,"Tiny Chest":6,"SalivaCoin":0,"Garlic":9,"GuppysHead":5,"HushsDoor":0,"REME_ComplimentaryCards":0,"Dota2Spire:PhaseBoots":5},{"KeepersGift":0,"Damocles":29,"AT_ATBox":0,"testmod-TestBox":0,"NeowsBlessing":0,"HowToJump":13,"GuppysPaw":29,"conspire:SlowCooker":29,"Dota2Spire:BattleFury":34,"DeadEye":34,"Ancient Tea Set":39,"Burning Blood":0,"ClockworkSouvenir":34,"testmod-Hope":0,"Tiny Chest":15,"SalivaCoin":0,"Garlic":22,"GuppysHead":13,"HushsDoor":0,"REME_ComplimentaryCards":0,"Dota2Spire:PhaseBoots":13}],"Burning Blood":42},"card_choices":[{"not_picked":[],"picked":"DoctorFetus","floor":0},{"not_picked":[],"picked":"DoctorFetus","floor":0},{"not_picked":["Replay:Undeath\u0027s Touch","Anger"],"picked":"Cleave","floor":1},{"not_picked":["Dual Wield","Bomb"],"picked":"Flex","floor":3},{"not_picked":["Bomb","True Grit"],"picked":"Blood for Blood","floor":4},{"not_picked":["AT_ManFootWork","ReplayTheSpireMod:Corrosion Curse"],"picked":"ReplayTheSpireMod:Limb From Limb","floor":5},{"not_picked":["Clash","Wild Strike"],"picked":"Replay:Undeath\u0027s Touch","floor":6},{"not_picked":["Body Slam","Replay:Undeath\u0027s Touch"],"picked":"Rampage","floor":11},{"not_picked":["ReplayReversal","Flame Barrier"],"picked":"AT_ShrugMaster","floor":12},{"not_picked":["Abandon","Warcry"],"picked":"Anger","floor":13},{"not_picked":["Reckless Charge","conspire:Purge"],"picked":"Bomb","floor":14},{"not_picked":["Immolate","REME_ACTH"],"picked":"Limit Break","floor":16},{"not_picked":["AT_DrawKnifeCut","Shrug It Off"],"picked":"Metallicize+1","floor":18},{"not_picked":["Dark Embrace","AT_GerminateFire"],"picked":"True Grit+1","floor":20}],"player_experience":160204,"relics_obtained":[{"floor":6,"key":"HowToJump"},{"floor":9,"key":"Dota2Spire:PhaseBoots"},{"floor":11,"key":"Tiny Chest"},{"floor":14,"key":"Garlic"},{"floor":18,"key":"DeadEye"},{"floor":20,"key":"Ancient Tea Set"}],"event_choices":[{"damage_healed":0,"gold_gain":75,"player_choice":"Gather Gold","damage_taken":11,"max_hp_gain":0,"max_hp_loss":0,"event_name":"World of Goop","floor":10,"gold_loss":0}],"is_beta":false,"boss_relics":[{"not_picked":["Dota2Spire:Bloodstone","Ectoplasm"],"picked":"conspire:SlowCooker"},{"not_picked":[]}],"items_purged_floors":[],"is_endless":false,"potions_floor_spawned":[3,4,11,12,16,18],"killed_by":"Shelled Parasite and Fungi","ascension_level":3}}