{"host":"vyjryxuuuxkt43k4","time":1613065419,"event":{"mods":["AchievementEnabler","BaseMod","Colored Map","DeckTracker","Keyboard Shortcuts","Minty Spire (QoL Compilation)","Permanent Neow","Quick Restart","StSLib","SuperFastMode","everything is the same but u backflip on backflip"],"gold_per_floor":[114,114,127,137,148,148,201,235,235,235,249,249,281,294,294,371,371,386,386,386,386,404,404,404,404,404,75,110,110,110,137,137,212,212,232,248,248,259,4,4,4,4,51,51,51,84,102,102,102,102,102,102,102,22,22,22],"floor_reached":55,"language":"KOR","playtime":2711,"items_purged":["Writhe","Strike_R"],"score":1828,"play_id":"076b31f1-5187-455f-ac51-88920bd097de","local_time":"20210212024339","is_ascension_mode":true,"campfire_choices":[{"data":"Burning Pact","floor":6.0,"key":"SMITH"},{"data":"Uppercut","floor":12.0,"key":"SMITH"},{"data":"Evolve","floor":15.0,"key":"SMITH"},{"data":"Body Slam","floor":23.0,"key":"SMITH"},{"data":"Dark Embrace","floor":25.0,"key":"SMITH"},{"data":"Second Wind","floor":30.0,"key":"SMITH"},{"floor":32.0,"key":"REST"},{"data":"Purity","floor":40.0,"key":"SMITH"},{"data":"Fire Breathing","floor":42.0,"key":"SMITH"},{"data":"Fiend Fire","floor":44.0,"key":"SMITH"},{"floor":49.0,"key":"RECALL"},{"data":"Finesse","floor":53,"key":"SMITH"}],"circlet_count":0,"master_deck":["AscendersBane","Strike_R","Defend_R","Defend_R+1","Defend_R","Defend_R","Bash","Injury","Flame Barrier","Rage","Pummel","Metallicize","Burning Pact+1","Shrug It Off","Power Through+1","Uppercut+1","Evolve+1","Second Wind+1","Barricade+1","Body Slam+1","Dark Embrace+1","Fire Breathing+1","Seeing Red+1","Fiend Fire+1","Juggernaut+1","CurseOfTheBell","Purity+1","Finesse+1"],"relics":["Burning Blood","Boot","Happy Flower","Self Forming Clay","Lizard Tail","Juzu Bracelet","Runic Dome","Bag of Marbles","Pantograph","Anchor","Ice Cream","Ornamental Fan","Regal Pillow","Calling Bell","War Paint","InkBottle","Mango","Membership Card","Centennial Puzzle","TheAbacus"],"acts_visited":["Exordium","TheCity","TheBeyond","TheEnding"],"potions_floor_usage":[],"damage_taken":[{"damage":3.0,"enemies":"2 Louse","floor":1.0,"turns":4.0},{"damage":8.0,"enemies":"Cultist","floor":3.0,"turns":5.0},{"damage":14.0,"enemies":"Jaw Worm","floor":4.0,"turns":8.0},{"damage":19.0,"enemies":"Looter","floor":5.0,"turns":4.0},{"damage":10.0,"enemies":"3 Sentries","floor":8.0,"turns":23.0},{"damage":12.0,"enemies":"3 Louse","floor":11.0,"turns":8.0},{"damage":9.0,"enemies":"Lagavulin","floor":13.0,"turns":11.0},{"damage":7.0,"enemies":"Red Slaver","floor":14.0,"turns":3.0},{"damage":38.0,"enemies":"The Guardian","floor":16.0,"turns":29.0},{"damage":0.0,"enemies":"Spheric Guardian","floor":18.0,"turns":16.0},{"damage":13.0,"enemies":"3 Byrds","floor":22.0,"turns":6.0},{"damage":39.0,"enemies":"Slavers","floor":28.0,"turns":5.0},{"damage":6.0,"enemies":"Book of Stabbing","floor":31.0,"turns":5.0},{"damage":35.0,"enemies":"Automaton","floor":33.0,"turns":11.0},{"damage":0.0,"enemies":"3 Shapes","floor":35.0,"turns":4.0},{"damage":21.0,"enemies":"3 Darklings","floor":36.0,"turns":5.0},{"damage":18.0,"enemies":"Transient","floor":38.0,"turns":6.0},{"damage":37.0,"enemies":"Nemesis","floor":46.0,"turns":5.0},{"damage":12.0,"enemies":"4 Shapes","floor":47.0,"turns":3.0},{"damage":23.0,"enemies":"Donu and Deca","floor":50.0,"turns":6.0},{"damage":16,"enemies":"Awakened One","floor":51,"turns":6},{"damage":77,"enemies":"Shield and Spear","floor":55,"turns":4}],"seed_played":"-4439982928730486360","potions_obtained":[{"floor":3.0,"key":"ElixirPotion"},{"floor":5.0,"key":"EssenceOfSteel"},{"floor":8.0,"key":"PowerPotion"},{"floor":11.0,"key":"Explosive Potion"},{"floor":28.0,"key":"ColorlessPotion"},{"floor":33.0,"key":"Swift Potion"},{"floor":38.0,"key":"FearPotion"},{"floor":46.0,"key":"FearPotion"}],"is_trial":false,"path_per_floor":["M","?","M","M","M","R","T","E","T","?","M","R","E","M","R","B",null,"M","?","?","?","M","R","?","R","T","$","E","T","R","E","R","B",null,"M","M","?","M","$","R","$","R","T","R","?","E","M","?","R","B","B",null,"R","$","E"],"character_chosen":"IRONCLAD","items_purchased":["Fire Breathing","Anchor","Membership Card","Purity","TheAbacus"],"campfire_rested":1,"item_purchase_floors":[27,27,39,39,54],"current_hp_per_floor":[71,71,69,61,48,48,48,44,44,33,27,27,24,23,23,39,66,72,72,72,72,65,65,65,65,65,65,32,32,32,32,69,46,82,88,73,73,61,61,61,61,61,61,61,61,30,24,24,24,32,47,76,76,76,0,0],"gold":22,"neow_bonus":"TRANSFORM_TWO_CARDS","is_daily":false,"chose_seed":false,"campfire_upgraded":10,"win_rate":0.0,"timestamp":1613065419,"path_taken":["M","?","M","?","M","R","?","E","T","?","M","R","E","M","R","BOSS","M","?","?","?","M","R","?","R","T","$","E","?","R","E","R","BOSS","M","M","?","M","$","R","?","R","T","R","?","E","M","?","R","BOSS","BOSS","R","$","E"],"items_purchased_type":["Card","Relic","Relic","Card","Relic"],"build_version":"2020-12-22","purchased_purges":2,"victory":false,"max_hp_per_floor":[75,75,75,75,75,75,75,75,75,75,75,75,75,75,75,75,75,75,75,75,75,75,75,75,75,75,75,75,75,75,75,75,75,89,89,89,89,89,89,89,89,89,89,89,85,85,85,85,85,85,85,85,85,85,85,85],"card_choices":[{"not_picked":["Headbutt","Ghostly Armor"],"picked":"Pummel","floor":1.0},{"not_picked":["Combust","Sever Soul"],"picked":"Burning Pact","floor":3.0},{"not_picked":["Sword Boomerang","Body Slam"],"picked":"Shrug It Off","floor":4.0},{"not_picked":["Pummel","Headbutt"],"picked":"Power Through","floor":5.0},{"not_picked":["Thunderclap","Dual Wield"],"picked":"Uppercut","floor":8.0},{"not_picked":["Pummel","Warcry"],"picked":"Evolve","floor":11.0},{"not_picked":["Combust","Thunderclap","Flex"],"picked":"SKIP","floor":13.0},{"not_picked":["Rupture","Cleave"],"picked":"Second Wind","floor":14.0},{"not_picked":["Corruption","Fiend Fire"],"picked":"Barricade","floor":16.0},{"not_picked":["Cleave","Infernal Blade"],"picked":"Body Slam","floor":18.0},{"not_picked":["Anger","Pommel Strike","Havoc"],"picked":"SKIP","floor":22.0},{"not_picked":["Warcry","Pummel"],"picked":"Seeing Red+1","floor":28.0},{"not_picked":["Metallicize","Thunderclap"],"picked":"Fiend Fire","floor":31.0},{"not_picked":["Fiend Fire","Bludgeon"],"picked":"Juggernaut","floor":33.0},{"not_picked":["Clash","Headbutt+1","Whirlwind"],"picked":"SKIP","floor":35.0},{"not_picked":["Cleave","Pommel Strike","Inflame+1"],"picked":"SKIP","floor":36.0},{"not_picked":["Dropkick","Sword Boomerang+1","Warcry"],"picked":"SKIP","floor":38.0},{"not_picked":["Thunderclap+1","Rampage+1","Warcry"],"picked":"SKIP","floor":46.0},{"not_picked":["Blood for Blood","Barricade","Sword Boomerang"],"picked":"SKIP","floor":47.0},{"not_picked":["Flash of Steel","Madness"],"picked":"Finesse","floor":48.0}],"player_experience":957371,"relics_obtained":[{"floor":7.0,"key":"Boot"},{"floor":8.0,"key":"Happy Flower"},{"floor":9.0,"key":"Self Forming Clay"},{"floor":13.0,"key":"Juzu Bracelet"},{"floor":26.0,"key":"Pantograph"},{"floor":28.0,"key":"Ice Cream"},{"floor":29.0,"key":"Ornamental Fan"},{"floor":31.0,"key":"Regal Pillow"},{"floor":34.0,"key":"War Paint"},{"floor":34.0,"key":"InkBottle"},{"floor":34.0,"key":"Mango"},{"floor":46.0,"key":"Centennial Puzzle"}],"event_choices":[{"damage_healed":0.0,"max_hp_gain":0.0,"max_hp_loss":0.0,"gold_gain":0.0,"cards_transformed":["Strike_R"],"event_name":"Transmorgrifier","player_choice":"Transformed","floor":2.0,"gold_loss":0.0,"damage_taken":0.0,"cards_obtained":["Metallicize"]},{"damage_healed":0.0,"max_hp_gain":0.0,"max_hp_loss":0.0,"gold_gain":0.0,"event_name":"Scrap Ooze","player_choice":"Success","floor":10.0,"gold_loss":0.0,"damage_taken":11.0,"relics_obtained":["Lizard Tail"]},{"damage_healed":0.0,"max_hp_gain":0.0,"max_hp_loss":0.0,"gold_gain":0.0,"event_name":"The Library","player_choice":"Read","floor":19.0,"gold_loss":0.0,"damage_taken":0.0,"cards_obtained":["Dark Embrace"]},{"damage_healed":0.0,"max_hp_gain":0.0,"max_hp_loss":0.0,"gold_gain":0.0,"event_name":"The Mausoleum","player_choice":"Opened","floor":20.0,"gold_loss":0.0,"damage_taken":0.0,"relics_obtained":["Bag of Marbles"],"cards_obtained":["Writhe"]},{"damage_healed":0.0,"max_hp_gain":0.0,"max_hp_loss":0.0,"gold_gain":0.0,"event_name":"Upgrade Shrine","player_choice":"Upgraded","floor":21.0,"gold_loss":0.0,"damage_taken":0.0,"cards_upgraded":["Barricade"]},{"damage_healed":0.0,"max_hp_gain":0.0,"max_hp_loss":0.0,"gold_gain":0.0,"event_name":"Vampires","player_choice":"Ignored","floor":24.0,"gold_loss":0.0,"damage_taken":0.0},{"damage_healed":0.0,"max_hp_gain":0.0,"max_hp_loss":0.0,"gold_gain":0.0,"event_name":"Upgrade Shrine","player_choice":"Upgraded","floor":37.0,"gold_loss":0.0,"damage_taken":0.0,"cards_upgraded":["Juggernaut"]},{"damage_healed":0.0,"max_hp_gain":0.0,"max_hp_loss":4.0,"gold_gain":0.0,"event_name":"Winding Halls","player_choice":"Max HP","floor":45.0,"gold_loss":0.0,"damage_taken":0.0},{"damage_healed":0.0,"max_hp_gain":0.0,"max_hp_loss":0.0,"gold_gain":0.0,"event_name":"SensoryStone","player_choice":"Memory 1","floor":48.0,"gold_loss":0.0,"damage_taken":0.0}],"is_beta":false,"boss_relics":[{"not_picked":["Black Star","SacredBark"],"picked":"Runic Dome"},{"not_picked":["Black Blood","Busted Crown"],"picked":"Calling Bell"}],"items_purged_floors":[27,39],"is_endless":false,"potions_floor_spawned":[3,5,8,11,28,33,38,46],"killed_by":"Shield and Spear","ascension_level":20}}