{"host":"2n2g1vowfllvjtvi","time":1613053231,"event":{"mods":["AchievementEnabler","BaseMod","Custom Start","GifTheSpireLib","Keyboard Shortcuts","Minty Spire (QoL Compilation)","Permanent Neow","Quick Restart","StSLib","SuperFastMode"],"gold_per_floor":[110,130,130,10,24,24,56,56,56,73,73,106,106,126,126,224,224,240,240,86,104,104,130,148,182,182,82,100,8,25,25,25,129,129,148,162,37,52,68,94,109,109,109,125,22,50,66,84,84,84,84,84,33,33,33],"floor_reached":54,"language":"KOR","playtime":1044,"items_purged":["Strike_P","Strike_P","Strike_P"],"score":1086,"play_id":"ba3a7f37-699d-4f39-8887-53fb9c646a0a","local_time":"20210211232031","is_ascension_mode":true,"campfire_choices":[{"data":"Eruption","floor":6.0,"key":"SMITH"},{"data":"Apotheosis","floor":8.0,"key":"SMITH"},{"floor":11.0,"key":"RECALL"},{"data":"Evaluate","floor":15.0,"key":"SMITH"},{"floor":32.0,"key":"REST"},{"floor":42,"key":"REST"},{"floor":49,"key":"REST"},{"floor":52,"key":"REST"}],"circlet_count":0,"master_deck":["Strike_P","Defend_P","Defend_P","Defend_P","Defend_P","Eruption+1","Vigilance","Apotheosis+1","Tantrum","EmptyFist","Ragnarok","Evaluate+1","Vault+1","TalkToTheHand","FearNoEvil","Flash of Steel","Scrawl","InnerPeace+1","MentalFortress","Halt"],"relics":["PureWater","Torii","Sundial","Blue Candle","Fusion Hammer","TheAbacus","Toy Ornithopter","Calipers","White Beast Statue","SacredBark","Akabeko","Turnip"],"acts_visited":["Exordium","TheCity","TheBeyond","TheEnding"],"potions_floor_usage":[38,39,40,41,46,46,50,50,54],"damage_taken":[{"damage":0.0,"enemies":"Cultist","floor":1.0,"turns":2.0},{"damage":0.0,"enemies":"2 Louse","floor":2.0,"turns":2.0},{"damage":4.0,"enemies":"Jaw Worm","floor":5.0,"turns":2.0},{"damage":12.0,"enemies":"Lagavulin","floor":7.0,"turns":5.0},{"damage":0.0,"enemies":"Large Slime","floor":10.0,"turns":3.0},{"damage":10.0,"enemies":"Gremlin Nob","floor":12.0,"turns":3.0},{"damage":0.0,"enemies":"Looter","floor":14.0,"turns":1.0},{"damage":2.0,"enemies":"Hexaghost","floor":16.0,"turns":5.0},{"damage":0.0,"enemies":"Spheric Guardian","floor":18.0,"turns":1.0},{"damage":8.0,"enemies":"2 Thieves","floor":21.0,"turns":5.0},{"damage":0.0,"enemies":"Gremlin Leader","floor":23.0,"turns":5.0},{"damage":2.0,"enemies":"Shelled Parasite and Fungi","floor":24.0,"turns":4.0},{"damage":22.0,"enemies":"Slavers","floor":25.0,"turns":3.0},{"damage":0.0,"enemies":"Snecko","floor":28.0,"turns":2.0},{"damage":0.0,"enemies":"Snake Plant","floor":30.0,"turns":4.0},{"damage":24.0,"enemies":"Automaton","floor":33.0,"turns":9.0},{"damage":10.0,"enemies":"3 Darklings","floor":35.0,"turns":4.0},{"damage":0.0,"enemies":"3 Shapes","floor":36.0,"turns":3.0},{"damage":0,"enemies":"Transient","floor":38,"turns":6},{"damage":0,"enemies":"Maw","floor":39,"turns":5},{"damage":0,"enemies":"Nemesis","floor":40,"turns":6},{"damage":40,"enemies":"4 Shapes","floor":41,"turns":4},{"damage":0,"enemies":"Jaw Worm Horde","floor":44,"turns":2},{"damage":13,"enemies":"Reptomancer","floor":46,"turns":4},{"damage":25,"enemies":"Sphere and 2 Shapes","floor":47,"turns":3},{"damage":12,"enemies":"3 Darklings","floor":48,"turns":4},{"damage":13,"enemies":"Time Eater","floor":50,"turns":13},{"damage":140,"enemies":"Shield and Spear","floor":54,"turns":5}],"seed_played":"-3067896486825295348","potions_obtained":[{"floor":7.0,"key":"FairyPotion"},{"floor":10.0,"key":"Regen Potion"},{"floor":12.0,"key":"ColorlessPotion"},{"floor":14.0,"key":"StancePotion"},{"floor":23.0,"key":"Energy Potion"},{"floor":28.0,"key":"EssenceOfSteel"},{"floor":33.0,"key":"BottledMiracle"},{"floor":35.0,"key":"SkillPotion"},{"floor":36.0,"key":"BlessingOfTheForge"},{"floor":38,"key":"Ambrosia"},{"floor":39,"key":"PowerPotion"},{"floor":40,"key":"Dexterity Potion"},{"floor":41,"key":"Swift Potion"},{"floor":44,"key":"PowerPotion"},{"floor":46,"key":"Dexterity Potion"},{"floor":47,"key":"LiquidBronze"},{"floor":48,"key":"PowerPotion"}],"is_trial":false,"path_per_floor":["M","M","?","$","M","R","E","R","T","M","R","E","?","M","R","B",null,"M","?","$","M","?","E","M","E","T","$","M","$","M","?","R","B",null,"M","M","$","M","M","E","M","R","T","M","$","E","M","M","R","B",null,"R","$","E"],"character_chosen":"WATCHER","items_purchased":["EmptyFist","TheAbacus","Flash of Steel","MentalFortress","Halt","Swift Potion"],"campfire_rested":4,"item_purchase_floors":[4,20,29,45,45,53],"current_hp_per_floor":[65,65,70,70,66,66,54,54,54,54,54,44,44,44,44,42,63,63,63,63,55,55,55,53,45,45,45,45,45,45,45,66,46,64,59,69,69,70,70,70,30,51,51,51,51,48,23,11,32,29,60,70,70,0,0],"gold":33,"neow_bonus":"RANDOM_COLORLESS_2","is_daily":false,"chose_seed":false,"campfire_upgraded":3,"win_rate":0.0,"timestamp":1613053231,"path_taken":["M","?","?","?","M","R","E","R","T","M","R","E","?","M","R","BOSS","M","?","$","?","?","E","M","E","T","?","M","$","M","?","R","BOSS","M","M","$","M","M","E","M","R","T","M","$","E","M","M","R","BOSS","R","$","E"],"items_purchased_type":["Card","Relic","Card","Card","Card","Potion"],"build_version":"2020-12-22","purchased_purges":3,"victory":false,"max_hp_per_floor":[65,65,70,70,70,70,70,70,70,70,70,70,70,70,70,70,70,70,70,70,70,70,70,70,70,70,70,70,70,70,70,70,70,70,70,70,70,70,70,70,70,70,70,70,70,70,70,70,70,70,70,70,70,70,70],"card_choices":[{"not_picked":["Transmutation","Magnetism"],"picked":"Apotheosis","floor":0.0},{"not_picked":["EmptyBody","FlurryOfBlows"],"picked":"Tantrum","floor":1.0},{"not_picked":["ThirdEye","BowlingBash","JustLucky"],"picked":"SKIP","floor":2.0},{"not_picked":["Nirvana","PathToVictory","ThirdEye"],"picked":"SKIP","floor":5.0},{"not_picked":["SpiritShield","Protect","Pray"],"picked":"SKIP","floor":7.0},{"not_picked":["PathToVictory","BowlingBash","JustLucky"],"picked":"SKIP","floor":10.0},{"not_picked":["PathToVictory","EmptyBody"],"picked":"Ragnarok","floor":12.0},{"not_picked":["SandsOfTime","Indignation"],"picked":"Evaluate","floor":14.0},{"not_picked":["DeusExMachina","ConjureBlade"],"picked":"Vault","floor":16.0},{"not_picked":["Evaluate","Prostrate","SashWhip"],"picked":"SKIP","floor":18.0},{"not_picked":["Study","PathToVictory"],"picked":"TalkToTheHand","floor":21.0},{"not_picked":["Pray","DevaForm"],"picked":"FearNoEvil","floor":23.0},{"not_picked":["FlyingSleeves","Crescendo+1","CutThroughFate"],"picked":"SKIP","floor":24.0},{"not_picked":["FollowUp","EmptyBody","FlyingSleeves+1"],"picked":"SKIP","floor":25.0},{"not_picked":["ThirdEye","Crescendo","SignatureMove"],"picked":"SKIP","floor":28.0},{"not_picked":["LikeWater+1","Evaluate","Devotion"],"picked":"SKIP","floor":30.0},{"not_picked":["Wish","Establishment"],"picked":"Scrawl","floor":33.0},{"not_picked":["CutThroughFate+1","JustLucky","BowlingBash+1"],"picked":"SKIP","floor":35.0},{"not_picked":["JustLucky+1","LikeWater"],"picked":"InnerPeace+1","floor":36.0},{"not_picked":["Protect+1","FlyingSleeves+1","FollowUp+1"],"picked":"SKIP","floor":38},{"not_picked":["Protect+1","Prostrate","Nirvana"],"picked":"SKIP","floor":39},{"not_picked":["JustLucky","Fasting2+1","SpiritShield"],"picked":"SKIP","floor":40},{"not_picked":["ForeignInfluence","Crescendo+1","Protect+1"],"picked":"SKIP","floor":41},{"not_picked":["CrushJoints","Protect","BowlingBash+1"],"picked":"SKIP","floor":44},{"not_picked":["Meditate","Vault","EmptyFist+1"],"picked":"SKIP","floor":46},{"not_picked":["BowlingBash+1","Halt","PathToVictory+1"],"picked":"SKIP","floor":47},{"not_picked":["SashWhip","Swivel","FollowUp+1"],"picked":"SKIP","floor":48}],"player_experience":227775,"relics_obtained":[{"floor":7.0,"key":"Torii"},{"floor":9.0,"key":"Sundial"},{"floor":12.0,"key":"Blue Candle"},{"floor":23.0,"key":"Toy Ornithopter"},{"floor":25.0,"key":"Calipers"},{"floor":26.0,"key":"White Beast Statue"},{"floor":40,"key":"Akabeko"},{"floor":46,"key":"Turnip"}],"event_choices":[{"damage_healed":0.0,"max_hp_gain":5.0,"max_hp_loss":0.0,"gold_gain":0.0,"event_name":"Big Fish","player_choice":"Donut","floor":3.0,"gold_loss":0.0,"damage_taken":0.0},{"damage_healed":0.0,"max_hp_gain":0.0,"max_hp_loss":0.0,"gold_gain":0.0,"event_name":"Shining Light","player_choice":"Ignored","floor":13.0,"gold_loss":0.0,"damage_taken":0.0},{"damage_healed":0.0,"max_hp_gain":0.0,"max_hp_loss":0.0,"gold_gain":0.0,"event_name":"Lab","player_choice":"Got Potions","floor":19.0,"gold_loss":0.0,"damage_taken":0.0},{"damage_healed":0.0,"max_hp_gain":0.0,"max_hp_loss":0.0,"gold_gain":0.0,"event_name":"Match and Keep!","player_choice":"0 cards matched","floor":22.0,"gold_loss":0.0,"damage_taken":0.0,"cards_obtained":[]},{"damage_healed":0.0,"max_hp_gain":0.0,"max_hp_loss":0.0,"gold_gain":0.0,"event_name":"Upgrade Shrine","player_choice":"Upgraded","floor":31.0,"gold_loss":0.0,"damage_taken":0.0,"cards_upgraded":["Vault"]}],"is_beta":false,"boss_relics":[{"not_picked":["HolyWater","Pandora\u0027s Box"],"picked":"Fusion Hammer"},{"not_picked":["Snecko Eye","Tiny House"],"picked":"SacredBark"}],"items_purged_floors":[4,27,37],"is_endless":false,"potions_floor_spawned":[7,10,12,14,21,23,28,30,33,35,36,38,39,40,41,44,46,47,48],"killed_by":"Shield and Spear","ascension_level":8}}