{"host":"vlqej45p0v31lhdi","time":1613023708,"event":{"mods":["AchievementEnabler","BaseMod","Bestiary","Colored Powertips","Minty Spire (QoL Compilation)","Relic Stats"],"gold_per_floor":[115,38,55,55,55,55,90,101,101,112,112,112,145,4,4,102,102,115,149,170,186,200,200,214,238,238,253,253,253,286,304,304,399,399,422,755,809,819,833,864,864,878,901,919,255,266,284,284,284],"floor_reached":48,"language":"ENG","playtime":3879,"items_purged":["Pain"],"score":940,"play_id":"263233af-9efc-4b37-afe6-8f15368ed790","local_time":"20210211000828","is_ascension_mode":true,"campfire_choices":[{"data":"Cleave","floor":6.0,"key":"SMITH"},{"data":"Feel No Pain","floor":11.0,"key":"SMITH"},{"data":"Fiend Fire","floor":15.0,"key":"SMITH"},{"data":"Demon Form","floor":23.0,"key":"SMITH"},{"data":"Fiend Fire","floor":28.0,"key":"SMITH"},{"floor":32.0,"key":"REST"},{"floor":41.0,"key":"REST"}],"circlet_count":0,"master_deck":["AscendersBane","Strike_R","Strike_R","Strike_R","Strike_R","Defend_R","Defend_R","Defend_R","Defend_R","Bash","Hemokinesis","Cleave+1","Burning Pact","Feel No Pain+1","Fiend Fire+1","Fiend Fire+1","Thunderclap+1","Demon Form+1","Power Through","Power Through","Ghostly Armor","Power Through+1","Injury","Dropkick","Corruption","Shame","Flame Barrier","Flame Barrier","Evolve"],"relics":["Snecko Eye","Singing Bowl","Kunai","Akabeko","Cursed Key","Red Mask","Peace Pipe","Busted Crown","Nunchaku","Bottled Tornado","Smiling Mask","OrangePellets","HornCleat","Art of War"],"acts_visited":["Exordium","TheCity","TheBeyond"],"potions_floor_usage":[48],"damage_taken":[{"damage":8.0,"enemies":"2 Louse","floor":1.0,"turns":3.0},{"damage":2.0,"enemies":"Small Slimes","floor":3.0,"turns":2.0},{"damage":17.0,"enemies":"Gremlin Nob","floor":7.0,"turns":3.0},{"damage":2.0,"enemies":"Jaw Worm","floor":8.0,"turns":3.0},{"damage":0.0,"enemies":"3 Louse","floor":10.0,"turns":2.0},{"damage":18.0,"enemies":"3 Sentries","floor":13.0,"turns":6.0},{"damage":19.0,"enemies":"Hexaghost","floor":16.0,"turns":9.0},{"damage":0.0,"enemies":"2 Thieves","floor":18.0,"turns":2.0},{"damage":4.0,"enemies":"Masked Bandits","floor":19.0,"turns":3.0},{"damage":0.0,"enemies":"Shell Parasite","floor":20.0,"turns":1.0},{"damage":4.0,"enemies":"Chosen and Byrds","floor":21.0,"turns":3.0},{"damage":2.0,"enemies":"Shelled Parasite and Fungi","floor":22.0,"turns":2.0},{"damage":8.0,"enemies":"Cultist and Chosen","floor":24.0,"turns":3.0},{"damage":0.0,"enemies":"Snecko","floor":25.0,"turns":3.0},{"damage":0.0,"enemies":"Snake Plant","floor":27.0,"turns":1.0},{"damage":0.0,"enemies":"Gremlin Leader","floor":30.0,"turns":2.0},{"damage":16.0,"enemies":"Centurion and Healer","floor":31.0,"turns":4.0},{"damage":45.0,"enemies":"Automaton","floor":33.0,"turns":9.0},{"damage":0.0,"enemies":"Orb Walker","floor":35.0,"turns":3.0},{"damage":0.0,"enemies":"3 Shapes","floor":38.0,"turns":3.0},{"damage":0.0,"enemies":"Writhing Mass","floor":39.0,"turns":3.0},{"damage":69.0,"enemies":"Nemesis","floor":40.0,"turns":7.0},{"damage":0.0,"enemies":"Spire Growth","floor":42.0,"turns":3.0},{"damage":12.0,"enemies":"3 Darklings","floor":44.0,"turns":8.0},{"damage":6.0,"enemies":"Sphere and 2 Shapes","floor":46.0,"turns":5.0},{"damage":0.0,"enemies":"Maw","floor":47.0,"turns":6.0},{"damage":19,"enemies":"Reptomancer","floor":48,"turns":2}],"seed_played":"3397403079608305347","potions_obtained":[{"floor":1.0,"key":"LiquidBronze"},{"floor":7.0,"key":"LiquidMemories"},{"floor":8.0,"key":"BloodPotion"},{"floor":16.0,"key":"PowerPotion"},{"floor":21.0,"key":"Regen Potion"},{"floor":24.0,"key":"Explosive Potion"},{"floor":25.0,"key":"SkillPotion"},{"floor":33.0,"key":"EssenceOfSteel"},{"floor":35.0,"key":"Dexterity Potion"},{"floor":40.0,"key":"Block Potion"},{"floor":46.0,"key":"DistilledChaos"}],"is_trial":false,"path_per_floor":["M","$","M","$","?","R","E","M","T","M","R","?","E","$","R","B",null,"M","?","M","M","M","R","M","M","T","M","R","?","E","M","R","B",null,"M","?","T","M","M","E","R","M","T","M","$","M","M","E"],"character_chosen":"IRONCLAD","items_purchased":["Hemokinesis","Fiend Fire","OrangePellets","HornCleat","Evolve","Art of War"],"campfire_rested":2,"item_purchase_floors":[2,14,45,45,45,45],"current_hp_per_floor":[60,60,58,58,51,51,36,34,34,34,34,34,32,32,32,13,57,57,53,53,49,47,47,39,41,41,43,43,43,45,31,55,25,66,68,68,68,70,70,1,26,28,28,18,18,14,16,0,0],"gold":284,"neow_bonus":"BOSS_RELIC","is_daily":false,"chose_seed":false,"campfire_upgraded":5,"win_rate":0.0,"timestamp":1613023708,"path_taken":["M","$","M","$","?","R","E","M","T","M","R","?","E","?","R","BOSS","M","?","M","M","M","R","M","M","T","M","R","?","E","M","R","BOSS","M","?","?","M","M","E","R","?","T","M","$","?","?","E"],"items_purchased_type":["Card","Card","Relic","Relic","Card","Relic"],"build_version":"2020-12-22","purchased_purges":1,"victory":false,"max_hp_per_floor":[75,75,75,75,75,75,77,77,77,77,77,70,72,72,72,72,72,72,72,72,72,72,72,72,74,74,76,76,76,78,80,80,80,80,82,82,82,84,84,84,84,86,86,88,88,90,92,92,92],"relic_stats":{"Peace Pipe":0,"OrangePellets":[6],"Nunchaku":[7],"Busted Crown":16,"Singing Bowl":24,"counters":[27,101],"Snecko Eye":[150,165,138,144],"Art of War":[0],"Kunai":[20],"Cursed Key":3,"Smiling Mask":25,"obtain_stats":[{"Singing Bowl":7,"Golden Idol":12,"Bottled Tornado":40,"Cursed Key":17,"Smiling Mask":43,"Burning Blood":0,"Akabeko":13,"Peace Pipe":30,"OrangePellets":45,"Nunchaku":37,"Busted Crown":34,"HornCleat":45,"Snecko Eye":0,"Red Mask":19,"Art of War":45,"Kunai":9},{"Singing Bowl":3,"Golden Idol":5,"Bottled Tornado":22,"Cursed Key":7,"Smiling Mask":23,"Burning Blood":0,"Akabeko":6,"Peace Pipe":16,"OrangePellets":24,"Nunchaku":19,"Busted Crown":18,"HornCleat":24,"Snecko Eye":0,"Red Mask":9,"Art of War":24,"Kunai":4},{"Singing Bowl":8,"Golden Idol":13,"Bottled Tornado":77,"Cursed Key":28,"Smiling Mask":80,"Burning Blood":0,"Akabeko":19,"Peace Pipe":48,"OrangePellets":88,"Nunchaku":64,"Busted Crown":61,"HornCleat":88,"Snecko Eye":0,"Red Mask":33,"Art of War":88,"Kunai":11}]},"card_choices":[{"not_picked":["Power Through","Second Wind","Flex"],"picked":"SKIP","floor":1.0},{"not_picked":["Searing Blow","Reckless Charge"],"picked":"Cleave","floor":3.0},{"not_picked":["Flex","Pommel Strike","Headbutt"],"picked":"Singing Bowl","floor":7.0},{"not_picked":["Combust","Fire Breathing"],"picked":"Burning Pact","floor":8.0},{"not_picked":["Armaments","True Grit"],"picked":"Feel No Pain","floor":10.0},{"not_picked":["Rage","Armaments","Twin Strike"],"picked":"Singing Bowl","floor":13.0},{"not_picked":["Double Tap","Impervious"],"picked":"Fiend Fire","floor":16.0},{"not_picked":["Headbutt","Twin Strike"],"picked":"Thunderclap+1","floor":18.0},{"not_picked":["Iron Wave","Thunderclap"],"picked":"Demon Form","floor":19.0},{"not_picked":["Warcry","Shrug It Off"],"picked":"Power Through","floor":20.0},{"not_picked":["Uppercut","Headbutt"],"picked":"Power Through","floor":21.0},{"not_picked":["Spot Weakness","Iron Wave"],"picked":"Ghostly Armor","floor":22.0},{"not_picked":["Shrug It Off","Armaments+1"],"picked":"Power Through+1","floor":24.0},{"not_picked":["Burning Pact","Clothesline","Warcry"],"picked":"Singing Bowl","floor":25.0},{"not_picked":["Pommel Strike","Uppercut","Clash+1"],"picked":"Singing Bowl","floor":27.0},{"not_picked":["Rage","Inflame","Brutality"],"picked":"Singing Bowl","floor":30.0},{"not_picked":["Headbutt","Havoc","Flex"],"picked":"Singing Bowl","floor":31.0},{"not_picked":["Feed","Impervious"],"picked":"Corruption","floor":33.0},{"not_picked":["Wild Strike"],"picked":"Singing Bowl","floor":35.0},{"not_picked":["Carnage+1"],"picked":"Singing Bowl","floor":38.0},{"not_picked":[],"picked":"Flame Barrier","floor":39.0},{"not_picked":[],"picked":"Flame Barrier","floor":40.0},{"not_picked":["Flex"],"picked":"Singing Bowl","floor":42.0},{"not_picked":["Metallicize"],"picked":"Singing Bowl","floor":44.0},{"not_picked":["Wild Strike"],"picked":"Singing Bowl","floor":46.0},{"not_picked":["Havoc"],"picked":"Singing Bowl","floor":47.0}],"player_experience":2604173,"relics_obtained":[{"floor":7.0,"key":"Singing Bowl"},{"floor":9.0,"key":"Kunai"},{"floor":13.0,"key":"Akabeko"},{"floor":19.0,"key":"Red Mask"},{"floor":30.0,"key":"Peace Pipe"},{"floor":37.0,"key":"Nunchaku"},{"floor":40.0,"key":"Bottled Tornado"},{"floor":43.0,"key":"Smiling Mask"}],"event_choices":[{"cards_removed":["Strike_R"],"damage_healed":0.0,"max_hp_gain":0.0,"max_hp_loss":0.0,"gold_gain":0.0,"event_name":"Golden Wing","player_choice":"Card Removal","floor":5.0,"gold_loss":0.0,"damage_taken":7.0},{"damage_healed":0.0,"max_hp_gain":0.0,"max_hp_loss":7.0,"gold_gain":0.0,"event_name":"Golden Idol","player_choice":"Lose Max HP","floor":12.0,"gold_loss":0.0,"damage_taken":0.0,"relics_obtained":["Golden Idol"]},{"damage_healed":0.0,"max_hp_gain":0.0,"max_hp_loss":0.0,"gold_gain":0.0,"event_name":"Masked Bandits","player_choice":"Fought Bandits","floor":19.0,"gold_loss":0.0,"damage_taken":0.0},{"damage_healed":0.0,"max_hp_gain":0.0,"max_hp_loss":0.0,"gold_gain":0.0,"event_name":"The Library","player_choice":"Read","floor":29.0,"gold_loss":0.0,"damage_taken":0.0,"cards_obtained":["Dropkick"]},{"damage_healed":0.0,"max_hp_gain":0.0,"max_hp_loss":0.0,"gold_gain":333.0,"event_name":"The Moai Head","player_choice":"Gave Idol","floor":36.0,"relics_lost":["Golden Idol"],"gold_loss":0.0,"damage_taken":0.0}],"is_beta":false,"boss_relics":[{"not_picked":["Ectoplasm","Philosopher\u0027s Stone"],"picked":"Cursed Key"},{"not_picked":["Empty Cage","Runic Dome"],"picked":"Busted Crown"}],"items_purged_floors":[45],"is_endless":false,"potions_floor_spawned":[1,7,8,16,21,24,25,27,33,35,40,46],"killed_by":"Reptomancer","ascension_level":15}}