{"host":"zdyzhdc6zlrb7vuj","time":1613063954,"event":{"mods":["BaseMod","Downfall","Hermit","Minty Spire (QoL Compilation)","StSLib","The Bug Knight","The Cursed","The Servant 0.9.4"],"gold_per_floor":[115,115,115,127,25,58,75,90,90,122,140,160,171,183,183,363,363,377,394,394,394,429,459,475,115,166,178,217,257,269,269],"floor_reached":30,"language":"ENG","playtime":3131,"items_purged":[],"score":291,"play_id":"e8595732-9dca-4ed2-a935-e8c30f7c7745","local_time":"20210211171914","is_ascension_mode":false,"campfire_choices":[{"data":"hermit:Manifest","floor":15,"key":"SMITH"}],"circlet_count":0,"master_deck":["hermit:Snapshot","hermit:Covet","hermit:GhostlyPresence","Regret","Pain","hermit:Ricochet","hermit:Headshot","hermit:Brawl","hermit:ItchyTrigger","hermit:FinalCanter","hermit:Manifest+1","hermit:LowProfile","hermit:TakeAim","hermit:Roulette","hermit:WideOpen","hermit:DeadOrAlive","hermit:Gambit","hermit:FatalDesire","hermit:Gambit","hermit:Cheat","hermit:LoneWolf","hermit:GoldenBullet","hermit:Roughhouse","hermit:EyeOfTheStorm","hermit:Manifest","hermit:Malice","hermit:TakeCover+1","hermit:Snipe+1","hermit:ShadowCloak","hermit:BigShot","hermit:Determination","hermit:GoldenBullet","hermit:Misfire+1","hermit:Scavenge"],"relics":["hermit:Momento","NeowsBlessing","Bag of Marbles","WarpedTongs","Ginger","Sundial","PreservedInsect","Pandora\u0027s Box","Red Mask","Bottled Tornado","Darkstone Periapt","MawBank","CeramicFish"],"acts_visited":["Exordium","TheCity"],"potions_floor_usage":[8,14,16,16,16,19,22],"damage_taken":[{"damage":0,"enemies":"Jaw Worm","floor":1,"turns":1},{"damage":0,"enemies":"Small Slimes","floor":4,"turns":1},{"damage":0,"enemies":"Gremlin Nob","floor":6,"turns":1},{"damage":0,"enemies":"Cultist","floor":7,"turns":2},{"damage":2,"enemies":"Lots of Slimes","floor":8,"turns":2},{"damage":12,"enemies":"3 Sentries","floor":10,"turns":6},{"damage":0,"enemies":"Large Slime","floor":11,"turns":4},{"damage":0,"enemies":"Looter","floor":12,"turns":2},{"damage":0,"enemies":"Blue Slaver","floor":13,"turns":2},{"damage":0,"enemies":"3 Louse","floor":14,"turns":3},{"damage":36,"enemies":"The Guardian","floor":16,"turns":11},{"damage":0,"enemies":"Spheric Guardian","floor":18,"turns":3},{"damage":25,"enemies":"Cultist and Chosen","floor":19,"turns":7},{"damage":3,"enemies":"Masked Bandits","floor":22,"turns":5},{"damage":6,"enemies":"HollowMod:Nosk","floor":23,"turns":5},{"damage":0,"enemies":"Snake Plant","floor":24,"turns":3},{"damage":1,"enemies":"Centurion and Healer","floor":28,"turns":6},{"damage":22,"enemies":"Cultist and Chosen","floor":29,"turns":5},{"damage":25,"enemies":"Gremlin Leader","floor":30,"turns":2}],"seed_played":"3494416138338595642","potions_obtained":[{"floor":1,"key":"Slimebound:ThreeZeroPotion"},{"floor":6,"key":"LiquidMemories"},{"floor":11,"key":"Swift Potion"},{"floor":13,"key":"hermit:BlackBile"},{"floor":14,"key":"Energy Potion"},{"floor":16,"key":"BlessingOfTheForge"},{"floor":19,"key":"PowerPotion"},{"floor":22,"key":"Dexterity Potion"},{"floor":29,"key":"BlessingOfTheForge"}],"is_trial":false,"path_per_floor":["M","?","?","M","$","E","M","M","T","E","M","M","M","M","R","B",null,"M","M","?","?","?","E","M","$","T","T","M","M","E"],"character_chosen":"HERMIT","items_purchased":["hermit:Headshot","hermit:Brawl","Darkstone Periapt","hermit:Determination","hermit:GoldenBullet"],"campfire_rested":0,"item_purchase_floors":[5,5,25,25,25],"current_hp_per_floor":[75,75,75,75,75,75,75,73,73,61,61,61,61,61,61,25,75,75,50,50,50,47,41,41,41,41,41,40,18,0,0],"gold":269,"neow_bonus":"THREE_ENEMY_KILL","is_daily":false,"chose_seed":false,"campfire_upgraded":1,"win_rate":0.0,"timestamp":1613063954,"path_taken":["M","?","?","?","?","E","M","M","T","E","M","M","M","M","R","BOSS","M","M","?","?","?","E","M","$","T","?","M","M","E"],"items_purchased_type":["Card","Card","Relic","Card","Card"],"build_version":"2020-12-22","purchased_purges":0,"victory":false,"max_hp_per_floor":[75,75,75,75,75,75,75,75,75,75,75,75,75,75,75,75,75,75,75,75,75,75,75,75,75,75,75,75,75,75,75],"card_choices":[{"not_picked":["hermit:Dive","hermit:CalledShot"],"picked":"hermit:GhostlyPresence","floor":1},{"not_picked":["hermit:Misfire","hermit:SprayPray"],"picked":"hermit:Ricochet","floor":4},{"not_picked":["hermit:Manifest","hermit:Shortfuse"],"picked":"hermit:ItchyTrigger","floor":6},{"not_picked":["hermit:Quickdraw","hermit:Enervate"],"picked":"hermit:FinalCanter","floor":7},{"not_picked":["hermit:HighCaliber","hermit:CalledShot"],"picked":"hermit:Manifest","floor":8},{"not_picked":["hermit:Glare","hermit:SprayPray"],"picked":"hermit:LowProfile","floor":10},{"not_picked":["hermit:Quickdraw","hermit:BodyArmor"],"picked":"hermit:TakeAim","floor":11},{"not_picked":["hermit:Purgatory","hermit:BodyArmor"],"picked":"hermit:Roulette","floor":12},{"not_picked":["hermit:Brawl","hermit:Misfire"],"picked":"hermit:WideOpen","floor":13},{"not_picked":["hermit:Deadeye","hermit:Ricochet"],"picked":"hermit:DeadOrAlive","floor":14},{"not_picked":["hermit:EternalForm","hermit:DeadOrAlive"],"picked":"hermit:Gambit","floor":16},{"not_picked":["hermit:TrackingShot+1","hermit:CalledShot"],"picked":"hermit:Malice","floor":18},{"not_picked":["hermit:SprayPray","hermit:HighCaliber"],"picked":"hermit:TakeCover+1","floor":19},{"not_picked":["hermit:Enervate","hermit:CalledShot"],"picked":"hermit:Snipe+1","floor":22},{"not_picked":["hermit:LowProfile","hermit:Deadeye+1"],"picked":"hermit:ShadowCloak","floor":23},{"not_picked":["hermit:LoneWolf","hermit:HoleUp"],"picked":"hermit:BigShot","floor":24},{"not_picked":["hermit:BodyArmor","hermit:Deadeye"],"picked":"hermit:Misfire+1","floor":28},{"not_picked":["hermit:Snipe","hermit:Spite"],"picked":"hermit:Scavenge","floor":29}],"player_experience":465715,"relics_obtained":[{"floor":6,"key":"Ginger"},{"floor":9,"key":"Sundial"},{"floor":10,"key":"PreservedInsect"},{"floor":22,"key":"Red Mask"},{"floor":23,"key":"Bottled Tornado"},{"floor":26,"key":"MawBank"},{"floor":27,"key":"CeramicFish"}],"event_choices":[{"damage_healed":0,"gold_gain":0,"player_choice":"Box","damage_taken":0,"relics_obtained":["Bag of Marbles"],"max_hp_gain":0,"max_hp_loss":0,"event_name":"Big Fish","floor":2,"gold_loss":0,"cards_obtained":["Regret"]},{"damage_healed":0,"gold_gain":0,"player_choice":"Rummage","damage_taken":0,"relics_obtained":["WarpedTongs"],"max_hp_gain":0,"max_hp_loss":0,"event_name":"Accursed Blacksmith","floor":3,"gold_loss":0,"cards_obtained":["Pain"]},{"damage_healed":0,"gold_gain":0,"player_choice":"Simplicity","damage_taken":0,"max_hp_gain":0,"max_hp_loss":0,"event_name":"Back to Basics","floor":20,"gold_loss":0,"cards_upgraded":[]},{"damage_healed":0,"gold_gain":0,"player_choice":"Ignored","damage_taken":0,"max_hp_gain":0,"max_hp_loss":0,"event_name":"Vampires","floor":21,"gold_loss":0},{"damage_healed":0,"gold_gain":0,"player_choice":"Fought Bandits","damage_taken":0,"max_hp_gain":0,"max_hp_loss":0,"event_name":"Masked Bandits","floor":22,"gold_loss":0}],"is_beta":false,"boss_relics":[{"not_picked":["Runic Pyramid","Ectoplasm"],"picked":"Pandora\u0027s Box"}],"items_purged_floors":[],"is_endless":false,"potions_floor_spawned":[1,6,11,13,14,16,19,22,29],"killed_by":"Gremlin Leader","ascension_level":0}}