{"host":"c3lc60y5x60jlt1y","time":1613061708,"event":{"mods":["AchievementEnabler","BaseMod","Bestiary","Colored Map","Minty Spire (QoL Compilation)","Quick Restart","StSLib","ojb\u0027s Info Mod"],"gold_per_floor":[117,117,42,56,56,83,83,83,83,83,83],"floor_reached":10,"language":"ENG","playtime":404,"items_purged":["Strike_P"],"score":178,"play_id":"92a48712-a6fa-4d92-aaa3-cda714edaabc","local_time":"20210211184148","is_ascension_mode":true,"campfire_choices":[{"data":"Eruption","floor":8,"key":"SMITH"}],"circlet_count":0,"master_deck":["AscendersBane","Strike_P","Strike_P","Strike_P","Defend_P","Defend_P","Defend_P","Eruption+1","Vigilance","Wallop","Sanctity","Worship"],"relics":["PureWater","NeowsBlessing","Damaru","Sundial"],"acts_visited":["Exordium"],"potions_floor_usage":[],"damage_taken":[{"damage":0,"enemies":"Small Slimes","floor":1,"turns":1},{"damage":0,"enemies":"Cultist","floor":4,"turns":1},{"damage":0,"enemies":"Lagavulin","floor":6,"turns":1},{"damage":66,"enemies":"3 Sentries","floor":10,"turns":12}],"seed_played":"4777176910252979312","potions_obtained":[{"floor":1,"key":"Energy Potion"},{"floor":6,"key":"FearPotion"}],"is_trial":false,"path_per_floor":["M","?","$","M","?","E","?","R","T","E"],"character_chosen":"WATCHER","items_purchased":[],"campfire_rested":0,"item_purchase_floors":[],"current_hp_per_floor":[61,68,68,68,73,73,66,66,66,0,0],"gold":83,"neow_bonus":"THREE_ENEMY_KILL","is_daily":false,"chose_seed":false,"campfire_upgraded":1,"win_rate":0.0,"timestamp":1613061708,"path_taken":["M","?","$","?","?","E","?","R","T","E"],"items_purchased_type":[],"build_version":"2020-12-22","purchased_purges":1,"victory":false,"max_hp_per_floor":[68,68,68,68,73,73,73,73,73,73,73],"card_choices":[{"not_picked":["JustLucky","BowlingBash"],"picked":"Wallop","floor":1},{"not_picked":["ThirdEye","Weave"],"picked":"Sanctity","floor":4},{"not_picked":["SashWhip","Prostrate"],"picked":"Worship","floor":6}],"player_experience":9201295,"relics_obtained":[{"floor":6,"key":"Damaru"},{"floor":9,"key":"Sundial"}],"event_choices":[{"damage_healed":7,"gold_gain":0,"player_choice":"Full Heal","damage_taken":0,"max_hp_gain":0,"max_hp_loss":0,"event_name":"Wheel of Change","floor":2,"gold_loss":0},{"damage_healed":0,"gold_gain":0,"player_choice":"Donut","damage_taken":0,"max_hp_gain":5,"max_hp_loss":0,"event_name":"Big Fish","floor":5,"gold_loss":0},{"cards_removed":["Defend_P"],"damage_healed":0,"gold_gain":0,"player_choice":"Card Removal","damage_taken":7,"max_hp_gain":0,"max_hp_loss":0,"event_name":"Golden Wing","floor":7,"gold_loss":0}],"is_beta":false,"boss_relics":[],"items_purged_floors":[3],"is_endless":false,"potions_floor_spawned":[1,6],"killed_by":"3 Sentries","ascension_level":20}}