{"host":"jgqxb38yl0c1w101","time":1613027050,"event":{"mods":["2.2 Compatiblity","AchievementEnabler","BaseMod","Colored Map","Downfall","Highlight Path","Hubris","Minty Spire (QoL Compilation)","Monster B Gone","Random Character Button","Relic Stats","Replay The Spire","StSLib"],"gold_per_floor":[99,115,134,153,164,183,208,208,236,254,254,254,54,72,88,185,185,185,203,222,241,252,124,124,159,159,159,159],"floor_reached":27,"language":"ENG","playtime":2173,"items_purged":["Strike_B"],"score":277,"play_id":"4b9c7239-eaf4-4f8a-a572-ba55e4c0bd69","local_time":"20210211020410","is_ascension_mode":true,"campfire_choices":[{"floor":1,"key":"RECALL"},{"floor":13,"key":"REST"},{"data":"Biased Cognition","floor":18,"key":"SMITH"}],"circlet_count":0,"master_deck":["Strike_B","Strike_B","Defend_B","Defend_B","Defend_B","Defend_B","Zap","Dualcast","Go for the Eyes","Tempest","Echo Form","Lockon","Panic Button+1","Steam","Cold Snap","Ball Lightning","Glacier","Biased Cognition+1","Doom and Gloom+1","Biased Cognition","Defragment","Hologram","Loop","Cold Snap"],"relics":["Cracked Core","Orichalcum","hubris:Towel","downfall:HeartBlessingBlue","downfall:HeartBlessingRed","hubris:Backtick","hubris:Zylophone","ReplayTheSpireMod:Shallot","Red Mask"],"acts_visited":["Exordium","TheCity"],"potions_floor_usage":[9,16,16,23,25],"damage_taken":[{"damage":3,"enemies":"Jaw Worm","floor":2,"turns":4},{"damage":12,"enemies":"Small Slimes","floor":3,"turns":2},{"damage":1,"enemies":"Cultist","floor":4,"turns":3},{"damage":18,"enemies":"Red Slaver","floor":5,"turns":3},{"damage":12,"enemies":"2 Fungi Beasts","floor":6,"turns":3},{"damage":23,"enemies":"3 Sentries","floor":9,"turns":6},{"damage":0,"enemies":"Large Slime","floor":10,"turns":5},{"damage":2,"enemies":"Exordium Wildlife","floor":14,"turns":3},{"damage":23,"enemies":"Exordium Thugs","floor":15,"turns":3},{"damage":20,"enemies":"DF_ARCHETYPE_STREAMLINE","floor":16,"turns":10},{"damage":6,"enemies":"Spheric Guardian","floor":19,"turns":3},{"damage":14,"enemies":"Chosen and Byrds","floor":20,"turns":4},{"damage":0,"enemies":"Snecko","floor":21,"turns":4},{"damage":1,"enemies":"Cultist and Chosen","floor":22,"turns":4},{"damage":4,"enemies":"downfall:FleeingMerchant","floor":23,"turns":4},{"damage":46,"enemies":"Masked Bandits","floor":25,"turns":5},{"damage":29,"enemies":"Gremlin Leader","floor":27,"turns":7}],"seed_played":"5085665523641756498","potions_obtained":[{"floor":3,"key":"Dexterity Potion"},{"floor":5,"key":"sneckomod:MuddlingPotion"},{"floor":14,"key":"gremlin:WizPotion"},{"floor":15,"key":"PotionOfCapacity"},{"floor":16,"key":"Fire Potion"},{"floor":21,"key":"BlessingOfTheForge"},{"floor":25,"key":"Venom Potion"}],"is_trial":false,"path_per_floor":["R","M","M","M","M","M","T","?","E","M","?","?","R","M","M","B",null,"R","M","M","M","M","$","T","?","?","E"],"character_chosen":"DEFECT","items_purchased":["Loop"],"campfire_rested":1,"item_purchase_floors":[23],"current_hp_per_floor":[82,79,67,66,48,36,36,36,13,13,13,13,50,48,25,5,92,92,86,72,72,71,67,67,21,21,0,0],"gold":159,"neow_bonus":"TEN_PERCENT_HP_BONUS","is_daily":false,"chose_seed":false,"campfire_upgraded":1,"win_rate":0.0,"timestamp":1613027050,"path_taken":["R","M","M","M","M","M","T","?","E","M","?","?","R","M","M","BOSS","R","M","M","M","M","$","T","?","?","E"],"items_purchased_type":["Card"],"build_version":"2020-12-22","purchased_purges":1,"victory":false,"max_hp_per_floor":[82,82,82,82,82,82,82,82,82,82,82,82,92,92,92,92,92,92,92,92,92,92,92,92,92,92,92,92],"relic_stats":{"counters":[17,73],"Orichalcum":[138],"obtain_stats":[{"hubris:Zylophone":17,"hubris:Backtick":17,"downfall:HeartBlessingRed":13,"ReplayTheSpireMod:Shallot":24,"downfall:HeartBlessingBlue":13,"Red Mask":25,"Orichalcum":9,"hubris:Towel":11,"Cracked Core":0},{"hubris:Zylophone":10,"hubris:Backtick":10,"downfall:HeartBlessingRed":7,"ReplayTheSpireMod:Shallot":15,"downfall:HeartBlessingBlue":7,"Red Mask":16,"Orichalcum":6,"hubris:Towel":7,"Cracked Core":0},{"hubris:Zylophone":42,"hubris:Backtick":42,"downfall:HeartBlessingRed":26,"ReplayTheSpireMod:Shallot":61,"downfall:HeartBlessingBlue":26,"Red Mask":66,"Orichalcum":21,"hubris:Towel":26,"Cracked Core":0}]},"card_choices":[{"not_picked":["Turbo","Hologram"],"picked":"Go for the Eyes","floor":2},{"not_picked":["Go for the Eyes","Rebound"],"picked":"Tempest","floor":3},{"not_picked":["Compile Driver","Panic Button"],"picked":"Echo Form","floor":4},{"not_picked":["Turbo","Steam"],"picked":"Lockon","floor":5},{"not_picked":["Hello World","Streamline"],"picked":"Panic Button","floor":6},{"not_picked":["Hologram","Beam Cell"],"picked":"Steam","floor":9},{"not_picked":["Beam Cell","Blizzard"],"picked":"Cold Snap","floor":10},{"not_picked":["Barrage","Heatsinks"],"picked":"Ball Lightning","floor":14},{"not_picked":["Rebound","hubris:PowerSurge"],"picked":"Glacier","floor":15},{"not_picked":["All For One","Echo Form"],"picked":"Biased Cognition","floor":16},{"not_picked":["Cold Snap","FTL"],"picked":"Doom and Gloom+1","floor":19},{"not_picked":["Beam Cell+1","Doom and Gloom+1","Rebound"],"picked":"SKIP","floor":20},{"not_picked":["Conserve Battery+1","Self Repair+1"],"picked":"Biased Cognition","floor":21},{"not_picked":["Barrage","Gash"],"picked":"Defragment","floor":22},{"not_picked":["Compile Driver+1","Steam"],"picked":"Hologram","floor":23},{"not_picked":["Barrage","Stack+1"],"picked":"Cold Snap","floor":25}],"player_experience":194616,"relics_obtained":[{"floor":9,"key":"Orichalcum"},{"floor":24,"key":"ReplayTheSpireMod:Shallot"},{"floor":25,"key":"Red Mask"}],"event_choices":[{"damage_healed":0,"gold_gain":0,"player_choice":"Fought Bandits","damage_taken":0,"max_hp_gain":0,"max_hp_loss":0,"event_name":"Masked Bandits","floor":25,"gold_loss":0},{"damage_healed":0,"gold_gain":0,"player_choice":"Leave","damage_taken":0,"max_hp_gain":0,"max_hp_loss":0,"event_name":"FaceTrader","floor":26,"gold_loss":0}],"is_beta":false,"boss_relics":[{"not_picked":["Calling Bell","Inserter"],"picked":"hubris:Backtick"}],"items_purged_floors":[23],"is_endless":false,"potions_floor_spawned":[3,5,14,15,16,21,25],"killed_by":"Gremlin Leader","ascension_level":3}}