{"host":"x5w9zppki4gdwvc7","time":1613053457,"event":{"mods":["AchievementEnabler","BaseMod","Colored Powertips","DeckTracker","Minty Spire (QoL Compilation)","SuperFastMode"],"gold_per_floor":[110,127,127,127,146,146,166,166,191,220,25,80,80,110,110,234,234,279,315,315,351,366,445,445,471,471,471,471,524,5,47,47,47,47],"floor_reached":33,"language":"ENG","playtime":3891,"items_purged":[],"score":386,"play_id":"d212b90a-1273-4db9-bc82-c54202d85915","local_time":"20210211152417","is_ascension_mode":false,"campfire_choices":[{"data":"Immolate","floor":6,"key":"SMITH"},{"data":"Shrug It Off","floor":8,"key":"SMITH"},{"data":"HandOfGreed","floor":15,"key":"SMITH"},{"data":"Exhume","floor":24,"key":"SMITH"},{"floor":27,"key":"REST"},{"data":"True Grit","floor":32,"key":"SMITH"}],"circlet_count":0,"master_deck":["Strike_R","Strike_R","Strike_R","Defend_R","Defend_R","Defend_R","Defend_R+1","Bash","Immolate+1","Pommel Strike","Shrug It Off+1","Headbutt","Second Wind","Feed+1","HandOfGreed+1","Exhume+1","Battle Trance+1","Flame Barrier","Impervious","True Grit+1","Body Slam+1","True Grit+1","Disarm","Fire Breathing"],"relics":["Burning Blood","Juzu Bracelet","Odd Mushroom","Orichalcum","Strawberry","Matryoshka","Art of War","Runic Dome","Question Card","Dream Catcher","Akabeko","CaptainsWheel","Mummified Hand","Anchor","Ice Cream"],"acts_visited":["Exordium","TheCity"],"potions_floor_usage":[16,21,25,33,33],"damage_taken":[{"damage":5,"enemies":"Small Slimes","floor":1,"turns":2},{"damage":1,"enemies":"Jaw Worm","floor":2,"turns":3},{"damage":0,"enemies":"2 Louse","floor":5,"turns":2},{"damage":0,"enemies":"The Mushroom Lair","floor":7,"turns":1},{"damage":15,"enemies":"Lagavulin","floor":10,"turns":7},{"damage":21,"enemies":"Gremlin Nob","floor":12,"turns":4},{"damage":16,"enemies":"Gremlin Nob","floor":14,"turns":4},{"damage":0,"enemies":"Slime Boss","floor":16,"turns":8},{"damage":2,"enemies":"Spheric Guardian","floor":18,"turns":3},{"damage":4,"enemies":"Shell Parasite","floor":19,"turns":4},{"damage":13,"enemies":"Centurion and Healer","floor":21,"turns":5},{"damage":18,"enemies":"Snake Plant","floor":22,"turns":3},{"damage":38,"enemies":"Slavers","floor":23,"turns":7},{"damage":31,"enemies":"Book of Stabbing","floor":25,"turns":5},{"damage":19,"enemies":"Slavers","floor":29,"turns":6},{"damage":7,"enemies":"3 Cultists","floor":31,"turns":5},{"damage":81,"enemies":"Champ","floor":33,"turns":20}],"seed_played":"5242576610166785125","potions_obtained":[{"floor":1,"key":"LiquidMemories"},{"floor":5,"key":"ElixirPotion"},{"floor":14,"key":"FairyPotion"},{"floor":16,"key":"ColorlessPotion"},{"floor":22,"key":"SpeedPotion"},{"floor":29,"key":"AttackPotion"}],"is_trial":false,"path_per_floor":["M","M","?","?","M","R","?","R","T","E","$","?","?","E","R","B",null,"M","M","?","M","M","E","R","E","T","R","?","E","$","M","R","B"],"character_chosen":"IRONCLAD","items_purchased":["HandOfGreed","Anchor","Ice Cream","Disarm"],"campfire_rested":1,"item_purchase_floors":[11,30,30,30],"current_hp_per_floor":[80,80,80,73,79,79,80,80,80,78,78,66,48,42,42,48,94,94,94,94,87,75,43,43,22,22,51,51,42,42,45,45,0,0],"gold":47,"neow_bonus":"ONE_RANDOM_RARE_CARD","is_daily":false,"chose_seed":false,"campfire_upgraded":5,"win_rate":0.0,"timestamp":1613053457,"path_taken":["M","M","?","?","M","R","?","R","T","E","$","?","?","E","R","BOSS","M","M","?","M","M","E","R","E","T","R","?","E","$","M","R","BOSS"],"items_purchased_type":["Card","Relic","Relic","Card"],"build_version":"2020-12-22","purchased_purges":0,"victory":false,"max_hp_per_floor":[80,80,80,80,80,80,80,80,80,87,87,90,90,94,94,94,94,94,94,94,94,94,94,94,98,98,98,98,102,102,106,106,106,106],"card_choices":[{"not_picked":["Dual Wield","Metallicize"],"picked":"Pommel Strike","floor":1},{"not_picked":["Pommel Strike","Searing Blow"],"picked":"Shrug It Off","floor":2},{"not_picked":["Bloodletting","Rupture"],"picked":"Headbutt","floor":5},{"not_picked":["Rage","Evolve"],"picked":"Second Wind","floor":7},{"not_picked":["Dark Embrace","Infernal Blade"],"picked":"Feed","floor":10},{"not_picked":["Carnage","Perfected Strike","Combust"],"picked":"SKIP","floor":14},{"not_picked":["Barricade","Limit Break"],"picked":"Exhume","floor":16},{"not_picked":["Body Slam","Cleave+1"],"picked":"Battle Trance+1","floor":18},{"not_picked":["Hemokinesis","Thunderclap","Havoc+1"],"picked":"SKIP","floor":19},{"not_picked":["Shrug It Off","Body Slam"],"picked":"Flame Barrier","floor":21},{"not_picked":["Clash","Headbutt","Flame Barrier"],"picked":"SKIP","floor":22},{"not_picked":["Twin Strike","Heavy Blade"],"picked":"Impervious","floor":23},{"not_picked":["Rupture","Thunderclap","Cleave"],"picked":"True Grit+1","floor":25},{"not_picked":["True Grit","Clothesline","Wild Strike"],"picked":"Body Slam+1","floor":27},{"not_picked":["Twin Strike","Heavy Blade+1","Body Slam","Dual Wield+1"],"picked":"SKIP","floor":29},{"not_picked":["Searing Blow","Pommel Strike","True Grit"],"picked":"Fire Breathing","floor":31}],"player_experience":602002,"relics_obtained":[{"floor":7,"key":"Odd Mushroom"},{"floor":9,"key":"Orichalcum"},{"floor":10,"key":"Strawberry"},{"floor":12,"key":"Matryoshka"},{"floor":14,"key":"Art of War"},{"floor":23,"key":"Question Card"},{"floor":25,"key":"Dream Catcher"},{"floor":26,"key":"Akabeko"},{"floor":26,"key":"CaptainsWheel"},{"floor":29,"key":"Mummified Hand"}],"event_choices":[{"damage_healed":0,"gold_gain":0,"player_choice":"Box","damage_taken":0,"relics_obtained":["Juzu Bracelet"],"max_hp_gain":0,"max_hp_loss":0,"event_name":"Big Fish","floor":3,"gold_loss":0,"cards_obtained":["Regret"]},{"cards_removed":["Regret"],"damage_healed":0,"gold_gain":0,"player_choice":"Card Removal","damage_taken":7,"max_hp_gain":0,"max_hp_loss":0,"event_name":"Golden Wing","floor":4,"gold_loss":0},{"damage_healed":0,"gold_gain":0,"player_choice":"Fought Mushrooms","damage_taken":0,"max_hp_gain":0,"max_hp_loss":0,"event_name":"Mushrooms","floor":7,"gold_loss":0},{"damage_healed":0,"gold_gain":0,"player_choice":"Searched \u00272\u0027 times","damage_taken":0,"max_hp_gain":0,"max_hp_loss":0,"event_name":"Dead Adventurer","floor":12,"gold_loss":0},{"damage_healed":0,"gold_gain":0,"player_choice":"Entered Light","damage_taken":18,"max_hp_gain":0,"max_hp_loss":0,"event_name":"Shining Light","floor":13,"gold_loss":0,"cards_upgraded":["Defend_R","Feed"]},{"cards_removed":["Strike_R"],"damage_healed":0,"gold_gain":0,"player_choice":"Elegance","damage_taken":0,"max_hp_gain":0,"max_hp_loss":0,"event_name":"Back to Basics","floor":20,"gold_loss":0},{"damage_healed":0,"gold_gain":0,"cards_transformed":["Strike_R"],"player_choice":"Transformed","damage_taken":0,"max_hp_gain":0,"max_hp_loss":0,"event_name":"Transmorgrifier","floor":28,"gold_loss":0,"cards_obtained":["True Grit"]}],"is_beta":false,"boss_relics":[{"not_picked":["Runic Pyramid","Ectoplasm"],"picked":"Runic Dome"}],"items_purged_floors":[],"is_endless":false,"potions_floor_spawned":[1,5,14,16,18,22,23,29],"killed_by":"Champ","ascension_level":0}}