{"host":"k7udt7atmcuzf6l0","time":1613004919,"event":{"mods":["AchievementEnabler","BaseMod","BetterRewards","Colored Map","Colored Powertips","Highlight Path","Minty Spire (QoL Compilation)","Quick Restart","Rare Cards Sparkle","Relic Stats","StSLib","UnlockEverythingMod"],"gold_per_floor":[112,126,126,140,140,140,12,23,48,48,64,75,75,106,106,106,106],"floor_reached":16,"language":"ZHS","playtime":661,"items_purged":[],"score":127,"play_id":"4473dfbe-ca7d-4878-8546-c18cfdd9708b","local_time":"20210211085519","is_ascension_mode":false,"campfire_choices":[{"data":"Body Slam","floor":6.0,"key":"SMITH"},{"data":"Flex","floor":10.0,"key":"SMITH"},{"data":"Havoc","floor":13,"key":"SMITH"},{"data":"Sever Soul","floor":15,"key":"SMITH"}],"circlet_count":0,"master_deck":["Strike_R","Strike_R+1","Strike_R","Strike_R","Defend_R","Defend_R","Defend_R","Bash","Dark Embrace+1","Clash+1","Flex+1","Havoc+1","Body Slam+1","Sever Soul+1","Warcry","Spot Weakness","Anger","Warcry"],"relics":["Burning Blood","Akabeko","Omamori"],"acts_visited":["Exordium"],"potions_floor_usage":[16],"damage_taken":[{"damage":6.0,"enemies":"Jaw Worm","floor":1.0,"turns":3.0},{"damage":12.0,"enemies":"Small Slimes","floor":2.0,"turns":3.0},{"damage":5.0,"enemies":"Cultist","floor":4.0,"turns":4.0},{"damage":14.0,"enemies":"2 Fungi Beasts","floor":8.0,"turns":3.0},{"damage":10,"enemies":"Looter","floor":11,"turns":2},{"damage":19,"enemies":"Exordium Thugs","floor":12,"turns":4},{"damage":0,"enemies":"Gremlin Nob","floor":14,"turns":2},{"damage":37,"enemies":"The Guardian","floor":16,"turns":4}],"seed_played":"4194054733003257741","potions_obtained":[{"floor":8.0,"key":"DistilledChaos"},{"floor":12,"key":"Ancient Potion"}],"is_trial":false,"path_per_floor":["M","M","?","M","?","R","$","M","T","R","M","M","R","E","R","B"],"character_chosen":"IRONCLAD","items_purchased":["Sever Soul","Warcry"],"campfire_rested":0,"item_purchase_floors":[7,7],"current_hp_per_floor":[72,66,52,53,53,53,53,45,45,45,41,28,28,34,34,0,0],"gold":106,"neow_bonus":"TRANSFORM_TWO_CARDS","is_daily":false,"chose_seed":false,"campfire_upgraded":4,"win_rate":0.0,"timestamp":1613004919,"path_taken":["M","M","?","M","?","R","$","?","T","R","M","M","R","E","R","BOSS"],"items_purchased_type":["Card","Card"],"build_version":"2020-12-22","purchased_purges":0,"victory":false,"max_hp_per_floor":[72,72,72,72,72,72,72,72,72,72,72,72,72,72,72,72,72],"relic_stats":{"counters":[8,25],"obtain_stats":[{"Omamori":14,"Burning Blood":0,"Akabeko":9},{"Omamori":7,"Burning Blood":0,"Akabeko":4},{"Omamori":21,"Burning Blood":0,"Akabeko":13}],"Burning Blood":42},"card_choices":[{"not_picked":["Clothesline","Inflame"],"picked":"Flex","floor":1.0},{"not_picked":["Battle Trance","Warcry"],"picked":"Havoc","floor":2.0},{"not_picked":["Twin Strike","Sword Boomerang"],"picked":"Body Slam","floor":4.0},{"not_picked":["Brutality","Wild Strike"],"picked":"Spot Weakness","floor":8.0},{"not_picked":["Headbutt","Twin Strike"],"picked":"Anger","floor":11},{"not_picked":["Clash","Evolve"],"picked":"Warcry","floor":12},{"not_picked":["Wild Strike","Heavy Blade","Thunderclap"],"picked":"SKIP","floor":14}],"player_experience":90584,"relics_obtained":[{"floor":9.0,"key":"Akabeko"},{"floor":14,"key":"Omamori"}],"event_choices":[{"damage_healed":0.0,"max_hp_gain":0.0,"max_hp_loss":0.0,"gold_gain":0.0,"event_name":"Shining Light","player_choice":"Entered Light","floor":3.0,"gold_loss":0.0,"damage_taken":14.0,"cards_upgraded":["Clash","Strike_R"]},{"damage_healed":0.0,"max_hp_gain":0.0,"max_hp_loss":0.0,"gold_gain":0.0,"event_name":"Accursed Blacksmith","player_choice":"Forge","floor":5.0,"gold_loss":0.0,"damage_taken":0.0,"cards_upgraded":["Dark Embrace"]}],"is_beta":false,"boss_relics":[],"items_purged_floors":[],"is_endless":false,"potions_floor_spawned":[8,12],"killed_by":"The Guardian","ascension_level":0}}