{"host":"YagamiMirai","time":1613024227,"event":{"mods":["Act Like it!","Alarm Clock","BaseMod","Downfall","Hermit","Lobotomy","Minty Spire (QoL Compilation)","Reliquary","Replay The Spire","Robot Space Explorer","Spicy Shops","StSLib","The Dragon Tamer","The Gatherer","The Mystic","TheHeartMod","Wide Potions","¡¾ÒÅÎï¿¨ÅÆ¡¿REMEMod","óô»ðÖ¸ÄÏ"],"gold_per_floor":[99,113,129,129,129,160,229,229,329,329,329,329],"floor_reached":10,"language":"ZHS","playtime":473,"items_purged":[],"score":67,"play_id":"5e3a5cb0-c50f-4104-be41-0ba89b557a7c","local_time":"20210211141707","is_ascension_mode":true,"campfire_choices":[{"floor":1.0,"key":"DIG"}],"circlet_count":0,"master_deck":["champ:Strike","champ:Strike+1","champ:Strike","champ:Defend","champ:Defend+1","champ:Defend","champ:Defend","champ:Execute","champ:Taunt+1","REME_BattleFury","champ:Improvising","champ:Haymaker","champ:ShieldSlam","downfall:Malfunctioning","champ:LastStand","champ:Taunt","champ:TornadoPunch","champ:DeathBlow","champ:LastStand","Purity","ReplayTheSpireMod:IOU","champ:FanOfKnives"],"relics":["champ:ChampionCrown","REME_ComplimentaryCards","reliquary:PorcupineQuills","REME_PuzzleBoxRelic","reliquary:SharkskinSheath","reliquary:HotPoker","downfall:GremlinSack"],"acts_visited":["Exordium"],"potions_floor_usage":[9],"damage_taken":[{"damage":12.0,"enemies":"2 Louse","floor":2.0,"turns":3.0},{"damage":15.0,"enemies":"Small Slimes","floor":3.0,"turns":4.0},{"damage":28.0,"enemies":"Gremlin Nob","floor":6.0,"turns":3.0},{"damage":24,"enemies":"Gremlin Nob","floor":9,"turns":3}],"seed_played":"-2282041083132891364","potions_obtained":[{"floor":2.0,"key":"Elixir"},{"floor":3.0,"key":"Block Potion"},{"floor":6.0,"key":"Fire Potion"}],"is_trial":false,"path_per_floor":["R","M","M","?","?","E","T","?","?","E"],"character_chosen":"THE_CHAMP","items_purchased":[],"campfire_rested":0,"item_purchase_floors":[],"current_hp_per_floor":[63,61,56,49,49,31,31,31,17,0,0,0],"gold":329,"neow_bonus":"RANDOM_COLORLESS_2","is_daily":false,"chose_seed":false,"campfire_upgraded":0,"win_rate":0.0,"timestamp":1613024227,"path_taken":["R","M","M","?","?","E","T","?","?","E"],"items_purchased_type":[],"build_version":"2020-12-18","purchased_purges":0,"victory":false,"max_hp_per_floor":[90,90,90,90,90,90,90,90,90,90,90,90],"card_choices":[{"not_picked":["Secret Technique","Metamorphosis"],"picked":"REME_BattleFury","floor":0.0},{"not_picked":["champ:TornadoPunch","champ:DefensiveShout"],"picked":"champ:Haymaker","floor":2.0},{"not_picked":["champ:Haymaker","champ:Parry"],"picked":"champ:ShieldSlam","floor":3.0},{"not_picked":["champ:HoldFirm","champ:Haymaker"],"picked":"champ:LastStand","floor":6.0},{"not_picked":["champ:BringItOn","champ:GladiatorStyle"],"picked":"champ:FanOfKnives","floor":9}],"player_experience":981450,"relics_obtained":[{"floor":1.0,"key":"reliquary:PorcupineQuills"},{"floor":6.0,"key":"reliquary:SharkskinSheath"},{"floor":7.0,"key":"reliquary:HotPoker"},{"floor":9,"key":"downfall:GremlinSack"}],"event_choices":[{"damage_healed":0.0,"max_hp_gain":0.0,"max_hp_loss":0.0,"gold_gain":0.0,"event_name":"Scrap Ooze","player_choice":"Success","floor":4.0,"gold_loss":0.0,"damage_taken":7.0,"relics_obtained":["REME_PuzzleBoxRelic"]}],"is_beta":true,"boss_relics":[],"items_purged_floors":[],"is_endless":false,"potions_floor_spawned":[2,3,6],"killed_by":"3 Sentries","ascension_level":1}}