{"host":"a1eatafr7pisesky","time":1613041695,"event":{"mods":["AchievementEnabler","BaseMod","Colored Map","Keyboard Shortcuts","Minty Spire (QoL Compilation)","Say the Spire","StSLib","SuperFastMode","everything is the same but u backflip on backflip"],"gold_per_floor":[113,38,38,38,48,79,96,116,140,140,169,169,199,11,11,88,88,108,108,108,108,126,126,161,21,21,21,21,21,71,86,86,86,86],"floor_reached":33,"language":"KOR","playtime":439,"items_purged":["Strike_R"],"score":593,"play_id":"fd74ea82-b448-4fdc-b569-6fe45d0a168f","local_time":"20210211200815","is_ascension_mode":true,"campfire_choices":[{"data":"Fiend Fire","floor":10.0,"key":"SMITH"},{"floor":12.0,"key":"REST"},{"data":"Spot Weakness","floor":15.0,"key":"SMITH"},{"floor":23.0,"key":"REST"},{"floor":27.0,"key":"REST"},{"data":"Whirlwind","floor":29.0,"key":"SMITH"},{"data":"Shockwave","floor":32.0,"key":"SMITH"}],"circlet_count":0,"master_deck":["AscendersBane","Strike_R","Defend_R","Defend_R","Defend_R","Defend_R","Bash","Whirlwind+1","Burning Pact","Spot Weakness+1","Fiend Fire+1","Sword Boomerang","Evolve","Power Through","Sentinel","Immolate","Feel No Pain","Inflame","Shockwave+1"],"relics":["Burning Blood","Strawberry","Boot","Centennial Puzzle","Happy Flower","Membership Card","Empty Cage","Nloth\u0027s Gift","Letter Opener","Question Card"],"acts_visited":["Exordium","TheCity"],"potions_floor_usage":[],"damage_taken":[{"damage":0.0,"enemies":"Cultist","floor":1.0,"turns":1.0},{"damage":0.0,"enemies":"Small Slimes","floor":5.0,"turns":1.0},{"damage":0.0,"enemies":"Gremlin Nob","floor":6.0,"turns":1.0},{"damage":19.0,"enemies":"Jaw Worm","floor":7.0,"turns":3.0},{"damage":31.0,"enemies":"Exordium Wildlife","floor":8.0,"turns":6.0},{"damage":55.0,"enemies":"3 Sentries","floor":11.0,"turns":7.0},{"damage":8.0,"enemies":"Gremlin Nob","floor":13.0,"turns":3.0},{"damage":37.0,"enemies":"Hexaghost","floor":16.0,"turns":7.0},{"damage":13.0,"enemies":"Chosen","floor":18.0,"turns":4.0},{"damage":33.0,"enemies":"3 Byrds","floor":22.0,"turns":5.0},{"damage":36.0,"enemies":"Gremlin Leader","floor":24.0,"turns":5.0},{"damage":7.0,"enemies":"3 Cultists","floor":31.0,"turns":3.0},{"damage":0,"enemies":"Automaton","floor":33,"turns":1}],"seed_played":"-553398281547296818","potions_obtained":[{"floor":1.0,"key":"HeartOfIron"},{"floor":6.0,"key":"Weak Potion"},{"floor":8.0,"key":"BloodPotion"},{"floor":11.0,"key":"Regen Potion"},{"floor":16.0,"key":"Dexterity Potion"},{"floor":18.0,"key":"Energy Potion"},{"floor":22.0,"key":"PowerPotion"},{"floor":31.0,"key":"SteroidPotion"}],"is_trial":false,"path_per_floor":["M","$","?","$","M","E","M","M","T","R","E","R","E","$","R","B",null,"M","?","?","?","M","R","E","$","T","R","?","R","?","M","R","B"],"character_chosen":"IRONCLAD","items_purchased":["Membership Card","Sentinel","Question Card"],"campfire_rested":3,"item_purchase_floors":[14,14,25],"current_hp_per_floor":[74,74,79,79,80,87,74,49,49,49,17,43,41,41,41,22,71,64,64,64,64,37,63,33,33,33,59,59,59,59,58,58,58,58],"gold":86,"neow_bonus":"THREE_ENEMY_KILL","is_daily":false,"chose_seed":false,"campfire_upgraded":4,"win_rate":0.0,"timestamp":1613041695,"path_taken":["M","?","?","?","?","E","?","?","T","R","E","R","E","?","R","BOSS","M","?","?","?","?","R","E","$","T","R","?","R","?","?","R","BOSS"],"items_purchased_type":["Relic","Card","Relic"],"build_version":"2020-12-22","purchased_purges":1,"victory":false,"max_hp_per_floor":[75,75,80,80,80,87,87,87,87,87,87,87,87,87,87,87,87,87,87,87,87,87,87,87,87,87,87,87,87,87,87,87,87,87],"card_choices":[{"not_picked":["Heavy Blade","Twin Strike"],"picked":"Whirlwind","floor":1.0},{"not_picked":["Armaments","Warcry"],"picked":"Burning Pact","floor":5.0},{"not_picked":["Pummel","Armaments"],"picked":"Spot Weakness","floor":6.0},{"not_picked":["Sword Boomerang","Cleave"],"picked":"Fiend Fire","floor":7.0},{"not_picked":["Searing Blow","Wild Strike"],"picked":"Sword Boomerang","floor":8.0},{"not_picked":["Iron Wave","Sword Boomerang"],"picked":"Evolve","floor":11.0},{"not_picked":["Iron Wave","Burning Pact"],"picked":"Power Through","floor":13.0},{"not_picked":["Limit Break","Feed"],"picked":"Immolate","floor":16.0},{"not_picked":["Reckless Charge","Evolve","Dual Wield"],"picked":"SKIP","floor":18.0},{"not_picked":["Pommel Strike","Flame Barrier"],"picked":"Inflame","floor":22.0},{"not_picked":["Heavy Blade","Evolve"],"picked":"Shockwave","floor":24.0},{"not_picked":["Sword Boomerang","Headbutt","Perfected Strike","Combust"],"picked":"SKIP","floor":31.0}],"player_experience":448258,"relics_obtained":[{"floor":6.0,"key":"Strawberry"},{"floor":9.0,"key":"Boot"},{"floor":11.0,"key":"Centennial Puzzle"},{"floor":13.0,"key":"Happy Flower"},{"floor":24.0,"key":"Letter Opener"}],"event_choices":[{"damage_healed":0.0,"max_hp_gain":5.0,"max_hp_loss":0.0,"gold_gain":0.0,"event_name":"Big Fish","player_choice":"Donut","floor":3.0,"gold_loss":0.0,"damage_taken":0.0},{"damage_healed":0.0,"max_hp_gain":0.0,"max_hp_loss":0.0,"gold_gain":0.0,"event_name":"The Library","player_choice":"Read","floor":19.0,"gold_loss":0.0,"damage_taken":0.0,"cards_obtained":["Feel No Pain"]},{"damage_healed":0.0,"max_hp_gain":0.0,"max_hp_loss":0.0,"gold_gain":0.0,"event_name":"Vampires","player_choice":"Ignored","floor":20.0,"gold_loss":0.0,"damage_taken":0.0},{"damage_healed":0.0,"max_hp_gain":0.0,"max_hp_loss":0.0,"gold_gain":0.0,"event_name":"N\u0027loth","player_choice":"Traded Relic","floor":21.0,"relics_lost":["NeowsBlessing"],"gold_loss":0.0,"damage_taken":0.0,"relics_obtained":["Nloth\u0027s Gift"]},{"cards_removed":["Strike_R"],"damage_healed":0.0,"max_hp_gain":0.0,"max_hp_loss":0.0,"gold_gain":0.0,"event_name":"Back to Basics","player_choice":"Elegance","floor":28.0,"gold_loss":0.0,"damage_taken":0.0},{"damage_healed":0.0,"max_hp_gain":0.0,"max_hp_loss":0.0,"gold_gain":50.0,"event_name":"Golden Shrine","player_choice":"Pray","floor":30.0,"gold_loss":0.0,"damage_taken":0.0}],"is_beta":false,"boss_relics":[{"not_picked":["Runic Pyramid","Mark of Pain"],"picked":"Empty Cage"}],"items_purged_floors":[2],"is_endless":false,"potions_floor_spawned":[1,6,8,11,16,18,22,31],"killed_by":"Automaton","ascension_level":19}}