{"host":"mnpd8gh7cwxsn5kh","time":1613074855,"event":{"mods":["BaseMod","Bestiary","Block Reminder","Colored Map","Colored Powertips","Highlight Path","Minty Spire (QoL Compilation)","Relic Sorter","Relic Stats"],"gold_per_floor":[116,116,116,136,156,156,156,156,183,198,210,226,226,257,257,328,328,339,350,364,379,294,328,346,364,364,364,390,390,420,43,43,122,122,138,148,161,207,207,241,241,266,345,359,375,375,23,43,43,43],"floor_reached":51,"language":"ENG","playtime":4099,"items_purged":["Deflect","Decay"],"score":1277,"play_id":"35544542-85af-4a61-99e7-16f6864976ae","local_time":"20210211212055","is_ascension_mode":true,"campfire_choices":[{"data":"All Out Attack","floor":6,"key":"SMITH"},{"data":"Neutralize","floor":8,"key":"SMITH"},{"floor":13,"key":"REST"},{"data":"Predator","floor":15,"key":"SMITH"},{"floor":27,"key":"REST"},{"floor":32,"key":"REST"},{"floor":41,"key":"REST"},{"data":"Noxious Fumes","floor":46,"key":"SMITH"},{"data":"Catalyst","floor":49,"key":"SMITH"}],"circlet_count":0,"master_deck":["AscendersBane","Strike_G+1","Strike_G+1","Strike_G+1","Defend_G+1","Defend_G+1","Defend_G+1","Defend_G+1","Defend_G+1","Survivor","Neutralize+1","Dagger Spray","All Out Attack+1","Quick Slash+1","Cloak And Dagger","Corpse Explosion","Predator+1","Malaise","PiercingWail","Well Laid Plans+1","Bouncing Flask+1","Catalyst+1","Backflip","Noxious Fumes+1","Dodge and Roll+1","PiercingWail+1","Noxious Fumes","After Image+1","PiercingWail","Noxious Fumes","Deadly Poison","Backflip","Leg Sweep","Acrobatics+1"],"relics":["Ring of the Snake","NeowsBlessing","Anchor","Question Card","Sozu","Paper Crane","Whetstone","Smiling Mask","Incense Burner","Red Mask","TungstenRod","Cursed Key","Du-Vu Doll","Bottled Lightning","Happy Flower","Frozen Egg 2","Snake Skull","Lee\u0027s Waffle"],"acts_visited":["Exordium","TheCity","TheBeyond"],"potions_floor_usage":[14,14,23],"damage_taken":[{"damage":0,"enemies":"Small Slimes","floor":1,"turns":1},{"damage":0,"enemies":"Jaw Worm","floor":4,"turns":1},{"damage":0,"enemies":"Cultist","floor":5,"turns":1},{"damage":0,"enemies":"Exordium Thugs","floor":10,"turns":6},{"damage":10,"enemies":"Exordium Wildlife","floor":11,"turns":4},{"damage":0,"enemies":"3 Louse","floor":12,"turns":1},{"damage":11,"enemies":"Gremlin Nob","floor":14,"turns":5},{"damage":23,"enemies":"Slime Boss","floor":16,"turns":11},{"damage":0,"enemies":"3 Byrds","floor":18,"turns":2},{"damage":0,"enemies":"Chosen","floor":19,"turns":6},{"damage":5,"enemies":"Snake Plant","floor":20,"turns":6},{"damage":6,"enemies":"Snecko","floor":21,"turns":6},{"damage":6,"enemies":"Slavers","floor":23,"turns":6},{"damage":1,"enemies":"Chosen and Byrds","floor":24,"turns":7},{"damage":9,"enemies":"3 Cultists","floor":25,"turns":4},{"damage":5,"enemies":"Book of Stabbing","floor":28,"turns":7},{"damage":16,"enemies":"Masked Bandits","floor":30,"turns":4},{"damage":9,"enemies":"Automaton","floor":33,"turns":8},{"damage":0,"enemies":"3 Darklings","floor":35,"turns":3},{"damage":0,"enemies":"3 Shapes","floor":36,"turns":4},{"damage":0,"enemies":"3 Darklings","floor":37,"turns":4},{"damage":32,"enemies":"2 Orb Walkers","floor":38,"turns":5},{"damage":8,"enemies":"Nemesis","floor":40,"turns":9},{"damage":0,"enemies":"Giant Head","floor":42,"turns":9},{"damage":4,"enemies":"Spire Growth","floor":44,"turns":6},{"damage":0,"enemies":"4 Shapes","floor":45,"turns":2},{"damage":11,"enemies":"Sphere and 2 Shapes","floor":48,"turns":4},{"damage":16,"enemies":"Donu and Deca","floor":50,"turns":7}],"seed_played":"3595655972879836645","potions_obtained":[{"floor":10,"key":"Block Potion"},{"floor":12,"key":"EssenceOfSteel"},{"floor":16,"key":"SkillPotion"}],"is_trial":false,"path_per_floor":["M","?","?","M","M","R","?","R","T","M","M","M","R","E","R","B",null,"M","M","M","M","?","E","M","M","T","R","E","?","?","$","R","B",null,"M","M","M","?","?","E","R","E","T","M","M","R","$","M","R","B",null],"character_chosen":"THE_SILENT","items_purchased":["TungstenRod","Noxious Fumes","Snake Skull","Lee\u0027s Waffle"],"campfire_rested":4,"item_purchase_floors":[31,31,47,47],"current_hp_per_floor":[59,46,46,46,46,46,39,39,39,39,29,29,48,37,37,14,53,53,53,48,42,42,36,35,26,26,45,40,40,24,24,43,34,58,58,58,58,26,26,18,37,37,37,33,33,33,73,62,62,46],"gold":43,"neow_bonus":"THREE_ENEMY_KILL","is_daily":false,"chose_seed":false,"campfire_upgraded":5,"win_rate":0.0,"timestamp":1613074855,"path_taken":["M","?","?","M","M","R","?","R","T","?","M","M","R","E","R","BOSS","M","M","M","M","?","E","M","M","T","R","E","?","?","?","R","BOSS","M","M","?","?","?","E","R","E","T","?","M","R","$","M","R","BOSS"],"items_purchased_type":["Relic","Card","Relic","Relic"],"build_version":"2020-12-22","purchased_purges":2,"victory":true,"max_hp_per_floor":[66,66,66,66,66,66,66,66,66,66,66,66,66,66,66,66,66,66,66,66,66,66,66,66,66,66,66,66,66,66,66,66,66,66,66,66,66,66,66,66,66,66,66,66,66,66,73,73,73,73],"relic_stats":{"Sozu":9,"Lee\u0027s Waffle":40,"Happy Flower":[6],"counters":[28,139],"Snake Skull":[27],"Whetstone":["Quick Slash","Strike_G"],"Question Card":20,"Smiling Mask":75,"Cursed Key":1,"obtain_stats":[{"Lee\u0027s Waffle":47,"NeowsBlessing":0,"Happy Flower":42,"Snake Skull":47,"Incense Burner":28,"Whetstone":23,"Paper Crane":22,"Frozen Egg 2":43,"Question Card":14,"Smiling Mask":26,"Cursed Key":34,"Sozu":17,"Du-Vu Doll":38,"Anchor":9,"Red Mask":30,"Bottled Lightning":40,"TungstenRod":31,"Ring of the Snake":0},{"Lee\u0027s Waffle":26,"NeowsBlessing":0,"Happy Flower":24,"Snake Skull":26,"Incense Burner":16,"Whetstone":13,"Paper Crane":12,"Frozen Egg 2":24,"Question Card":7,"Smiling Mask":15,"Cursed Key":18,"Sozu":8,"Du-Vu Doll":22,"Anchor":3,"Red Mask":17,"Bottled Lightning":23,"TungstenRod":17,"Ring of the Snake":0},{"Lee\u0027s Waffle":128,"NeowsBlessing":0,"Happy Flower":120,"Snake Skull":128,"Incense Burner":74,"Whetstone":56,"Paper Crane":50,"Frozen Egg 2":120,"Question Card":19,"Smiling Mask":67,"Cursed Key":86,"Sozu":30,"Du-Vu Doll":102,"Anchor":3,"Red Mask":78,"Bottled Lightning":111,"TungstenRod":78,"Ring of the Snake":0}],"TungstenRod":21,"Ring of the Snake":[56]},"card_choices":[{"not_picked":["Bane","Tactician"],"picked":"Deflect","floor":1},{"not_picked":["Quick Slash","Bane"],"picked":"All Out Attack","floor":4},{"not_picked":["Outmaneuver","Reflex"],"picked":"Quick Slash","floor":5},{"not_picked":["Expertise","Backflip"],"picked":"Cloak And Dagger","floor":10},{"not_picked":["Predator","PiercingWail"],"picked":"Corpse Explosion","floor":11},{"not_picked":["Flying Knee","Underhanded Strike"],"picked":"Predator","floor":12},{"not_picked":["Poisoned Stab","Dodge and Roll","Flechettes"],"picked":"SKIP","floor":14},{"not_picked":["Storm of Steel","Unload","Bullet Time"],"picked":"Malaise","floor":16},{"not_picked":["Blade Dance","Sucker Punch","Deadly Poison"],"picked":"PiercingWail","floor":18},{"not_picked":["Slice","Dodge and Roll+1","Phantasmal Killer"],"picked":"Well Laid Plans+1","floor":19},{"not_picked":["Poisoned Stab","Underhanded Strike","Deflect"],"picked":"Bouncing Flask+1","floor":20},{"not_picked":["Acrobatics","Prepared","Quick Slash+1"],"picked":"Catalyst","floor":21},{"not_picked":["Dagger Spray+1","Prepared","Sucker Punch","Outmaneuver+1"],"picked":"SKIP","floor":23},{"not_picked":["Outmaneuver","Slice","Deflect"],"picked":"Backflip","floor":24},{"not_picked":["Cloak And Dagger","Poisoned Stab","Dagger Spray"],"picked":"Noxious Fumes","floor":25},{"not_picked":["Unload","Slice","Backflip"],"picked":"Dodge and Roll+1","floor":28},{"not_picked":["Expertise","Flechettes","Predator+1"],"picked":"PiercingWail+1","floor":30},{"not_picked":["Glass Knife","Corpse Explosion","Storm of Steel"],"picked":"After Image","floor":33},{"not_picked":["Deflect","Skewer","Blade Dance"],"picked":"PiercingWail","floor":35},{"not_picked":["Flechettes","Cloak And Dagger","Endless Agony"],"picked":"Noxious Fumes","floor":36},{"not_picked":["Cloak And Dagger","Tactician","Underhanded Strike","Outmaneuver+1"],"picked":"SKIP","floor":37},{"not_picked":["Predator","Storm of Steel","Bane","Caltrops"],"picked":"SKIP","floor":40},{"not_picked":["Slice+1","Dagger Spray","Flechettes"],"picked":"Deadly Poison","floor":42},{"not_picked":["Prepared","PiercingWail","Escape Plan"],"picked":"Backflip","floor":44},{"not_picked":["Expertise","Accuracy+1","Backstab"],"picked":"Leg Sweep","floor":45},{"not_picked":["Riddle With Holes","Skewer+1","Backflip"],"picked":"Acrobatics+1","floor":48}],"player_experience":459795,"relics_obtained":[{"floor":9,"key":"Anchor"},{"floor":14,"key":"Question Card"},{"floor":23,"key":"Whetstone"},{"floor":26,"key":"Smiling Mask"},{"floor":28,"key":"Incense Burner"},{"floor":30,"key":"Red Mask"},{"floor":38,"key":"Du-Vu Doll"},{"floor":40,"key":"Bottled Lightning"},{"floor":42,"key":"Happy Flower"},{"floor":43,"key":"Frozen Egg 2"}],"event_choices":[{"damage_healed":0,"gold_gain":0,"player_choice":"Entered Light","damage_taken":13,"max_hp_gain":0,"max_hp_loss":0,"event_name":"Shining Light","floor":2,"gold_loss":0,"cards_upgraded":["Defend_G","Defend_G"]},{"damage_healed":0,"gold_gain":0,"cards_transformed":["Strike_G"],"player_choice":"Change","damage_taken":0,"max_hp_gain":0,"max_hp_loss":0,"event_name":"Living Wall","floor":3,"gold_loss":0,"cards_obtained":["Dagger Spray"]},{"cards_removed":["Strike_G"],"damage_healed":0,"gold_gain":0,"player_choice":"Card Removal","damage_taken":7,"max_hp_gain":0,"max_hp_loss":0,"event_name":"Golden Wing","floor":7,"gold_loss":0},{"damage_healed":0,"gold_gain":0,"player_choice":"Obtained Relic","damage_taken":0,"relics_obtained":["Paper Crane"],"max_hp_gain":0,"max_hp_loss":0,"event_name":"Addict","floor":22,"gold_loss":85},{"damage_healed":0,"gold_gain":0,"player_choice":"Simplicity","damage_taken":0,"max_hp_gain":0,"max_hp_loss":0,"event_name":"Back to Basics","floor":29,"gold_loss":0,"cards_upgraded":["Strike_G","Strike_G","Defend_G","Defend_G","Defend_G"]},{"damage_healed":0,"gold_gain":0,"player_choice":"Fought Bandits","damage_taken":0,"max_hp_gain":0,"max_hp_loss":0,"event_name":"Masked Bandits","floor":30,"gold_loss":0},{"damage_healed":0,"gold_gain":0,"player_choice":"Fight","damage_taken":0,"max_hp_gain":0,"max_hp_loss":0,"event_name":"Mysterious Sphere","floor":38,"gold_loss":0},{"damage_healed":0,"gold_gain":0,"player_choice":"Upgraded","damage_taken":0,"max_hp_gain":0,"max_hp_loss":0,"event_name":"Upgrade Shrine","floor":39,"gold_loss":0,"cards_upgraded":["After Image"]}],"is_beta":false,"boss_relics":[{"not_picked":["SlaversCollar","Philosopher\u0027s Stone"],"picked":"Sozu"},{"not_picked":["Coffee Dripper","Pandora\u0027s Box"],"picked":"Cursed Key"}],"items_purged_floors":[31,47],"is_endless":false,"potions_floor_spawned":[10,12,16,20,21,23,25,28,36,37,38,44],"ascension_level":14}}