{"host":"zov10424ma9lu08x","time":1613046956,"event":{"mods":["Act Like it!","BaseMod","Card Forge","Highlight Path","Minty Spire (QoL Compilation)","Permanent Neow","Practice Mode","Quick Restart","StSLib","Synergy Search"],"gold_per_floor":[114,134,152,163,163,163,173,173,251,11,0,0,0,11,11,115,115,128,148,168,179,179,179],"floor_reached":22,"language":"ENG","playtime":1148,"items_purged":[],"score":225,"play_id":"250f3ccb-2fd4-4410-b74d-2fe1fe5d9b8f","local_time":"20210211203556","is_ascension_mode":true,"campfire_choices":[{"data":"1","floor":6.0,"key":"LIFT"},{"data":"2","floor":8.0,"key":"LIFT"},{"data":"3","floor":13.0,"key":"LIFT"},{"data":"Clothesline","floor":15.0,"key":"SMITH"}],"circlet_count":0,"master_deck":["Strike_R","Strike_R","Strike_R","Strike_R","Strike_R","Defend_R","Defend_R","Defend_R","Defend_R","Bash","Pommel Strike","Pommel Strike","Clothesline+1","Offering","Battle Trance","Metamorphosis","Immolate","Iron Wave","Reaper","Clothesline+1","Sword Boomerang"],"relics":["Burning Blood","Hammer of Thor","Seething Fire","Anvil of the Gods","Girya","Letter Opener"],"acts_visited":["Exordium","TheCity"],"potions_floor_usage":[],"damage_taken":[{"damage":1.0,"enemies":"Cultist","floor":1.0,"turns":4.0},{"damage":0.0,"enemies":"Small Slimes","floor":2.0,"turns":3.0},{"damage":5.0,"enemies":"2 Louse","floor":3.0,"turns":4.0},{"damage":6.0,"enemies":"Lots of Slimes","floor":4.0,"turns":4.0},{"damage":15.0,"enemies":"Gremlin Gang","floor":7.0,"turns":6.0},{"damage":12.0,"enemies":"Exordium Wildlife","floor":14.0,"turns":2.0},{"damage":18.0,"enemies":"Slime Boss","floor":16.0,"turns":6.0},{"damage":13.0,"enemies":"Chosen","floor":18.0,"turns":3.0},{"damage":15.0,"enemies":"3 Byrds","floor":19.0,"turns":6.0},{"damage":21.0,"enemies":"Snake Plant","floor":20.0,"turns":4.0},{"damage":12.0,"enemies":"Centurion and Healer","floor":21.0,"turns":8.0},{"damage":0,"enemies":"Shelled Parasite and Fungi","floor":22,"turns":1}],"seed_played":"39345252459131631","potions_obtained":[{"floor":2.0,"key":"AttackPotion"},{"floor":3.0,"key":"EssenceOfSteel"},{"floor":7.0,"key":"EssenceOfSteel"},{"floor":16.0,"key":"FearPotion"},{"floor":19.0,"key":"SteroidPotion"},{"floor":21.0,"key":"SneckoOil"}],"is_trial":false,"path_per_floor":["M","M","M","M","?","R","M","R","T","$","?","?","R","M","R","B",null,"M","M","M","M","M"],"character_chosen":"IRONCLAD","items_purchased":["Battle Trance","Metamorphosis"],"campfire_rested":0,"item_purchase_floors":[10,10],"current_hp_per_floor":[61,67,68,68,73,73,64,64,64,64,64,64,64,58,58,46,75,68,74,59,60,60,60],"gold":179,"neow_bonus":"ONE_RARE_RELIC","is_daily":false,"chose_seed":false,"campfire_upgraded":1,"win_rate":0.0,"timestamp":1613046956,"path_taken":["M","M","M","M","?","R","M","R","T","$","?","?","R","M","R","BOSS","M","M","M","?","M"],"items_purchased_type":["Card","Card"],"build_version":"2020-12-22","purchased_purges":0,"victory":false,"max_hp_per_floor":[80,80,80,80,85,85,85,85,85,85,85,85,85,85,85,85,85,85,85,85,85,85,85],"card_choices":[{"not_picked":["Flex","Armaments","Blood for Blood"],"picked":"SKIP","floor":1.0},{"not_picked":["Iron Wave","Reckless Charge"],"picked":"Pommel Strike","floor":2.0},{"not_picked":["Hemokinesis","Metallicize"],"picked":"Pommel Strike","floor":3.0},{"not_picked":["Anger","Perfected Strike"],"picked":"Clothesline","floor":4.0},{"not_picked":["Pommel Strike","Rage"],"picked":"Offering","floor":7.0},{"not_picked":["Wild Strike","Headbutt"],"picked":"Iron Wave","floor":14.0},{"not_picked":["Corruption","Fiend Fire"],"picked":"Reaper","floor":16.0},{"not_picked":["True Grit","Perfected Strike"],"picked":"Clothesline+1","floor":18.0},{"not_picked":["Rage","Combust"],"picked":"Sword Boomerang","floor":19.0},{"not_picked":["Body Slam","Inflame","Fiend Fire"],"picked":"SKIP","floor":20.0},{"not_picked":["Hemokinesis+1","Body Slam+1","Anger"],"picked":"SKIP","floor":21.0}],"player_experience":349928,"relics_obtained":[{"floor":9.0,"key":"Letter Opener"}],"event_choices":[{"damage_healed":0.0,"max_hp_gain":5.0,"max_hp_loss":0.0,"gold_gain":0.0,"event_name":"Big Fish","player_choice":"Donut","floor":5.0,"gold_loss":0.0,"damage_taken":0.0},{"damage_healed":0.0,"max_hp_gain":0.0,"max_hp_loss":0.0,"gold_gain":0.0,"event_name":"World of Goop","player_choice":"Left Gold","floor":11.0,"gold_loss":11.0,"damage_taken":0.0},{"damage_healed":0.0,"max_hp_gain":0.0,"max_hp_loss":0.0,"gold_gain":0.0,"event_name":"Match and Keep!","player_choice":"1 cards matched","floor":12.0,"gold_loss":0.0,"damage_taken":0.0,"cards_obtained":["Immolate"]}],"is_beta":false,"boss_relics":[{"not_picked":["Pandora\u0027s Box","Runic Cube","Busted Crown"]}],"items_purged_floors":[],"is_endless":false,"potions_floor_spawned":[2,3,7,16,19,20,21],"killed_by":"Shelled Parasite and Fungi","ascension_level":5}}