{"host":"4zpqi6gd0xcmibwu","time":1613051355,"event":{"mods":["AchievementEnabler","BaseMod","Better Altar","Better Match","Better Note","Better Skull","Better Third Choice","Block Reminder","Bossed Relics","Colored Map","Colored Powertips","DeckTracker","Displayed Cursed Tome","Googly Eyes","Highlight Path","Infinite Spire","Key Reminder","Minty Spire (QoL Compilation)","Permanent Neow","Quick Restart","Random Character Button","Rare Cards Sparkle","Relic Sorter","Relic Stats","Replay The Spire","ShortenTheSpire","Smile Girya","Spire Arcade","Spire Birthday Party","StSLib","Steal the Spire","SuperFastMode","Uncapped","Unceasing Turn Reminder","Waifu the Spire","everything is the same but u backflip on backflip","slay the spire mod where everything is the same but ironclad has a cowboy hat"],"gold_per_floor":[18,18,34,34,58,58,94,94,119,44,59,100,125,150,150,150,150],"floor_reached":16,"language":"ENG","playtime":467,"items_purged":["Strike_B"],"score":129,"play_id":"bb2be91e-c89d-4283-8904-a96158d9ee36","local_time":"20210211144915","is_ascension_mode":true,"campfire_choices":[{"data":"Zap","floor":6,"key":"SMITH"},{"data":"Coolheaded","floor":8,"key":"SMITH"},{"data":"Redo","floor":15,"key":"SMITH"}],"circlet_count":0,"master_deck":["Strike_B","Strike_B","Strike_B","Defend_B","Defend_B","Defend_B","Defend_B","Zap+1","Dualcast","Ball Lightning","Coolheaded+1","Conserve Battery","Rebound","Chill","Redo+1","Undo"],"relics":["Cracked Core","TungstenRod","Golden Idol","Omamori","Ancient Tea Set","Centennial Puzzle"],"acts_visited":["Exordium"],"potions_floor_usage":[],"damage_taken":[{"damage":2,"enemies":"2 Louse","floor":1,"turns":3},{"damage":0,"enemies":"Cultist","floor":3,"turns":3},{"damage":1,"enemies":"Jaw Worm","floor":5,"turns":3},{"damage":12,"enemies":"Lagavulin","floor":7,"turns":7},{"damage":15,"enemies":"Exordium Wildlife","floor":11,"turns":4},{"damage":11,"enemies":"3 Sentries","floor":12,"turns":8},{"damage":4,"enemies":"2 Fungi Beasts","floor":13,"turns":3},{"damage":2,"enemies":"Blue Slaver","floor":14,"turns":3},{"damage":29,"enemies":"Slime Boss","floor":16,"turns":7}],"seed_played":"-968317613623076507","potions_obtained":[{"floor":2,"key":"Fire Potion"},{"floor":2,"key":"AttackPotion"},{"floor":2,"key":"Toxic Potion"},{"floor":3,"key":"PowerPotion"}],"is_trial":false,"path_per_floor":["M","?","M","?","M","R","E","R","T","$","M","E","M","M","R","B"],"character_chosen":"DEFECT","items_purchased":[],"campfire_rested":0,"item_purchase_floors":[],"current_hp_per_floor":[73,73,73,69,68,68,56,56,56,56,41,30,26,24,24,0,0],"gold":150,"neow_bonus":"ONE_RARE_RELIC","is_daily":false,"chose_seed":false,"campfire_upgraded":3,"win_rate":0.0,"timestamp":1613051355,"path_taken":["M","?","?","?","M","R","E","R","T","?","M","E","M","M","R","BOSS"],"items_purchased_type":[],"build_version":"2020-12-22","purchased_purges":1,"victory":false,"max_hp_per_floor":[75,75,75,69,69,69,69,69,69,69,69,69,69,69,69,69,69],"relic_stats":{"Centennial Puzzle":[9],"counters":[9,41],"Golden Idol":33,"obtain_stats":[{"Centennial Puzzle":12,"Golden Idol":4,"Omamori":7,"Cracked Core":0,"Ancient Tea Set":9,"TungstenRod":0},{"Centennial Puzzle":6,"Golden Idol":2,"Omamori":4,"Cracked Core":0,"Ancient Tea Set":4,"TungstenRod":0},{"Centennial Puzzle":28,"Golden Idol":6,"Omamori":16,"Cracked Core":0,"Ancient Tea Set":16,"TungstenRod":0}],"TungstenRod":15},"card_choices":[{"not_picked":["Go for the Eyes","White Noise"],"picked":"Ball Lightning","floor":1},{"not_picked":["Go for the Eyes","Scrape"],"picked":"Coolheaded","floor":3},{"not_picked":["Streamline","Panic Button"],"picked":"Conserve Battery","floor":5},{"not_picked":["Fusion","Compile Driver"],"picked":"Rebound","floor":7},{"not_picked":["Rebound","Leap"],"picked":"Chill","floor":11},{"not_picked":["Streamline","Hello World","Redo"],"picked":"SKIP","floor":12},{"not_picked":["Streamline","Hello World"],"picked":"Redo","floor":12},{"not_picked":["Cold Snap","Leap"],"picked":"Undo","floor":13},{"not_picked":["Beam Cell","Blizzard","Aggregate"],"picked":"SKIP","floor":14}],"player_experience":59816,"relics_obtained":[{"floor":7,"key":"Omamori"},{"floor":9,"key":"Ancient Tea Set"},{"floor":12,"key":"Centennial Puzzle"}],"event_choices":[{"damage_healed":0,"gold_gain":0,"player_choice":"Got Potions","damage_taken":0,"max_hp_gain":0,"max_hp_loss":0,"event_name":"Lab","floor":2,"gold_loss":0},{"damage_healed":0,"gold_gain":0,"player_choice":"Lose Max HP","damage_taken":0,"relics_obtained":["Golden Idol"],"max_hp_gain":0,"max_hp_loss":6,"event_name":"Golden Idol","floor":4,"gold_loss":0}],"is_beta":false,"boss_relics":[],"items_purged_floors":[10],"is_endless":false,"potions_floor_spawned":[3,5,11,13],"killed_by":"Slime Boss","ascension_level":3}}