{"host":"pqs17sqrgflf4eqa","time":1613012584,"event":{"mods":["AchievementEnabler","BaseMod","Bestiary","Better Altar","Colored Map","Colored Powertips","Emptier Cage","Googly Eyes","Highlight Path","Minty Spire (QoL Compilation)","Quick Restart","StSLib","SuperFastMode","Transform Curses","slay the spire mod where everything is the same but ironclad has a cowboy hat"],"gold_per_floor":[10,10,10,35,49,87,87,87,164,180,180,220,220,234,234,357,357,381,397,3,3,34,34,34,34],"floor_reached":24,"language":"ENG","playtime":608,"items_purged":[],"score":255,"play_id":"3af16ce3-f4c7-4a3c-b8b1-e1324fd0c1b4","local_time":"20210210220304","is_ascension_mode":true,"campfire_choices":[{"data":"Armaments","floor":8.0,"key":"SMITH"},{"floor":11.0,"key":"REST"},{"data":"Berserk","floor":13.0,"key":"SMITH"},{"data":"Bash","floor":15.0,"key":"SMITH"},{"data":"Reaper","floor":23.0,"key":"SMITH"}],"circlet_count":0,"master_deck":["Strike_R","Strike_R","Strike_R","Strike_R","Strike_R","Defend_R","Defend_R","Defend_R","Defend_R","Bash+1","Shrug It Off","Havoc","Headbutt","Armaments+1","Berserk+1","Cleave","Cleave","Reaper+1","Twin Strike+1","Shockwave+1","Battle Trance","True Grit","Battle Trance+1"],"relics":["Burning Blood","WingedGreaves","Golden Idol","Vajra","Self Forming Clay","White Beast Statue","Coffee Dripper","Ginger","MutagenicStrength","Red Mask"],"acts_visited":["Exordium","TheCity"],"potions_floor_usage":[],"damage_taken":[{"damage":0.0,"enemies":"Small Slimes","floor":1.0,"turns":3.0},{"damage":13.0,"enemies":"Jaw Worm","floor":4.0,"turns":4.0},{"damage":15.0,"enemies":"2 Louse","floor":5.0,"turns":3.0},{"damage":42.0,"enemies":"Lagavulin","floor":6.0,"turns":8.0},{"damage":14.0,"enemies":"Gremlin Gang","floor":10.0,"turns":5.0},{"damage":15.0,"enemies":"3 Sentries","floor":12.0,"turns":7.0},{"damage":16.0,"enemies":"Lots of Slimes","floor":14.0,"turns":4.0},{"damage":18.0,"enemies":"Slime Boss","floor":16.0,"turns":8.0},{"damage":26.0,"enemies":"Shell Parasite","floor":18.0,"turns":4.0},{"damage":32.0,"enemies":"2 Thieves","floor":19.0,"turns":3.0},{"damage":36.0,"enemies":"Masked Bandits","floor":22.0,"turns":5.0},{"damage":19,"enemies":"Slavers","floor":24,"turns":1}],"seed_played":"-12011605646529721","potions_obtained":[{"floor":1.0,"key":"Weak Potion"},{"floor":5.0,"key":"Energy Potion"},{"floor":7.0,"key":"PowerPotion"},{"floor":7.0,"key":"EntropicBrew"},{"floor":7.0,"key":"Swift Potion"},{"floor":14.0,"key":"BloodPotion"},{"floor":16.0,"key":"SkillPotion"},{"floor":18.0,"key":"ColorlessPotion"},{"floor":19.0,"key":"GamblersBrew"},{"floor":22.0,"key":"GamblersBrew"}],"is_trial":false,"path_per_floor":["M","?","?","M","M","E","?","R","T","M","R","E","R","M","R","B",null,"M","M","$","?","?","R","E"],"character_chosen":"IRONCLAD","items_purchased":["Ginger","Battle Trance","True Grit"],"campfire_rested":1,"item_purchase_floors":[20,20,20],"current_hp_per_floor":[80,74,79,72,63,27,27,27,27,19,42,33,33,23,23,26,66,53,27,27,27,11,11,0,0],"gold":34,"neow_bonus":"ONE_RARE_RELIC","is_daily":false,"chose_seed":false,"campfire_upgraded":4,"win_rate":0.0,"timestamp":1613012584,"path_taken":["M","?","?","M","M","E","?","R","T","?","R","E","R","?","R","BOSS","M","M","$","?","?","R","E"],"items_purchased_type":["Relic","Card","Card"],"build_version":"2020-12-22","purchased_purges":0,"victory":false,"max_hp_per_floor":[80,74,79,79,79,79,79,79,79,79,79,79,79,79,79,79,79,79,79,79,79,79,79,79,79],"card_choices":[{"not_picked":["Dark Embrace","Power Through"],"picked":"Shrug It Off","floor":1.0},{"not_picked":["Fire Breathing","Body Slam"],"picked":"Havoc","floor":4.0},{"not_picked":["Dual Wield","Inflame"],"picked":"Headbutt","floor":5.0},{"not_picked":["Burning Pact","True Grit"],"picked":"Armaments","floor":6.0},{"not_picked":["Flex","Warcry"],"picked":"Berserk","floor":10.0},{"not_picked":["Evolve","Perfected Strike"],"picked":"Cleave","floor":12.0},{"not_picked":["Shrug It Off","Shockwave"],"picked":"Cleave","floor":14.0},{"not_picked":["Feed","Exhume"],"picked":"Reaper","floor":16.0},{"not_picked":["Flame Barrier","Armaments+1"],"picked":"Twin Strike+1","floor":18.0},{"not_picked":["Heavy Blade+1","Cleave"],"picked":"Shockwave+1","floor":19.0},{"not_picked":["Body Slam+1","Iron Wave"],"picked":"Battle Trance+1","floor":22.0}],"player_experience":158081,"relics_obtained":[{"floor":6.0,"key":"Vajra"},{"floor":9.0,"key":"Self Forming Clay"},{"floor":12.0,"key":"White Beast Statue"},{"floor":22.0,"key":"Red Mask"}],"event_choices":[{"damage_healed":0.0,"max_hp_gain":0.0,"max_hp_loss":6.0,"gold_gain":0.0,"event_name":"Golden Idol","player_choice":"Lose Max HP","floor":2.0,"gold_loss":0.0,"damage_taken":0.0,"relics_obtained":["Golden Idol"]},{"damage_healed":0.0,"max_hp_gain":5.0,"max_hp_loss":0.0,"gold_gain":0.0,"event_name":"Big Fish","player_choice":"Donut","floor":3.0,"gold_loss":0.0,"damage_taken":0.0},{"damage_healed":0.0,"max_hp_gain":0.0,"max_hp_loss":0.0,"gold_gain":0.0,"event_name":"Lab","player_choice":"Got Potions","floor":7.0,"gold_loss":0.0,"damage_taken":0.0},{"damage_healed":0.0,"max_hp_gain":0.0,"max_hp_loss":0.0,"gold_gain":0.0,"event_name":"Drug Dealer","player_choice":"Inject Mutagens","floor":21.0,"gold_loss":0.0,"damage_taken":0.0,"relics_obtained":["MutagenicStrength"]},{"damage_healed":0.0,"max_hp_gain":0.0,"max_hp_loss":0.0,"gold_gain":0.0,"event_name":"Masked Bandits","player_choice":"Fought Bandits","floor":22.0,"gold_loss":0.0,"damage_taken":0.0}],"is_beta":false,"boss_relics":[{"not_picked":["Runic Cube","SacredBark"],"picked":"Coffee Dripper"}],"items_purged_floors":[],"is_endless":false,"potions_floor_spawned":[1,5,14,16,18,19,22],"killed_by":"Slavers","ascension_level":5}}