{"host":"knk89g45d3vzr5fm","time":1613034632,"event":{"mods":["2.2 Compatiblity","BaseMod","Downfall","Minty Spire (QoL Compilation)","Relic Stats","Reliquary","Replay The Spire","StSLib","The Marked"],"gold_per_floor":[99,118,132,143,18,31,31,31,60,60,60,45,45,78,97,192,192,192,204,221,233,333,91,91,122,137,163,179,195,195,195,208,304,304,204,223,243,293,293,293,293,306,306,306,306,306],"floor_reached":44,"language":"FRA","playtime":3186,"items_purged":["bronze:Strike","bronze:Strike"],"score":556,"play_id":"503ba831-b451-42b7-8caf-bb53a5eb12cd","local_time":"20210211101032","is_ascension_mode":true,"campfire_choices":[{"data":"bronze:Goto","floor":1.0,"key":"SMITH"},{"floor":11.0,"key":"REST"},{"data":"bronze:Repair","floor":13.0,"key":"SMITH"},{"data":"bronze:AlphaBuild","floor":18.0,"key":"SMITH"},{"floor":35.0,"key":"RECALL"}],"circlet_count":0,"master_deck":["bronze:Strike","bronze:Defend","bronze:Defend","bronze:Defend","bronze:Defend","bronze:Replicate","bronze:Goto+1","bronze:WildBeam","bronze:DelayedSlice","bronze:WildBeam","bronze:DelayedSlice","bronze:Repair+1","bronze:Branch","bronze:WildBeam","bronze:Shell","bronze:Shield","bronze:AlphaBuild+1","bronze:Fortify","bronze:Fortify","bronze:BuggyMess+1","bronze:DonuBeam","bronze:DecaBeam","bronze:Flail","bronze:BronzeOrb","Replay:Bootleg Shield Generator","Midas Touch","downfall:Bewildered","bronze:BugBarrage","bronze:BugBarrage","bronze:InfiniteLoop","bronze:Assembly","Sickly","ReplayTheSpireMod:Faulty Equipment","downfall:Bewildered","bronze:FineTuning+1"],"relics":["bronze:PlatinumCore","reliquary:JackalopeAntler","Durian","Meat on the Bone","Art of War","Replay:Grab Bag","Cursed Key","Painkiller Herb","ReplayTheSpireMod:ShopPack","reliquary:Aerogel","reliquary:Knoch","Replay:Ancient Bell","Mummified Hand","Replay:Kaleidoscope","downfall:HeartBlessingBlue","Girya","Ginger"],"acts_visited":["Exordium","TheCity","TheBeyond"],"potions_floor_usage":[38,44,44],"damage_taken":[{"damage":6.0,"enemies":"2 Louse","floor":2.0,"turns":3.0},{"damage":12.0,"enemies":"Small Slimes","floor":3.0,"turns":3.0},{"damage":2.0,"enemies":"Jaw Worm","floor":4.0,"turns":2.0},{"damage":0.0,"enemies":"downfall:FleeingMerchant","floor":5.0,"turns":4.0},{"damage":0.0,"enemies":"Large Slime","floor":6.0,"turns":2.0},{"damage":18.0,"enemies":"3 Sentries","floor":9.0,"turns":8.0},{"damage":0.0,"enemies":"downfall:FleeingMerchant","floor":12.0,"turns":4.0},{"damage":18.0,"enemies":"Lagavulin","floor":14.0,"turns":3.0},{"damage":1.0,"enemies":"Gremlin Gang","floor":15.0,"turns":2.0},{"damage":14.0,"enemies":"IC_STATUS_ARCHETYPE","floor":16.0,"turns":5.0},{"damage":0.0,"enemies":"Spheric Guardian","floor":19.0,"turns":2.0},{"damage":20.0,"enemies":"3 Byrds","floor":20.0,"turns":5.0},{"damage":5.0,"enemies":"Snecko","floor":21.0,"turns":4.0},{"damage":46.0,"enemies":"Snecko","floor":22.0,"turns":8.0},{"damage":20.0,"enemies":"downfall:FleeingMerchant","floor":23.0,"turns":4.0},{"damage":9.0,"enemies":"Replay:Snechameleon","floor":25.0,"turns":3.0},{"damage":17.0,"enemies":"Snake Plant","floor":26.0,"turns":3.0},{"damage":12.0,"enemies":"Gremlin Leader","floor":27.0,"turns":8.0},{"damage":0.0,"enemies":"Centurion and Healer","floor":28.0,"turns":3.0},{"damage":0.0,"enemies":"Snecko","floor":29.0,"turns":3.0},{"damage":9.0,"enemies":"Chosen and Byrds","floor":32.0,"turns":7.0},{"damage":51.0,"enemies":"DF_ARCHETYPE_CLAW","floor":33.0,"turns":8.0},{"damage":15,"enemies":"3 Darklings","floor":36,"turns":9},{"damage":0,"enemies":"Orb Walker","floor":37,"turns":2},{"damage":7,"enemies":"2 Orb Walkers","floor":38,"turns":3},{"damage":18,"enemies":"Maw","floor":42,"turns":8},{"damage":98,"enemies":"Giant Head","floor":44,"turns":10}],"seed_played":"5961037625726068424","potions_obtained":[{"floor":0.0,"key":"Doom Potion"},{"floor":0.0,"key":"champ:CounterPotion"},{"floor":0.0,"key":"Block Potion"},{"floor":3.0,"key":"CultistPotion"},{"floor":9.0,"key":"GamblersBrew"},{"floor":15.0,"key":"Fire Potion"},{"floor":25.0,"key":"Explosive Potion"},{"floor":26.0,"key":"Adrenaline Potion"},{"floor":27.0,"key":"Milkshake"},{"floor":28.0,"key":"Swift Potion"},{"floor":33.0,"key":"Toxic Potion"},{"floor":36,"key":"ColorlessPotion"}],"is_trial":false,"path_per_floor":["R","M","M","M","$","M","T","?","E","?","R","$","R","E","M","B",null,"T","?","?","?","?","T","T","E","?","E","?","?","?","?","?","B",null,"T","?","?","?","?","T","T","?","?","E"],"character_chosen":"THE_AUTOMATON","items_purchased":["bronze:Repair","ReplayTheSpireMod:ShopPack"],"campfire_rested":1,"item_purchase_floors":[5,23],"current_hp_per_floor":[70,64,52,50,50,50,50,22,11,11,33,40,40,34,43,39,75,75,75,65,70,46,38,38,39,34,44,54,54,54,54,55,26,75,85,80,85,85,85,85,85,77,77,0,0,0],"gold":306,"neow_bonus":"THREE_SMALL_POTIONS","is_daily":false,"chose_seed":false,"campfire_upgraded":3,"win_rate":0.0,"timestamp":1613034632,"path_taken":["R","M","M","M","$","M","T","?","E","?","R","$","R","E","M","BOSS","T","?","?","?","?","T","T","E","?","E","?","?","?","?","?","BOSS","T","?","?","?","?","?","T","?","?","E"],"items_purchased_type":["Card","Relic"],"build_version":"2020-12-22","purchased_purges":2,"victory":false,"max_hp_per_floor":[70,70,70,70,70,70,70,75,75,75,75,75,75,75,75,75,75,75,75,75,75,75,75,75,75,75,75,75,75,75,75,75,75,75,85,85,85,85,85,85,85,85,85,85,85,85],"relic_stats":{"counters":[27,126],"Mummified Hand":[6],"Art of War":[3],"Ginger":[6],"Cursed Key":1,"obtain_stats":[{"bronze:PlatinumCore":17,"Girya":36,"bronze:BronzeCore":0,"reliquary:Aerogel":25,"Replay:Grab Bag":17,"Painkiller Herb":17,"Replay:Ancient Bell":34,"Replay:Kaleidoscope":34,"Ginger":38,"Cursed Key":17,"reliquary:FerryPass":34,"reliquary:JackalopeAntler":7,"Mummified Hand":34,"downfall:HeartBlessingBlue":35,"Durian":8,"Art of War":14,"reliquary:Knoch":27,"Meat on the Bone":9,"ReplayTheSpireMod:ShopPack":23},{"bronze:PlatinumCore":10,"Girya":23,"bronze:BronzeCore":0,"reliquary:Aerogel":16,"Replay:Grab Bag":10,"Painkiller Herb":10,"Replay:Ancient Bell":22,"Replay:Kaleidoscope":22,"Ginger":25,"Cursed Key":10,"reliquary:FerryPass":22,"reliquary:JackalopeAntler":5,"Mummified Hand":22,"downfall:HeartBlessingBlue":22,"Durian":5,"Art of War":8,"reliquary:Knoch":18,"Meat on the Bone":6,"ReplayTheSpireMod:ShopPack":15},{"bronze:PlatinumCore":36,"Girya":103,"bronze:BronzeCore":0,"reliquary:Aerogel":62,"Replay:Grab Bag":36,"Painkiller Herb":36,"Replay:Ancient Bell":94,"Replay:Kaleidoscope":94,"Ginger":108,"Cursed Key":36,"reliquary:FerryPass":94,"reliquary:JackalopeAntler":14,"Mummified Hand":94,"downfall:HeartBlessingBlue":94,"Durian":14,"Art of War":29,"reliquary:Knoch":73,"Meat on the Bone":22,"ReplayTheSpireMod:ShopPack":59}],"Meat on the Bone":72},"card_choices":[{"not_picked":["bronze:Repulsor","bronze:CutThrough"],"picked":"bronze:WildBeam","floor":2.0},{"not_picked":["bronze:Iterate","bronze:NullPointer"],"picked":"bronze:DelayedSlice","floor":3.0},{"not_picked":["bronze:Safeguard","bronze:Separator"],"picked":"bronze:WildBeam","floor":4.0},{"not_picked":["bronze:CloningBeam","bronze:Allocate"],"picked":"bronze:DelayedSlice","floor":5.0},{"not_picked":["bronze:BitShift","bronze:Separator","bronze:BuggyMess"],"picked":"SKIP","floor":6.0},{"not_picked":["bronze:Shell","bronze:Constructor"],"picked":"bronze:Branch","floor":9.0},{"not_picked":["bronze:CloningBeam","bronze:Deprecate","bronze:ForceShield"],"picked":"SKIP","floor":12.0},{"not_picked":["bronze:Overheat","bronze:Constructor"],"picked":"bronze:Shell","floor":14.0},{"not_picked":["bronze:TinkerersToolbox","bronze:Turbo"],"picked":"bronze:Shield","floor":15.0},{"not_picked":["bronze:SpaghettiCode","bronze:Break"],"picked":"bronze:AlphaBuild","floor":16.0},{"not_picked":["bronze:Repair","bronze:Branch"],"picked":"bronze:Fortify","floor":19.0},{"not_picked":["bronze:Frontload+1","bronze:BugBarrage"],"picked":"bronze:Fortify","floor":20.0},{"not_picked":["bronze:WhirlingStrike","bronze:Backtrace"],"picked":"bronze:BuggyMess+1","floor":21.0},{"not_picked":[],"picked":"bronze:DonuBeam","floor":22.0},{"not_picked":[],"picked":"bronze:DecaBeam","floor":22.0},{"not_picked":["bronze:Constructor+1","bronze:Frontload"],"picked":"bronze:Flail","floor":22.0},{"not_picked":["bronze:Repair","bronze:DelayedGuard"],"picked":"bronze:BronzeOrb","floor":23.0},{"not_picked":["Jack Of All Trades","Dark Shackles"],"picked":"Replay:Bootleg Shield Generator","floor":23.0},{"not_picked":["The Bomb","Metamorphosis"],"picked":"Midas Touch","floor":23.0},{"not_picked":["bronze:Constructor","bronze:Invalidate+1","bronze:BurnOut"],"picked":"SKIP","floor":25.0},{"not_picked":["bronze:BronzeOrb","bronze:Shell","bronze:Return"],"picked":"SKIP","floor":26.0},{"not_picked":["bronze:Separator","bronze:FollowUp"],"picked":"bronze:BugBarrage","floor":27.0},{"not_picked":["bronze:DelayedSlice+1","bronze:TinkerersToolbox"],"picked":"bronze:BugBarrage","floor":28.0},{"not_picked":["bronze:WhirlingStrike","bronze:Terminator","bronze:Refactor"],"picked":"SKIP","floor":29.0},{"not_picked":["bronze:OilSpill","bronze:DelayedSlice"],"picked":"bronze:InfiniteLoop","floor":32.0},{"not_picked":["bronze:Library","bronze:ThunderWave"],"picked":"bronze:Assembly","floor":33.0},{"not_picked":["Pain","downfall:Bewildered"],"picked":"Sickly","floor":34.0},{"not_picked":["Regret","Normality"],"picked":"ReplayTheSpireMod:Faulty Equipment","floor":34.0},{"not_picked":["Looming Evil","Pain"],"picked":"downfall:Bewildered","floor":34.0},{"not_picked":["bronze:Invalidate+1","bronze:Turbo"],"picked":"bronze:FineTuning+1","floor":36},{"not_picked":["bronze:Overload+1","bronze:Deprecate","bronze:ClassDefault"],"picked":"SKIP","floor":37},{"not_picked":["bronze:Constructor+1","bronze:Shield+1","bronze:Assembly"],"picked":"SKIP","floor":42}],"player_experience":2105699,"relics_obtained":[{"floor":7.0,"key":"reliquary:JackalopeAntler"},{"floor":9.0,"key":"Meat on the Bone"},{"floor":14.0,"key":"Art of War"},{"floor":25.0,"key":"reliquary:Aerogel"},{"floor":27.0,"key":"reliquary:Knoch"},{"floor":36,"key":"Girya"},{"floor":38,"key":"Ginger"}],"event_choices":[{"damage_healed":0.0,"max_hp_gain":0.0,"max_hp_loss":0.0,"gold_gain":0.0,"event_name":"Scrap Ooze","player_choice":"Success","floor":8.0,"gold_loss":0.0,"damage_taken":33.0,"relics_obtained":["Durian"]},{"damage_healed":0.0,"max_hp_gain":0.0,"max_hp_loss":0.0,"gold_gain":0.0,"event_name":"Vampires","player_choice":"Ignored","floor":30.0,"gold_loss":0.0,"damage_taken":0.0},{"damage_healed":0,"gold_gain":0,"player_choice":"Fight","damage_taken":0,"max_hp_gain":0,"max_hp_loss":0,"event_name":"Mysterious Sphere","floor":38,"gold_loss":0}],"is_beta":false,"boss_relics":[{"not_picked":["Calling Bell","Tiny House"],"picked":"Replay:Grab Bag"},{"not_picked":["Runic Dome","Philosopher\u0027s Stone"],"picked":"Cursed Key"},{"not_picked":["Coffee Dripper","ReplayTheSpireMod:Onyx Gauntlets"],"picked":"Painkiller Herb"},{"not_picked":["bronze:ElectromagneticCoil","Snecko Eye"],"picked":"bronze:PlatinumCore"},{"not_picked":["Honey Jar","Runic Pyramid"],"picked":"Replay:Ancient Bell"},{"not_picked":["Bag of Marbles","Bronze Scales"],"picked":"reliquary:FerryPass"},{"not_picked":["Gremlin Horn","HornCleat"],"picked":"Mummified Hand"},{"not_picked":["Turnip","CaptainsWheel"],"picked":"Replay:Kaleidoscope"}],"items_purged_floors":[5,23],"is_endless":false,"potions_floor_spawned":[3,6,9,15,25,26,27,28,33,36],"killed_by":"Giant Head","ascension_level":2}}