{"host":"o0q01dgb4z8zpo6o","time":1613081700,"event":{"mods":["BaseMod","GifTheSpireLib","Minty Spire (QoL Compilation)","Relic Stats","StSLib"],"gold_per_floor":[110,123,48,48,48,84,97,97,123,123,167,67,107,125,125,218,218,237,237,260,285,33,71,71,71,71,87,87,87],"floor_reached":28,"language":"ENG","playtime":1016,"items_purged":["Strike_G","Strike_G","Strike_G"],"score":562,"play_id":"22d0f5b6-0cf0-4f1a-bfea-4a2739aaf4aa","local_time":"20210211141500","is_ascension_mode":true,"campfire_choices":[{"data":"Skewer","floor":8.0,"key":"SMITH"},{"data":"Noxious Fumes","floor":10.0,"key":"SMITH"},{"floor":15.0,"key":"REST"},{"data":"Crippling Poison","floor":24.0,"key":"SMITH"}],"circlet_count":0,"master_deck":["AscendersBane","Strike_G","Strike_G+1","Defend_G","Defend_G","Defend_G","Defend_G","Defend_G","Survivor","Neutralize","Skewer+1","Noxious Fumes","Noxious Fumes+1","Predator+1","Die Die Die","Adrenaline","Backflip","Deadly Poison","Corpse Explosion","PiercingWail","Crippling Poison+1","Well Laid Plans","Backflip"],"relics":["Ring of the Snake","NeowsBlessing","Golden Idol","Dream Catcher","Whetstone","CaptainsWheel","White Beast Statue","Busted Crown","Centennial Puzzle","StrikeDummy","Shuriken"],"acts_visited":["Exordium","TheCity"],"potions_floor_usage":[28],"damage_taken":[{"damage":0.0,"enemies":"Jaw Worm","floor":1.0,"turns":1.0},{"damage":0.0,"enemies":"Cultist","floor":2.0,"turns":1.0},{"damage":0.0,"enemies":"Lagavulin","floor":6.0,"turns":2.0},{"damage":0.0,"enemies":"2 Louse","floor":7.0,"turns":2.0},{"damage":22.0,"enemies":"3 Sentries","floor":11.0,"turns":6.0},{"damage":10.0,"enemies":"Lagavulin","floor":13.0,"turns":6.0},{"damage":0.0,"enemies":"Lots of Slimes","floor":14.0,"turns":5.0},{"damage":26.0,"enemies":"Slime Boss","floor":16.0,"turns":9.0},{"damage":6.0,"enemies":"2 Thieves","floor":18.0,"turns":2.0},{"damage":4.0,"enemies":"Shell Parasite","floor":20.0,"turns":4.0},{"damage":0.0,"enemies":"Snecko","floor":21.0,"turns":4.0},{"damage":10.0,"enemies":"Slavers","floor":23.0,"turns":3.0},{"damage":0.0,"enemies":"Snake Plant","floor":27.0,"turns":4.0},{"damage":31,"enemies":"Book of Stabbing","floor":28,"turns":5}],"seed_played":"3917257867322284257","potions_obtained":[{"floor":1.0,"key":"FearPotion"},{"floor":7.0,"key":"BlessingOfTheForge"},{"floor":14.0,"key":"Energy Potion"},{"floor":16.0,"key":"CunningPotion"},{"floor":20.0,"key":"CultistPotion"},{"floor":21.0,"key":"SteroidPotion"},{"floor":23.0,"key":"BlessingOfTheForge"},{"floor":27.0,"key":"Strength Potion"}],"is_trial":false,"path_per_floor":["M","M","$","?","?","E","M","R","T","R","E","$","E","M","R","B",null,"M","?","M","M","$","E","R","$","T","M","E"],"character_chosen":"THE_SILENT","items_purchased":["Crippling Poison","Well Laid Plans"],"campfire_rested":1,"item_purchase_floors":[22,22],"current_hp_per_floor":[59,59,59,59,59,59,59,59,59,59,37,37,27,27,45,19,50,44,44,40,40,40,30,30,30,30,30,0,0],"gold":87,"neow_bonus":"THREE_ENEMY_KILL","is_daily":false,"chose_seed":false,"campfire_upgraded":3,"win_rate":0.0,"timestamp":1613081700,"path_taken":["M","M","$","?","?","E","?","R","T","R","E","$","E","M","R","BOSS","M","?","M","?","$","E","R","$","T","M","E"],"items_purchased_type":["Card","Card"],"build_version":"2020-12-22","purchased_purges":3,"victory":false,"max_hp_per_floor":[66,66,66,60,60,60,60,60,60,60,60,60,60,60,60,60,60,60,60,60,60,60,60,60,60,60,60,60,60],"relic_stats":{"Dream Catcher":1,"Centennial Puzzle":[9],"Busted Crown":10,"counters":[14,54],"Golden Idol":75,"Shuriken":[0],"Whetstone":["Strike_G","Predator"],"obtain_stats":[{"Dream Catcher":6,"CaptainsWheel":11,"Centennial Puzzle":19,"Busted Crown":17,"NeowsBlessing":0,"Golden Idol":4,"Shuriken":26,"Whetstone":9,"StrikeDummy":23,"White Beast Statue":13,"Ring of the Snake":0},{"Dream Catcher":3,"CaptainsWheel":5,"Centennial Puzzle":9,"Busted Crown":8,"NeowsBlessing":0,"Golden Idol":2,"Shuriken":12,"Whetstone":4,"StrikeDummy":12,"White Beast Statue":6,"Ring of the Snake":0},{"Dream Catcher":4,"CaptainsWheel":12,"Centennial Puzzle":34,"Busted Crown":32,"NeowsBlessing":0,"Golden Idol":2,"Shuriken":45,"Whetstone":6,"StrikeDummy":45,"White Beast Statue":18,"Ring of the Snake":0}],"Ring of the Snake":[28]},"card_choices":[{"not_picked":["Concentrate","Bane"],"picked":"Skewer","floor":1.0},{"not_picked":["Sucker Punch","Underhanded Strike"],"picked":"Noxious Fumes","floor":2.0},{"not_picked":["Deadly Poison","Accuracy"],"picked":"Predator","floor":6.0},{"not_picked":["Bane","Riddle With Holes"],"picked":"Sucker Punch","floor":7.0},{"not_picked":["Underhanded Strike","Dagger Throw"],"picked":"Die Die Die","floor":11.0},{"not_picked":["Finisher","Bouncing Flask"],"picked":"Adrenaline","floor":13.0},{"not_picked":["Distraction","Flying Knee"],"picked":"Backflip","floor":14.0},{"not_picked":["Bouncing Flask","Outmaneuver"],"picked":"Deadly Poison","floor":15.0},{"not_picked":["Die Die Die","Phantasmal Killer"],"picked":"Corpse Explosion","floor":16.0},{"not_picked":[],"picked":"PiercingWail","floor":18.0},{"not_picked":["Slice"],"picked":"SKIP","floor":20.0},{"not_picked":["Slice"],"picked":"SKIP","floor":21.0},{"not_picked":["Predator"],"picked":"SKIP","floor":23.0},{"not_picked":[],"picked":"Backflip","floor":27.0}],"player_experience":1217248,"relics_obtained":[{"floor":6.0,"key":"Dream Catcher"},{"floor":9.0,"key":"Whetstone"},{"floor":11.0,"key":"CaptainsWheel"},{"floor":13.0,"key":"White Beast Statue"},{"floor":23.0,"key":"StrikeDummy"},{"floor":26.0,"key":"Shuriken"}],"event_choices":[{"damage_healed":0.0,"max_hp_gain":0.0,"max_hp_loss":6.0,"gold_gain":0.0,"event_name":"Golden Idol","player_choice":"Lose Max HP","floor":4.0,"gold_loss":0.0,"damage_taken":0.0,"relics_obtained":["Golden Idol"]},{"damage_healed":0.0,"max_hp_gain":0.0,"max_hp_loss":0.0,"gold_gain":0.0,"event_name":"Match and Keep!","player_choice":"1 cards matched","floor":5.0,"gold_loss":0.0,"damage_taken":0.0,"cards_obtained":["Noxious Fumes"]},{"cards_removed":["Sucker Punch"],"damage_healed":0.0,"max_hp_gain":0.0,"max_hp_loss":0.0,"gold_gain":0.0,"event_name":"WeMeetAgain","player_choice":"Gave Card","floor":19.0,"gold_loss":0.0,"damage_taken":0.0,"relics_obtained":["Centennial Puzzle"]}],"is_beta":false,"boss_relics":[{"not_picked":["Sozu","Ring of the Serpent"],"picked":"Busted Crown"}],"items_purged_floors":[3,12,22],"is_endless":false,"potions_floor_spawned":[1,7,13,14,16,18,20,21,23,27],"killed_by":"Book of Stabbing","ascension_level":20}}