{"host":"jpzdg3po3tjxdjri","time":1613085019,"event":{"mods":["BaseMod","Better Third Choice","Colored Map","Colored Powertips","Minty Spire (QoL Compilation)","StSLib"],"gold_per_floor":[109,59,59,59,75,75,91,116,169,209,209,90,90,133,133,262,262,289,318,69,78,78,78,78,78,78,107,107,145,165,203,203,315,315,344,369,428,428,456,456,456],"floor_reached":40,"language":"ENG","playtime":1517,"items_purged":["Strike_P","Strike_P"],"score":637,"play_id":"fb5525e6-e3e6-4d13-b87c-7b19cb7f866d","local_time":"20210211231019","is_ascension_mode":true,"campfire_choices":[{"data":"PathToVictory","floor":6,"key":"SMITH"},{"floor":11,"key":"REST"},{"data":"PathToVictory","floor":13,"key":"SMITH"},{"data":"PathToVictory","floor":15,"key":"SMITH"},{"floor":23,"key":"REST"},{"data":"Evaluate","floor":25,"key":"SMITH"},{"floor":28,"key":"REST"},{"data":"CutThroughFate","floor":32,"key":"SMITH"}],"circlet_count":0,"master_deck":["Strike_P","Defend_P","Defend_P","Defend_P","Defend_P","Eruption+1","Vigilance","Consecrate","PathToVictory+1","EmptyBody","PathToVictory+1","FlurryOfBlows","PathToVictory+1","Evaluate+1","DeusExMachina","WindmillStrike+1","Evaluate","Shame","FollowUp","CutThroughFate+1","PathToVictory+1","Brilliance","LessonLearned","PathToVictory","Nirvana","FlurryOfBlows+1","PathToVictory+1"],"relics":["PureWater","NeowsBlessing","Bloody Idol","CeramicFish","Art of War","Odd Mushroom","SlaversCollar","Anchor","Gremlin Horn","Matryoshka","FossilizedHelix","Regal Pillow","VioletLotus","Girya"],"acts_visited":["Exordium","TheCity","TheBeyond"],"potions_floor_usage":[10,14,33,40],"damage_taken":[{"damage":0,"enemies":"Small Slimes","floor":1,"turns":1},{"damage":0,"enemies":"Cultist","floor":5,"turns":1},{"damage":0,"enemies":"Jaw Worm","floor":7,"turns":1},{"damage":6,"enemies":"Looter","floor":8,"turns":3},{"damage":16,"enemies":"Gremlin Nob","floor":10,"turns":4},{"damage":0,"enemies":"The Mushroom Lair","floor":14,"turns":2},{"damage":24,"enemies":"Slime Boss","floor":16,"turns":8},{"damage":0,"enemies":"Chosen","floor":18,"turns":3},{"damage":29,"enemies":"2 Thieves","floor":19,"turns":4},{"damage":23,"enemies":"Snake Plant","floor":27,"turns":4},{"damage":17,"enemies":"Gremlin Leader","floor":29,"turns":5},{"damage":7,"enemies":"Centurion and Healer","floor":30,"turns":6},{"damage":16,"enemies":"Slavers","floor":31,"turns":6},{"damage":42,"enemies":"Collector","floor":33,"turns":6},{"damage":22,"enemies":"3 Shapes","floor":35,"turns":3},{"damage":14,"enemies":"Orb Walker","floor":36,"turns":3},{"damage":8,"enemies":"Mind Bloom Boss Battle","floor":37,"turns":7},{"damage":35,"enemies":"4 Shapes","floor":39,"turns":6},{"damage":26,"enemies":"Nemesis","floor":40,"turns":4}],"seed_played":"6802073187993359651","potions_obtained":[{"floor":1,"key":"Weak Potion"},{"floor":7,"key":"FearPotion"},{"floor":8,"key":"Weak Potion"},{"floor":10,"key":"AttackPotion"},{"floor":27,"key":"FearPotion"},{"floor":33,"key":"FearPotion"}],"is_trial":false,"path_per_floor":["M","?","?","?","M","R","M","M","T","E","R","$","R","?","R","B",null,"M","M","$","?","$","R","?","R","T","M","R","E","M","E","R","B",null,"M","M","?","?","M","E"],"character_chosen":"WATCHER","items_purchased":["PathToVictory","Anchor"],"campfire_rested":3,"item_purchase_floors":[12,20],"current_hp_per_floor":[65,65,47,47,47,47,47,41,41,25,46,46,46,46,46,22,60,60,31,31,31,31,52,52,52,52,39,60,53,56,50,50,18,59,47,43,45,38,13,0,0],"gold":456,"neow_bonus":"THREE_ENEMY_KILL","is_daily":false,"chose_seed":false,"campfire_upgraded":5,"win_rate":0.0,"timestamp":1613085019,"path_taken":["M","?","?","?","?","R","M","M","T","E","R","$","R","?","R","BOSS","M","M","$","?","$","R","?","R","T","M","R","E","M","E","R","BOSS","M","M","?","?","?","E"],"items_purchased_type":["Card","Relic"],"build_version":"2020-12-22","purchased_purges":2,"victory":false,"max_hp_per_floor":[72,72,72,72,72,72,72,72,72,72,72,72,72,72,72,72,72,72,72,72,72,72,72,72,72,72,72,72,72,72,72,72,72,72,72,72,72,72,72,72,72],"card_choices":[{"not_picked":["MentalFortress","JustLucky"],"picked":"Consecrate","floor":1},{"not_picked":["SashWhip","Pray"],"picked":"PathToVictory","floor":5},{"not_picked":["EmptyFist","Collect"],"picked":"EmptyBody","floor":7},{"not_picked":["Crescendo","Fasting2"],"picked":"PathToVictory","floor":8},{"not_picked":["Prostrate","JustLucky"],"picked":"FlurryOfBlows","floor":10},{"not_picked":["FollowUp","ReachHeaven"],"picked":"Evaluate","floor":14},{"not_picked":["Establishment","Wish"],"picked":"DeusExMachina","floor":16},{"not_picked":["MentalFortress","InnerPeace"],"picked":"WindmillStrike+1","floor":18},{"not_picked":["Meditate","EmptyFist"],"picked":"Evaluate","floor":19},{"not_picked":["Indignation+1","ClearTheMind"],"picked":"FollowUp","floor":27},{"not_picked":["FlurryOfBlows","FearNoEvil"],"picked":"CutThroughFate","floor":29},{"not_picked":["EmptyBody","BowlingBash"],"picked":"PathToVictory+1","floor":30},{"not_picked":["FlyingSleeves","Tantrum"],"picked":"Brilliance","floor":31},{"not_picked":["Blasphemy","DevaForm"],"picked":"LessonLearned","floor":33},{"not_picked":["Prostrate+1","SignatureMove"],"picked":"PathToVictory","floor":35},{"not_picked":["SandsOfTime+1","EmptyBody+1"],"picked":"Nirvana","floor":36},{"not_picked":["Protect","Worship+1"],"picked":"FlurryOfBlows+1","floor":37},{"not_picked":["Halt","ClearTheMind"],"picked":"PathToVictory+1","floor":39}],"player_experience":895646,"relics_obtained":[{"floor":9,"key":"CeramicFish"},{"floor":10,"key":"Art of War"},{"floor":14,"key":"Odd Mushroom"},{"floor":26,"key":"Matryoshka"},{"floor":29,"key":"FossilizedHelix"},{"floor":31,"key":"Regal Pillow"},{"floor":37,"key":"Girya"}],"event_choices":[{"cards_removed":["Strike_P"],"damage_healed":0,"gold_gain":0,"player_choice":"Card Removal","damage_taken":0,"max_hp_gain":0,"max_hp_loss":0,"event_name":"The Cleric","floor":2,"gold_loss":50},{"damage_healed":0,"gold_gain":0,"player_choice":"Take Damage","damage_taken":18,"relics_obtained":["Golden Idol"],"max_hp_gain":0,"max_hp_loss":0,"event_name":"Golden Idol","floor":3,"gold_loss":0},{"damage_healed":0,"gold_gain":0,"player_choice":"Forge","damage_taken":0,"max_hp_gain":0,"max_hp_loss":0,"event_name":"Accursed Blacksmith","floor":4,"gold_loss":0,"cards_upgraded":["Eruption"]},{"damage_healed":0,"gold_gain":0,"player_choice":"Fought Mushrooms","damage_taken":0,"max_hp_gain":0,"max_hp_loss":0,"event_name":"Mushrooms","floor":14,"gold_loss":0},{"damage_healed":0,"gold_gain":0,"player_choice":"Stole Relic","damage_taken":0,"relics_obtained":["Gremlin Horn"],"max_hp_gain":0,"max_hp_loss":0,"event_name":"Addict","floor":21,"gold_loss":0,"cards_obtained":["Shame"]},{"damage_healed":0,"gold_gain":0,"player_choice":"Gave Idol","damage_taken":0,"relics_obtained":["Bloody Idol"],"max_hp_gain":0,"max_hp_loss":0,"event_name":"Forgotten Altar","floor":24,"relics_lost":["Golden Idol"],"gold_loss":0},{"damage_healed":0,"gold_gain":0,"player_choice":"Fight","damage_taken":0,"max_hp_gain":0,"max_hp_loss":0,"event_name":"MindBloom","floor":37,"gold_loss":0},{"damage_healed":0,"gold_gain":0,"player_choice":"Damaged","damage_taken":7,"max_hp_gain":0,"max_hp_loss":0,"event_name":"Wheel of Change","floor":38,"gold_loss":0}],"is_beta":false,"boss_relics":[{"not_picked":["SacredBark","Astrolabe"],"picked":"SlaversCollar"},{"not_picked":["Runic Pyramid","Philosopher\u0027s Stone"],"picked":"VioletLotus"}],"items_purged_floors":[12,20],"is_endless":false,"potions_floor_spawned":[1,7,8,10,27,31,33,37,39],"killed_by":"Nemesis","ascension_level":9}}