{"host":"dqv8oo4v229c1o2l","time":1613084137,"event":{"mods":["AchievementEnabler","BaseMod","Colored Map","Colored Powertips","Minty Spire (QoL Compilation)","Quick Restart","Rare Cards Sparkle","StSLib","Synergy Search"],"gold_per_floor":[113,60,79,79,94,138,138,174,197,220,235,235,251,251,251,251,251],"floor_reached":16,"language":"ENG","playtime":572,"items_purged":[],"score":157,"play_id":"b01cac4b-1fd2-4cd6-afc5-e798e9e60c29","local_time":"20210211145537","is_ascension_mode":true,"campfire_choices":[{"floor":7,"key":"REST"},{"floor":15,"key":"REST"}],"circlet_count":0,"master_deck":["Strike_B","Strike_B","Strike_B","Strike_B","Defend_B","Defend_B","Defend_B","Defend_B","Zap","Dualcast","Defragment","Sweeping Beam","Coolheaded","Ball Lightning","Conserve Battery","Fusion","Leap","Seek","Lockon"],"relics":["Cracked Core","NeowsBlessing","Golden Idol","DataDisk","Juzu Bracelet","Pen Nib","Meat on the Bone"],"acts_visited":["Exordium"],"potions_floor_usage":[6,11,11],"damage_taken":[{"damage":0,"enemies":"Cultist","floor":1,"turns":1},{"damage":0,"enemies":"Small Slimes","floor":3,"turns":1},{"damage":0,"enemies":"Jaw Worm","floor":5,"turns":1},{"damage":25,"enemies":"3 Sentries","floor":6,"turns":6},{"damage":11,"enemies":"Lagavulin","floor":8,"turns":5},{"damage":13,"enemies":"Exordium Thugs","floor":10,"turns":4},{"damage":5,"enemies":"Gremlin Gang","floor":11,"turns":3},{"damage":6,"enemies":"Large Slime","floor":13,"turns":4},{"damage":35,"enemies":"The Guardian","floor":16,"turns":10}],"seed_played":"7232423407982298075","potions_obtained":[{"floor":1,"key":"ColorlessPotion"},{"floor":8,"key":"LiquidMemories"},{"floor":10,"key":"FocusPotion"},{"floor":13,"key":"Swift Potion"}],"is_trial":false,"path_per_floor":["M","$","M","?","M","E","R","E","T","M","M","T","M","?","R","B"],"character_chosen":"DEFECT","items_purchased":["Sweeping Beam"],"campfire_rested":2,"item_purchase_floors":[2],"current_hp_per_floor":[68,68,68,50,50,25,47,36,36,23,18,18,12,12,34,0,0],"gold":251,"neow_bonus":"THREE_ENEMY_KILL","is_daily":false,"chose_seed":false,"campfire_upgraded":0,"win_rate":0.0,"timestamp":1613084137,"path_taken":["M","$","?","?","M","E","R","E","T","M","M","?","M","?","R","BOSS"],"items_purchased_type":["Card"],"build_version":"2020-12-22","purchased_purges":0,"victory":false,"max_hp_per_floor":[75,75,75,75,75,75,75,75,75,75,75,75,75,75,75,75,75],"card_choices":[{"not_picked":["Beam Cell","Streamline"],"picked":"Defragment","floor":1},{"not_picked":["Go for the Eyes","Chaos"],"picked":"Coolheaded","floor":3},{"not_picked":["Cold Snap","Go for the Eyes"],"picked":"Ball Lightning","floor":5},{"not_picked":["Hologram","Static Discharge"],"picked":"Conserve Battery","floor":6},{"not_picked":["Chill","Rebound"],"picked":"Fusion","floor":8},{"not_picked":["Streamline","Compile Driver"],"picked":"Leap","floor":10},{"not_picked":["Sunder","BootSequence"],"picked":"Seek","floor":11},{"not_picked":["Sunder","Steam"],"picked":"Lockon","floor":13}],"player_experience":312428,"relics_obtained":[{"floor":6,"key":"DataDisk"},{"floor":8,"key":"Juzu Bracelet"},{"floor":9,"key":"Pen Nib"}],"event_choices":[{"damage_healed":0,"gold_gain":0,"player_choice":"Take Damage","damage_taken":18,"relics_obtained":["Golden Idol"],"max_hp_gain":0,"max_hp_loss":0,"event_name":"Golden Idol","floor":4,"gold_loss":0},{"damage_healed":0,"gold_gain":0,"player_choice":"Gave Potion","damage_taken":0,"relics_obtained":["Meat on the Bone"],"max_hp_gain":0,"max_hp_loss":0,"event_name":"WeMeetAgain","floor":14,"gold_loss":0}],"is_beta":false,"boss_relics":[],"items_purged_floors":[],"is_endless":false,"potions_floor_spawned":[1,8,10,13],"killed_by":"The Guardian","ascension_level":8}}