{"host":"pqs17sqrgflf4eqa","time":1613014849,"event":{"mods":["AchievementEnabler","BaseMod","Bestiary","Better Altar","Colored Map","Colored Powertips","Emptier Cage","Googly Eyes","Highlight Path","Minty Spire (QoL Compilation)","Quick Restart","StSLib","SuperFastMode","Transform Curses","slay the spire mod where everything is the same but ironclad has a cowboy hat"],"gold_per_floor":[112,112,5,24,96,425,425,453,453,10,10,25,37,55,55,158,158,178,178,103,15,27,57,57,57,57,71,71,71,71,91,91,91,91],"floor_reached":33,"language":"ENG","playtime":706,"items_purged":[],"score":341,"play_id":"c7aa29b3-914a-48b4-ae6c-b4f7d2b3c7aa","local_time":"20210210224049","is_ascension_mode":true,"campfire_choices":[{"data":"Backstab","floor":7.0,"key":"SMITH"},{"floor":15.0,"key":"REST"},{"floor":25,"key":"REST"},{"data":"Apotheosis","floor":32,"key":"SMITH"}],"circlet_count":0,"master_deck":["Strike_G","Strike_G","Strike_G","Strike_G","Defend_G","Defend_G","Defend_G","Defend_G","Defend_G","Survivor","Neutralize+1","Blade Dance","Dagger Spray","Dagger Throw","Backstab+1","Quick Slash","Sucker Punch","Apotheosis+1","Flying Knee","Dash","Burst","Slice+1","Noxious Fumes","Calculated Gamble","Die Die Die","Bouncing Flask"],"relics":["Ring of the Snake","Kunai","Old Coin","Thread and Needle","Question Card","InkBottle","SlaversCollar","Blood Vial","Letter Opener","White Beast Statue","MutagenicStrength"],"acts_visited":["Exordium","TheCity"],"potions_floor_usage":[33,33,33,33],"damage_taken":[{"damage":4.0,"enemies":"Small Slimes","floor":1.0,"turns":4.0},{"damage":12.0,"enemies":"Jaw Worm","floor":4.0,"turns":2.0},{"damage":16.0,"enemies":"Lagavulin","floor":6.0,"turns":6.0},{"damage":7.0,"enemies":"Gremlin Nob","floor":8.0,"turns":3.0},{"damage":0.0,"enemies":"2 Louse","floor":12.0,"turns":1.0},{"damage":8.0,"enemies":"Large Slime","floor":13.0,"turns":5.0},{"damage":12.0,"enemies":"Exordium Wildlife","floor":14.0,"turns":2.0},{"damage":9.0,"enemies":"Hexaghost","floor":16.0,"turns":12.0},{"damage":10.0,"enemies":"Shell Parasite","floor":18.0,"turns":5.0},{"damage":15.0,"enemies":"2 Thieves","floor":22.0,"turns":5.0},{"damage":7,"enemies":"Gremlin Leader","floor":23,"turns":7},{"damage":11,"enemies":"Snecko","floor":27,"turns":4},{"damage":2,"enemies":"3 Cultists","floor":31,"turns":3},{"damage":26,"enemies":"Champ","floor":33,"turns":3}],"seed_played":"8299509058656941038","potions_obtained":[{"floor":1.0,"key":"Fire Potion"},{"floor":13.0,"key":"Weak Potion"},{"floor":23,"key":"PowerPotion"},{"floor":27,"key":"Weak Potion"},{"floor":31,"key":"EntropicBrew"}],"is_trial":false,"path_per_floor":["M","?","$","M","?","E","R","E","T","$","?","M","M","M","R","B",null,"M","?","?","$","M","E","?","R","T","M","$","?","$","M","R","B"],"character_chosen":"THE_SILENT","items_purchased":["Dagger Spray","Dagger Throw","Apotheosis","InkBottle","Noxious Fumes","AttackPotion"],"campfire_rested":2,"item_purchase_floors":[3,3,10,10,21,21],"current_hp_per_floor":[66,63,63,51,51,35,35,28,28,28,28,28,20,8,29,20,58,48,30,30,30,17,12,12,33,33,24,24,24,24,24,24,0,0],"gold":91,"neow_bonus":"UPGRADE_CARD","is_daily":false,"chose_seed":false,"campfire_upgraded":2,"win_rate":0.0,"timestamp":1613014849,"path_taken":["M","?","$","M","?","E","R","E","T","$","?","M","M","?","R","BOSS","M","?","?","$","M","E","?","R","T","?","?","?","$","M","R","BOSS"],"items_purchased_type":["Card","Card","Card","Relic","Card","Potion"],"build_version":"2020-12-22","purchased_purges":0,"victory":false,"max_hp_per_floor":[70,70,70,70,70,70,70,70,70,70,70,70,70,70,70,70,70,70,70,70,70,70,70,70,70,70,70,70,70,70,70,70,70,70],"card_choices":[{"not_picked":["Reflex","Finisher"],"picked":"Blade Dance","floor":1.0},{"not_picked":["Dagger Throw","Dagger Spray"],"picked":"Backstab","floor":4.0},{"not_picked":["Bane","Malaise"],"picked":"Quick Slash","floor":6.0},{"not_picked":["Eviscerate","Phantasmal Killer"],"picked":"Sucker Punch","floor":8.0},{"not_picked":["Bane","Blade Dance","Concentrate","Heel Hook"],"picked":"SKIP","floor":12.0},{"not_picked":["Caltrops","Blade Dance","Outmaneuver"],"picked":"Flying Knee","floor":13.0},{"not_picked":["Setup","Sucker Punch","Outmaneuver"],"picked":"Dash","floor":14.0},{"not_picked":["Malaise","After Image","Phantasmal Killer"],"picked":"Burst","floor":16.0},{"not_picked":["Sucker Punch","Backflip","Bane"],"picked":"Slice+1","floor":18.0},{"not_picked":["Prepared","Masterful Stab","Dagger Throw"],"picked":"Calculated Gamble","floor":22.0},{"not_picked":["Quick Slash","All Out Attack","Distraction"],"picked":"Die Die Die","floor":23},{"not_picked":["Reflex","Quick Slash","Poisoned Stab","Dagger Throw"],"picked":"SKIP","floor":27},{"not_picked":["Bane","Dash","Prepared","Dagger Throw+1"],"picked":"SKIP","floor":31}],"player_experience":160467,"relics_obtained":[{"floor":6.0,"key":"Old Coin"},{"floor":8.0,"key":"Thread and Needle"},{"floor":9.0,"key":"Question Card"},{"floor":23,"key":"Letter Opener"},{"floor":26,"key":"White Beast Statue"}],"event_choices":[{"damage_healed":0.0,"max_hp_gain":0.0,"max_hp_loss":0.0,"gold_gain":0.0,"event_name":"Scrap Ooze","player_choice":"Success","floor":2.0,"gold_loss":0.0,"damage_taken":3.0,"relics_obtained":["Kunai"]},{"damage_healed":0.0,"max_hp_gain":0.0,"max_hp_loss":0.0,"gold_gain":72.0,"event_name":"Golden Wing","player_choice":"Gained Gold","floor":5.0,"gold_loss":0.0,"damage_taken":0.0},{"damage_healed":0.0,"max_hp_gain":0.0,"max_hp_loss":0.0,"gold_gain":0.0,"event_name":"Liars Game","player_choice":"Ignored","floor":11.0,"gold_loss":0.0,"damage_taken":0.0},{"damage_healed":0.0,"max_hp_gain":48.0,"max_hp_loss":30.0,"gold_gain":0.0,"event_name":"betterAltar:BetterAltar","player_choice":" Vial ","floor":19.0,"potions_obtained":[],"relics_lost":[],"gold_loss":0.0,"damage_taken":18.0,"relics_obtained":["Blood Vial"]},{"cards_removed":["Strike_G"],"damage_healed":0.0,"max_hp_gain":0.0,"max_hp_loss":0.0,"gold_gain":0.0,"event_name":"Beggar","player_choice":"Gave Gold","floor":20.0,"gold_loss":75.0,"damage_taken":0.0},{"damage_healed":0,"gold_gain":0,"player_choice":"Read","damage_taken":0,"max_hp_gain":0,"max_hp_loss":0,"event_name":"The Library","floor":24,"gold_loss":0,"cards_obtained":["Bouncing Flask"]},{"damage_healed":0,"gold_gain":0,"player_choice":"Inject Mutagens","damage_taken":0,"relics_obtained":["MutagenicStrength"],"max_hp_gain":0,"max_hp_loss":0,"event_name":"Drug Dealer","floor":29,"gold_loss":0}],"is_beta":false,"boss_relics":[{"not_picked":["SacredBark","Ectoplasm"],"picked":"SlaversCollar"}],"items_purged_floors":[],"is_endless":false,"potions_floor_spawned":[1,13,23,27,31],"killed_by":"Champ","ascension_level":5}}