{"host":"1focbxb2e8qu7ccd","time":1613056184,"event":{"mods":["AchievementEnabler","BaseMod","Bestiary","Highlight Path","Minty Spire (QoL Compilation)","Relic Stats"],"gold_per_floor":[118,132,148,18,28,28,56,68,139,60,70,70,82,112,112,183,183,193,207,45,58,58,58,89,101,138,166,178,190,212,251,263,275,275],"floor_reached":33,"language":"ENG","playtime":4051,"items_purged":[],"score":648,"play_id":"8b4baa92-0a53-451d-8756-d619c291aca3","local_time":"20210211100944","is_ascension_mode":true,"campfire_choices":[{"data":"Whirlwind","floor":6.0,"key":"SMITH"},{"data":"Armaments","floor":12.0,"key":"SMITH"},{"floor":15.0,"key":"REST"},{"floor":23,"key":"REST"},{"data":"Barricade","floor":25,"key":"SMITH"},{"floor":32,"key":"REST"}],"circlet_count":0,"master_deck":["AscendersBane","Defend_R","Defend_R","Defend_R","Defend_R","Bash","Shrug It Off","Wild Strike","Bloodletting","Feed","Whirlwind+1","Armaments+1","Ghostly Armor","Feel No Pain","Impervious","Dark Embrace","Barricade+1","Perfected Strike+1","Cleave+1","Headbutt+1","Uppercut+1","Burning Pact","Flame Barrier","Battle Trance","Dual Wield","Power Through"],"relics":["Burning Blood","NeowsBlessing","Oddly Smooth Stone","Pocketwatch","Astrolabe","Ancient Tea Set","MawBank","Centennial Puzzle","MealTicket"],"acts_visited":["Exordium","TheCity"],"potions_floor_usage":[24,27,33,33],"damage_taken":[{"damage":0.0,"enemies":"Cultist","floor":1.0,"turns":1.0},{"damage":0.0,"enemies":"2 Louse","floor":2.0,"turns":1.0},{"damage":0.0,"enemies":"Small Slimes","floor":3.0,"turns":1.0},{"damage":5.0,"enemies":"3 Louse","floor":5.0,"turns":6.0},{"damage":32.0,"enemies":"Gremlin Nob","floor":7.0,"turns":4.0},{"damage":19.0,"enemies":"Gremlin Gang","floor":8.0,"turns":7.0},{"damage":13.0,"enemies":"Exordium Thugs","floor":11.0,"turns":3.0},{"damage":3.0,"enemies":"Looter","floor":13.0,"turns":2.0},{"damage":37.0,"enemies":"Lagavulin","floor":14.0,"turns":8.0},{"damage":36,"enemies":"Slime Boss","floor":16,"turns":13},{"damage":8,"enemies":"Spheric Guardian","floor":18,"turns":14},{"damage":36,"enemies":"3 Byrds","floor":19,"turns":6},{"damage":16,"enemies":"Snecko","floor":21,"turns":7},{"damage":10,"enemies":"Slavers","floor":24,"turns":2},{"damage":19,"enemies":"Shelled Parasite and Fungi","floor":27,"turns":13},{"damage":12,"enemies":"Snake Plant","floor":30,"turns":6},{"damage":24,"enemies":"Gremlin Leader","floor":31,"turns":7},{"damage":72,"enemies":"Champ","floor":33,"turns":31}],"seed_played":"-6113529984016687767","potions_obtained":[{"floor":2.0,"key":"GamblersBrew"},{"floor":7.0,"key":"Swift Potion"},{"floor":13.0,"key":"Explosive Potion"},{"floor":18,"key":"SpeedPotion"},{"floor":19,"key":"Swift Potion"},{"floor":24,"key":"DistilledChaos"},{"floor":31,"key":"Regen Potion"}],"is_trial":false,"path_per_floor":["M","M","M","$","M","R","E","M","T","$","M","R","M","E","R","B",null,"M","M","$","M","?","R","E","R","T","M","$","?","M","E","R","B"],"character_chosen":"IRONCLAD","items_purchased":["Feed","FearPotion","Feel No Pain","Ancient Tea Set"],"campfire_rested":3,"item_purchase_floors":[4,4,10,20],"current_hp_per_floor":[74,75,75,75,78,78,52,42,42,42,38,38,44,13,39,13,72,74,44,44,37,8,38,37,37,37,28,28,28,26,8,42,0,0],"gold":275,"neow_bonus":"THREE_ENEMY_KILL","is_daily":false,"chose_seed":false,"campfire_upgraded":3,"win_rate":0.0,"timestamp":1613056184,"path_taken":["M","M","M","$","M","R","E","M","T","?","M","R","?","E","R","BOSS","M","?","?","M","?","R","E","R","T","M","$","?","M","E","R","BOSS"],"items_purchased_type":["Card","Potion","Card","Relic"],"build_version":"2020-12-22","purchased_purges":0,"victory":false,"max_hp_per_floor":[75,75,75,75,78,78,78,81,81,81,84,84,87,87,87,91,91,95,95,95,98,103,103,106,106,106,110,110,110,114,114,114,114,114],"relic_stats":{"Centennial Puzzle":[11],"counters":[18,132],"Astrolabe":["Perfected Strike","Cleave","Headbutt"],"MealTicket":0,"MawBank":108,"obtain_stats":[{"Centennial Puzzle":26,"NeowsBlessing":0,"Astrolabe":17,"Oddly Smooth Stone":7,"MealTicket":31,"Ancient Tea Set":20,"MawBank":24,"Burning Blood":0,"Pocketwatch":14},{"Centennial Puzzle":14,"NeowsBlessing":0,"Astrolabe":10,"Oddly Smooth Stone":5,"MealTicket":17,"Ancient Tea Set":12,"MawBank":14,"Burning Blood":0,"Pocketwatch":9},{"Centennial Puzzle":75,"NeowsBlessing":0,"Astrolabe":46,"Oddly Smooth Stone":13,"MealTicket":101,"Ancient Tea Set":66,"MawBank":75,"Burning Blood":0,"Pocketwatch":33}],"Burning Blood":90,"Pocketwatch":[216]},"card_choices":[{"not_picked":["Thunderclap","Clash"],"picked":"Shrug It Off","floor":1.0},{"not_picked":["Rupture","Heavy Blade"],"picked":"Wild Strike","floor":2.0},{"not_picked":["Seeing Red","Havoc"],"picked":"Bloodletting","floor":3.0},{"not_picked":["Cleave","Rampage"],"picked":"Whirlwind","floor":5.0},{"not_picked":["Rage","Combust"],"picked":"Armaments","floor":7.0},{"not_picked":["Whirlwind","Pummel"],"picked":"Ghostly Armor","floor":8.0},{"not_picked":["Havoc","Sword Boomerang","Reckless Charge"],"picked":"SKIP","floor":11.0},{"not_picked":["Warcry","Infernal Blade"],"picked":"Impervious","floor":13.0},{"not_picked":["Flame Barrier","Flex"],"picked":"Dark Embrace","floor":14.0},{"not_picked":["Feed","Berserk"],"picked":"Barricade","floor":16},{"not_picked":["Dual Wield","Rage"],"picked":"Uppercut+1","floor":18},{"not_picked":["Rampage","Warcry"],"picked":"Burning Pact","floor":19},{"not_picked":["Clothesline","Perfected Strike"],"picked":"Flame Barrier","floor":21},{"not_picked":["Clash","Intimidate","Armaments+1"],"picked":"SKIP","floor":24},{"not_picked":["Heavy Blade","Clothesline"],"picked":"Battle Trance","floor":27},{"not_picked":["Havoc","Perfected Strike","Headbutt"],"picked":"SKIP","floor":30},{"not_picked":["Searing Blow","Blood for Blood","Pommel Strike"],"picked":"SKIP","floor":31}],"player_experience":930402,"relics_obtained":[{"floor":7.0,"key":"Oddly Smooth Stone"},{"floor":14.0,"key":"Pocketwatch"},{"floor":24,"key":"MawBank"},{"floor":26,"key":"Centennial Puzzle"},{"floor":31,"key":"MealTicket"}],"event_choices":[{"damage_healed":0,"gold_gain":0,"player_choice":"Shed Blood","damage_taken":34,"max_hp_gain":5,"max_hp_loss":0,"event_name":"Forgotten Altar","floor":22,"gold_loss":0},{"damage_healed":0,"gold_gain":0,"cards_transformed":["Strike_R","Strike_R"],"player_choice":"Became Test Subject","damage_taken":0,"max_hp_gain":0,"max_hp_loss":0,"event_name":"Drug Dealer","floor":29,"gold_loss":0,"cards_obtained":["Dual Wield","Power Through"]}],"is_beta":false,"boss_relics":[{"not_picked":["Runic Dome","Philosopher\u0027s Stone"],"picked":"Astrolabe"}],"items_purged_floors":[],"is_endless":false,"potions_floor_spawned":[2,7,8,13,18,19,24,31],"killed_by":"Champ","ascension_level":20}}