{"host":"rolltorest","time":1613082261,"event":{"mods":["BaseMod","Minty Spire (QoL Compilation)","Relic Stats","Slay the Relics Exporter","StSLib"],"gold_per_floor":[110,122,122,138,138,165,165,190,213,240,256,256,266,283,283,357,357,376,376,21,52,13,85,101,134,134,166,31,31,31,41,41,116,116,129,129,145,367,387,421,433,138,164,190,216,230,262,282,282,282,282],"floor_reached":50,"language":"ENG","playtime":2144,"items_purged":["Strike_P+1","WindmillStrike"],"score":1576,"play_id":"dab465bd-7773-4279-a755-492625e73119","local_time":"20210211142421","is_ascension_mode":true,"campfire_choices":[{"floor":7,"key":"REST"},{"data":"Meditate","floor":12,"key":"SMITH"},{"data":"WheelKick","floor":15,"key":"SMITH"},{"data":"MentalFortress","floor":30,"key":"SMITH"},{"data":"MentalFortress","floor":32,"key":"SMITH"},{"data":"EmptyMind","floor":41,"key":"SMITH"},{"floor":49,"key":"RECALL"}],"circlet_count":0,"master_deck":["AscendersBane","Strike_P+1","Strike_P+1","Defend_P+1","Defend_P+1","Defend_P+1","Defend_P+1","Eruption","Vigilance","EmptyFist+1","Crescendo+1","FollowUp+1","Meditate+1","WheelKick+1","EmptyMind+1","Scrawl+1","Brilliance","CutThroughFate","Wallop+1","ForeignInfluence+1","MentalFortress+1","CutThroughFate","MentalFortress+1","LessonLearned","WaveOfTheHand","Pray+1","MentalFortress+1","CutThroughFate","Adaptation+1","Conclude+1","Panache","Devotion","Wireheading","SpiritShield","Meditate"],"relics":["HolyWater","Orichalcum","StrikeDummy","Damaru","Bag of Marbles","Coffee Dripper","Membership Card","Kunai","Red Mask","Bottled Tornado","Art of War","Bottled Flame","White Beast Statue","Nloth\u0027s Gift","MawBank","OrangePellets","Pantograph","Toy Ornithopter","Ginger"],"acts_visited":["Exordium","TheCity","TheBeyond"],"potions_floor_usage":[8,10,16,25,27,33,39,44,46,47,48],"damage_taken":[{"damage":0,"enemies":"2 Louse","floor":1,"turns":4},{"damage":1,"enemies":"Small Slimes","floor":2,"turns":3},{"damage":0,"enemies":"Jaw Worm","floor":4,"turns":2},{"damage":16,"enemies":"Gremlin Nob","floor":6,"turns":3},{"damage":6,"enemies":"3 Sentries","floor":8,"turns":4},{"damage":0,"enemies":"Lagavulin","floor":10,"turns":3},{"damage":2,"enemies":"Exordium Wildlife","floor":11,"turns":2},{"damage":0,"enemies":"Blue Slaver","floor":13,"turns":2},{"damage":0,"enemies":"Looter","floor":14,"turns":1},{"damage":0,"enemies":"Slime Boss","floor":16,"turns":4},{"damage":0,"enemies":"Spheric Guardian","floor":18,"turns":2},{"damage":0,"enemies":"Masked Bandits","floor":21,"turns":2},{"damage":2,"enemies":"Shell Parasite","floor":24,"turns":2},{"damage":0,"enemies":"Slavers","floor":25,"turns":5},{"damage":0,"enemies":"Book of Stabbing","floor":27,"turns":4},{"damage":0,"enemies":"Centurion and Healer","floor":31,"turns":2},{"damage":27,"enemies":"Champ","floor":33,"turns":10},{"damage":0,"enemies":"Orb Walker","floor":35,"turns":2},{"damage":0,"enemies":"3 Shapes","floor":37,"turns":6},{"damage":0,"enemies":"3 Darklings","floor":39,"turns":9},{"damage":3,"enemies":"Giant Head","floor":40,"turns":4},{"damage":0,"enemies":"Reptomancer","floor":44,"turns":3},{"damage":0,"enemies":"Spire Growth","floor":46,"turns":4},{"damage":34,"enemies":"Nemesis","floor":47,"turns":9},{"damage":2,"enemies":"Transient","floor":48,"turns":6},{"damage":65,"enemies":"Time Eater","floor":50,"turns":10}],"seed_played":"5061972906800844065","potions_obtained":[{"floor":4,"key":"Explosive Potion"},{"floor":8,"key":"BottledMiracle"},{"floor":10,"key":"Fire Potion"},{"floor":11,"key":"LiquidMemories"},{"floor":16,"key":"ColorlessPotion"},{"floor":18,"key":"AttackPotion"},{"floor":31,"key":"PowerPotion"},{"floor":33,"key":"DistilledChaos"},{"floor":37,"key":"StancePotion"},{"floor":39,"key":"Ambrosia"},{"floor":44,"key":"Ancient Potion"},{"floor":46,"key":"Swift Potion"},{"floor":47,"key":"AttackPotion"},{"floor":48,"key":"SteroidPotion"}],"is_trial":false,"path_per_floor":["M","M","?","M","?","E","R","E","T","E","M","R","M","M","R","B",null,"M","?","$","?","$","T","M","E","T","E","$","?","R","M","R","B",null,"M","?","M","?","M","E","R","$","T","E","T","M","E","M","R","B"],"character_chosen":"WATCHER","items_purchased":["Membership Card","Kunai","Fasting2","Wallop","MentalFortress","AttackPotion","CutThroughFate","MentalFortress","Adaptation","OrangePellets","Conclude","Panache"],"campfire_rested":1,"item_purchase_floors":[20,20,20,20,22,28,28,28,42,42,42,42],"current_hp_per_floor":[61,60,60,60,34,18,38,32,32,32,30,30,30,30,30,30,59,59,59,59,59,59,59,57,57,57,57,57,57,57,57,57,30,59,59,59,59,59,59,56,56,56,56,56,56,61,32,35,35,0,0],"gold":282,"neow_bonus":"TRANSFORM_CARD","is_daily":false,"chose_seed":false,"campfire_upgraded":5,"win_rate":0.0,"timestamp":1613082261,"path_taken":["M","M","?","M","?","E","R","E","T","E","M","R","M","M","R","BOSS","M","?","$","?","?","?","M","E","T","E","$","?","R","?","R","BOSS","M","?","M","?","M","E","R","$","T","E","?","?","E","M","R","BOSS"],"items_purchased_type":["Relic","Relic","Card","Card","Card","Potion","Card","Card","Card","Relic","Card","Card"],"build_version":"2020-12-18","purchased_purges":2,"victory":false,"max_hp_per_floor":[68,68,68,68,68,68,68,68,68,68,68,68,68,68,68,68,68,68,68,68,68,68,68,68,68,68,68,68,68,68,68,68,68,68,68,68,68,68,68,68,68,68,68,68,68,68,68,68,68,68,68],"relic_stats":{"OrangePellets":[1],"counters":[26,108],"Pantograph":25,"Art of War":[4],"Nloth\u0027s Gift":3,"Kunai":[44],"Ginger":[2],"Orichalcum":[84],"MawBank":24,"obtain_stats":[{"Damaru":9,"Ginger":47,"Orichalcum":6,"Bottled Tornado":23,"MawBank":40,"White Beast Statue":27,"OrangePellets":42,"Bottled Flame":26,"Pantograph":44,"HolyWater":34,"Tiny Chest":5,"Bag of Marbles":10,"Coffee Dripper":17,"Red Mask":21,"Art of War":25,"Nloth\u0027s Gift":29,"Membership Card":20,"Kunai":20,"PureWater":0,"StrikeDummy":8,"Toy Ornithopter":45},{"Damaru":5,"Ginger":24,"Orichalcum":4,"Bottled Tornado":12,"MawBank":21,"White Beast Statue":15,"OrangePellets":21,"Bottled Flame":14,"Pantograph":22,"HolyWater":17,"Tiny Chest":3,"Bag of Marbles":6,"Coffee Dripper":10,"Red Mask":12,"Art of War":14,"Nloth\u0027s Gift":15,"Membership Card":11,"Kunai":11,"PureWater":0,"StrikeDummy":5,"Toy Ornithopter":22},{"Damaru":16,"Ginger":92,"Orichalcum":12,"Bottled Tornado":32,"MawBank":76,"White Beast Statue":43,"OrangePellets":76,"Bottled Flame":39,"Pantograph":79,"HolyWater":55,"Tiny Chest":9,"Bag of Marbles":19,"Coffee Dripper":28,"Red Mask":32,"Art of War":39,"Nloth\u0027s Gift":43,"Membership Card":30,"Kunai":30,"PureWater":0,"StrikeDummy":16,"Toy Ornithopter":79}],"Toy Ornithopter":15},"card_choices":[{"not_picked":["EmptyBody","WaveOfTheHand"],"picked":"EmptyFist","floor":1},{"not_picked":["Halt","Evaluate"],"picked":"Crescendo","floor":2},{"not_picked":["PathToVictory","Nirvana"],"picked":"FollowUp","floor":4},{"not_picked":["ClearTheMind","Vengeance"],"picked":"Meditate","floor":6},{"not_picked":["InnerPeace","Crescendo"],"picked":"WheelKick","floor":8},{"not_picked":["DevaForm","Nirvana"],"picked":"EmptyMind","floor":10},{"not_picked":["ClearTheMind","CrushJoints","Halt"],"picked":"SKIP","floor":11},{"not_picked":["Study","Halt","WaveOfTheHand"],"picked":"SKIP","floor":13},{"not_picked":["Crescendo","FlurryOfBlows"],"picked":"Scrawl","floor":14},{"not_picked":["Ragnarok","MasterReality"],"picked":"Brilliance","floor":16},{"not_picked":["Consecrate","WaveOfTheHand"],"picked":"CutThroughFate","floor":18},{"not_picked":["SignatureMove","Nirvana+1"],"picked":"ForeignInfluence+1","floor":21},{"not_picked":["WindmillStrike","JustLucky","FollowUp"],"picked":"SKIP","floor":24},{"not_picked":["Halt","EmptyBody","Consecrate"],"picked":"SKIP","floor":25},{"not_picked":["Consecrate","MasterReality","ClearTheMind"],"picked":"SKIP","floor":27},{"not_picked":["CrushJoints","PathToVictory","ClearTheMind"],"picked":"SKIP","floor":31},{"not_picked":["Ragnarok","DeusExMachina"],"picked":"LessonLearned","floor":33},{"not_picked":["EmptyBody+1","FollowUp"],"picked":"WaveOfTheHand","floor":35},{"not_picked":["WreathOfFlame","Indignation"],"picked":"Pray+1","floor":37},{"not_picked":["FlyingSleeves","LikeWater+1"],"picked":"MentalFortress+1","floor":39},{"not_picked":["Halt","ConjureBlade"],"picked":"CutThroughFate","floor":40},{"not_picked":["Judgement","EmptyMind"],"picked":"Devotion","floor":44},{"not_picked":["Study","ClearTheMind"],"picked":"Wireheading","floor":46},{"not_picked":["PathToVictory+1","MentalFortress"],"picked":"SpiritShield","floor":47},{"not_picked":["Vengeance","CrushJoints"],"picked":"Meditate","floor":48}],"player_experience":1956836,"relics_obtained":[{"floor":6,"key":"Orichalcum"},{"floor":8,"key":"StrikeDummy"},{"floor":9,"key":"Damaru"},{"floor":10,"key":"Bag of Marbles"},{"floor":21,"key":"Red Mask"},{"floor":23,"key":"Bottled Tornado"},{"floor":25,"key":"Art of War"},{"floor":26,"key":"Bottled Flame"},{"floor":27,"key":"White Beast Statue"},{"floor":40,"key":"MawBank"},{"floor":44,"key":"Pantograph"},{"floor":45,"key":"Toy Ornithopter"},{"floor":47,"key":"Ginger"}],"event_choices":[{"damage_healed":0,"gold_gain":0,"player_choice":"Grow","damage_taken":0,"max_hp_gain":0,"max_hp_loss":0,"event_name":"Living Wall","floor":3,"gold_loss":0,"cards_upgraded":["EmptyFist"]},{"damage_healed":0,"gold_gain":0,"player_choice":"Success","damage_taken":26,"relics_obtained":["Tiny Chest"],"max_hp_gain":0,"max_hp_loss":0,"event_name":"Scrap Ooze","floor":5,"gold_loss":0},{"damage_healed":0,"gold_gain":0,"player_choice":"Simplicity","damage_taken":0,"max_hp_gain":0,"max_hp_loss":0,"event_name":"Back to Basics","floor":19,"gold_loss":0,"cards_upgraded":["Strike_P","Strike_P","Strike_P","Defend_P","Defend_P","Defend_P","Defend_P"]},{"damage_healed":0,"gold_gain":0,"player_choice":"Fought Bandits","damage_taken":0,"max_hp_gain":0,"max_hp_loss":0,"event_name":"Masked Bandits","floor":21,"gold_loss":0},{"damage_healed":0,"gold_gain":0,"player_choice":"Traded Relic","damage_taken":0,"relics_obtained":["Nloth\u0027s Gift"],"max_hp_gain":0,"max_hp_loss":0,"event_name":"N\u0027loth","floor":29,"relics_lost":["Tiny Chest"],"gold_loss":0},{"cards_removed":["Fasting2"],"damage_healed":0,"gold_gain":0,"player_choice":"Removed Power","damage_taken":0,"max_hp_gain":0,"max_hp_loss":0,"event_name":"Falling","floor":36,"gold_loss":0},{"damage_healed":0,"gold_gain":222,"player_choice":"Wore Mask","damage_taken":0,"max_hp_gain":0,"max_hp_loss":0,"event_name":"Tomb of Lord Red Mask","floor":38,"gold_loss":0}],"is_beta":true,"boss_relics":[{"not_picked":["Runic Dome","SacredBark"],"picked":"Coffee Dripper"},{"not_picked":["Velvet Choker","Pandora\u0027s Box"],"picked":"HolyWater"}],"items_purged_floors":[28,42],"is_endless":false,"potions_floor_spawned":[4,8,10,11,14,16,18,24,31,33,35,37,39,40,44,46,47,48],"killed_by":"Time Eater","ascension_level":20}}