{"host":"vddnn8yddbh0df4g","time":1613073572,"event":{"mods":["Act Like it!","BaseMod","Beaked The Cultist","Bestiary","Downfall","Minty Spire (QoL Compilation)","Shop Mod","StSLib","SuperFastMode"],"gold_per_floor":[99,111,111,146,146,184,184,184,221,221,54,89,131,181,193,314,364,264,278,314,414,427,445,445,212,212,197,223,284,284,316,335,431,431,331,350,94,138,138,250,250,283,283,183,221,221,233,233,251,251,251,251],"floor_reached":50,"language":"ENG","playtime":2788,"items_purged":["downfall:Malfunctioning","Slimebound:AcidTongue+1","Slimebound:SplitMire+1"],"score":625,"play_id":"42263ea6-4d69-4881-814f-c05142ceb4a9","local_time":"20210211145932","is_ascension_mode":true,"campfire_choices":[{"data":"Slimebound:Split","floor":1.0,"key":"SMITH"},{"data":"Slimebound:Schlurp","floor":8.0,"key":"SMITH"},{"data":"Slimebound:LeadByExample","floor":10.0,"key":"SMITH"},{"data":"Slimebound:Teamwork","floor":18.0,"key":"SMITH"},{"data":"Slimebound:MassFeed","floor":26.0,"key":"SMITH"},{"floor":30.0,"key":"RECALL"},{"data":"Slimebound:Darklings","floor":35.0,"key":"SMITH"},{"data":"Mayhem","floor":44.0,"key":"SMITH"},{"data":"Slimebound:SlimeBarrage","floor":46,"key":"SMITH"}],"circlet_count":0,"master_deck":["Slimebound:Strike_Slimebound","Slimebound:Strike_Slimebound+1","Slimebound:Tackle","Slimebound:Defend_Slimebound+1","Slimebound:Defend_Slimebound","Slimebound:Defend_Slimebound","Slimebound:Defend_Slimebound","Slimebound:Split+1","Slimebound:CorrosiveSpit+1","HandOfGreed+1","Slimebound:PressTheAttack","Slimebound:Schlurp+1","Slimebound:LeadByExample+1","Slimebound:LeechEnergy","Slimebound:LeadByExample","Slimebound:GoopSpray","Slimebound:SlimeBarrage+1","Slimebound:Teamwork+1","Slimebound:Recollect","Slimebound:Repurpose","Slimebound:Prepare+1","Slimebound:MassFeed+1","Slimebound:Darklings+1","Slimebound:Prepare+1","Mayhem+1","Slimebound:LevelUp+1"],"relics":["Slimebound:AbsorbEndCombatUpgraded","Ice Cream","Bag of Preparation","Anchor","downfall:HeartBlessingGreen","TungstenRod","Smiling Mask","downfall:HeartBlessingRed","MerchantsRug","Pocketwatch","Strawberry","downfall:HeartBlessingBlue"],"acts_visited":["Exordium","TheCity","TheBeyond"],"potions_floor_usage":[45,47,50,50],"damage_taken":[{"damage":9.0,"enemies":"2 Louse","floor":2.0,"turns":3.0},{"damage":1.0,"enemies":"Jaw Worm","floor":4.0,"turns":3.0},{"damage":0.0,"enemies":"Cultist","floor":6.0,"turns":3.0},{"damage":3.0,"enemies":"Red Slaver","floor":9.0,"turns":4.0},{"damage":0.0,"enemies":"downfall:FleeingMerchant","floor":11.0,"turns":4.0},{"damage":5.0,"enemies":"Lagavulin","floor":12.0,"turns":5.0},{"damage":7.0,"enemies":"Lots of Slimes","floor":13.0,"turns":3.0},{"damage":10.0,"enemies":"3 Sentries","floor":14.0,"turns":6.0},{"damage":7.0,"enemies":"Exordium Thugs","floor":15.0,"turns":4.0},{"damage":18.0,"enemies":"WA_ARCHETYPE_RETAIN","floor":16.0,"turns":5.0},{"damage":11.0,"enemies":"3 Byrds","floor":19.0,"turns":4.0},{"damage":4.0,"enemies":"Spheric Guardian","floor":20.0,"turns":3.0},{"damage":0.0,"enemies":"Snake Plant","floor":22.0,"turns":4.0},{"damage":8.0,"enemies":"Centurion and Healer","floor":23.0,"turns":7.0},{"damage":10.0,"enemies":"downfall:FleeingMerchant","floor":25.0,"turns":4.0},{"damage":3.0,"enemies":"downfall:FleeingMerchant","floor":27.0,"turns":4.0},{"damage":10.0,"enemies":"Book of Stabbing","floor":28.0,"turns":6.0},{"damage":15.0,"enemies":"Sentry and Sphere","floor":29.0,"turns":8.0},{"damage":21.0,"enemies":"Gremlin Leader","floor":31.0,"turns":9.0},{"damage":1.0,"enemies":"Snecko","floor":32.0,"turns":4.0},{"damage":31.0,"enemies":"IC_MUSHROOM_ARCHETYPE","floor":33.0,"turns":8.0},{"damage":0.0,"enemies":"3 Shapes","floor":36.0,"turns":4.0},{"damage":0.0,"enemies":"downfall:FleeingMerchant","floor":37.0,"turns":3.0},{"damage":6.0,"enemies":"3 Darklings","floor":38.0,"turns":6.0},{"damage":72.0,"enemies":"Giant Head","floor":42.0,"turns":9.0},{"damage":10,"enemies":"Sphere and 2 Shapes","floor":45,"turns":5},{"damage":11,"enemies":"4 Shapes","floor":47,"turns":5},{"damage":1,"enemies":"3 Darklings","floor":49,"turns":4},{"damage":48,"enemies":"DF_ARCHETYPE_ORBS","floor":50,"turns":5}],"seed_played":"8667415857565395620","potions_obtained":[{"floor":4.0,"key":"Explosive Potion"},{"floor":9.0,"key":"AttackPotion"},{"floor":12.0,"key":"Block Potion"},{"floor":14.0,"key":"hexamod:SoulburnPotion"},{"floor":16.0,"key":"Dexterity Potion"},{"floor":17.0,"key":"FearPotion"},{"floor":20.0,"key":"LiquidMemories"},{"floor":29.0,"key":"Regen Potion"},{"floor":31.0,"key":"Weak Potion"},{"floor":32.0,"key":"champ:CounterPotion"},{"floor":33.0,"key":"SteroidPotion"},{"floor":36.0,"key":"AttackPotion"},{"floor":43.0,"key":"hexamod:SoulburnPotion"},{"floor":43.0,"key":"Slimebound:ThreeZeroPotion"},{"floor":43.0,"key":"sneckomod:MuddlingPotion"},{"floor":45,"key":"ColorlessPotion"},{"floor":49,"key":"hexamod:SoulburnPotion"}],"is_trial":false,"path_per_floor":["R","M","?","M","?","M","T","R","M","R","$","E","M","E","M","B",null,"R","M","M","?","M","M","T","$","R","$","E","M","R","E","M","B",null,"R","M","$","M","?","$","T","E","?","R","M","R","M","?","M","B"],"character_chosen":"SLIMEBOUND","items_purchased":["Bag of Preparation","Slimebound:MassFeed","Mayhem","MerchantsRug","champ:DeflectingBracers"],"campfire_rested":0,"item_purchase_floors":[11,25,37,37,37],"current_hp_per_floor":[59,54,54,57,57,59,59,59,58,58,59,57,54,52,51,37,64,64,55,55,55,59,57,57,51,51,52,52,41,41,47,52,45,76,76,76,76,76,76,76,76,17,17,27,33,33,31,31,39,0,0,0],"gold":251,"neow_bonus":"RANDOM_COLORLESS_2","is_daily":false,"chose_seed":false,"campfire_upgraded":8,"win_rate":0.0,"timestamp":1613073572,"path_taken":["R","M","?","M","?","M","T","R","M","R","?","E","M","E","M","BOSS","R","M","M","?","?","?","T","$","R","$","E","M","R","E","M","BOSS","R","M","$","M","?","$","T","E","?","R","?","R","M","?","M","BOSS"],"items_purchased_type":["Relic","Card","Card","Relic","Relic"],"build_version":"2020-12-22","purchased_purges":3,"victory":false,"max_hp_per_floor":[59,59,59,59,59,59,59,59,59,59,59,59,59,59,59,59,64,64,64,64,64,64,64,64,64,64,64,68,68,68,72,72,76,76,76,76,76,76,76,76,76,83,83,93,97,97,97,97,97,97,97,97],"card_choices":[{"not_picked":["Sadistic Nature","The Bomb"],"picked":"HandOfGreed","floor":0.0},{"not_picked":["Slimebound:SplitBruiser","Slimebound:SlimeTap"],"picked":"Slimebound:PressTheAttack","floor":2.0},{"not_picked":["Slimebound:SplitBruiser","Slimebound:GoopSpray"],"picked":"Slimebound:Schlurp","floor":4.0},{"not_picked":["Slimebound:ProtectTheBoss","Slimebound:FinishingTackle","Slimebound:WasteNot"],"picked":"SKIP","floor":6.0},{"not_picked":["Slimebound:Equalize","Slimebound:SplitSpecialist"],"picked":"Slimebound:LeadByExample","floor":9.0},{"not_picked":["Slimebound:PressTheAttack","Slimebound:RollThrough","Slimebound:SplitLeeching"],"picked":"SKIP","floor":11.0},{"not_picked":["Slimebound:GoopTackle","Slimebound:SplitLeeching"],"picked":"Slimebound:LeechEnergy","floor":12.0},{"not_picked":["Slimebound:SamplingLick","Slimebound:LeechingTouch"],"picked":"Slimebound:LeadByExample","floor":13.0},{"not_picked":["Slimebound:ServeAndProtect","Slimebound:SplitLeeching"],"picked":"Slimebound:GoopSpray","floor":14.0},{"not_picked":["Slimebound:Schlurp","Slimebound:SamplingLick"],"picked":"Slimebound:SlimeBarrage","floor":15.0},{"not_picked":["Slimebound:WasteNot","Slimebound:FirmFortitude"],"picked":"Slimebound:Teamwork","floor":16.0},{"not_picked":["Slimebound:HungryTackle","Slimebound:HauntingLick"],"picked":"Slimebound:Recollect","floor":19.0},{"not_picked":["Slimebound:FinishingTackle","Slimebound:LeechEnergy"],"picked":"Slimebound:Repurpose","floor":20.0},{"not_picked":["Slimebound:GoopTackle","Slimebound:LivingWall","Slimebound:GoopSpray+1"],"picked":"SKIP","floor":22.0},{"not_picked":["Slimebound:HungryTackle","Slimebound:Repurpose"],"picked":"Slimebound:AcidTongue+1","floor":23.0},{"not_picked":["Slimebound:SplitBruiser","Slimebound:GoopTackle+1"],"picked":"Slimebound:Prepare+1","floor":25.0},{"not_picked":["Slimebound:LeechLife","Slimebound:Replication","Slimebound:RejuvenatingLick"],"picked":"SKIP","floor":27.0},{"not_picked":["Slimebound:LivingWall","Slimebound:RollThrough","Slimebound:SlimeSpikes"],"picked":"SKIP","floor":28.0},{"not_picked":["Slimebound:ComboTackle","Slimebound:RollThrough"],"picked":"Slimebound:SplitMire+1","floor":29.0},{"not_picked":["Slimebound:ForwardTackle","Slimebound:RallyTheTroops","Slimebound:TongueLash"],"picked":"SKIP","floor":31.0},{"not_picked":["Slimebound:GoopSpray+1","Slimebound:SplitBruiser","Slimebound:RollThrough+1"],"picked":"SKIP","floor":32.0},{"not_picked":["Slimebound:SelfFormingGoo","Slimebound:Recycling"],"picked":"Slimebound:Darklings","floor":33.0},{"not_picked":["Slimebound:ItLooksTasty+1","Slimebound:LivingWall+1"],"picked":"Slimebound:Prepare+1","floor":36.0},{"not_picked":["Slimebound:DivideAndConquer","Slimebound:ServeAndProtect+1","Slimebound:Repurpose+1"],"picked":"SKIP","floor":37.0},{"not_picked":["Slimebound:Schlurp+1","Slimebound:HungryTackle+1","Slimebound:OneTwoCombo"],"picked":"SKIP","floor":38.0},{"not_picked":["Slimebound:SlimeSpikes+1","Slimebound:LivingWall+1"],"picked":"Slimebound:LevelUp+1","floor":42.0},{"not_picked":["Slimebound:TongueLash+1","Slimebound:ForwardTackle+1","Slimebound:SpikyOuterGoop+1"],"picked":"SKIP","floor":45},{"not_picked":["Slimebound:SlimeBarrage+1","Slimebound:SplitSpecialist","Slimebound:LivingWall"],"picked":"SKIP","floor":47},{"not_picked":["Slimebound:DisruptingSlam","Slimebound:LivingWall+1","Slimebound:TongueLash+1"],"picked":"SKIP","floor":49}],"player_experience":684217,"relics_obtained":[{"floor":7.0,"key":"Ice Cream"},{"floor":12.0,"key":"Anchor"},{"floor":14.0,"key":"Slimebound:AggressiveSlimeRelic"},{"floor":24.0,"key":"TungstenRod"},{"floor":28.0,"key":"Meat on the Bone"},{"floor":31.0,"key":"Smiling Mask"},{"floor":41.0,"key":"Pocketwatch"},{"floor":42.0,"key":"Strawberry"}],"event_choices":[{"damage_healed":0.0,"max_hp_gain":0.0,"max_hp_loss":0.0,"gold_gain":0.0,"event_name":"Lab","player_choice":"Got Potions","floor":43.0,"gold_loss":0.0,"damage_taken":0.0},{"cards_removed":["Slimebound:Strike_Slimebound"],"damage_healed":0,"gold_gain":0,"player_choice":"Removed Attack","damage_taken":0,"max_hp_gain":0,"max_hp_loss":0,"event_name":"Falling","floor":48,"gold_loss":0}],"is_beta":false,"boss_relics":[{"not_picked":["Slimebound:TarBlob","Pandora\u0027s Box"],"picked":"Tiny House"},{"not_picked":["SlaversCollar","Snecko Eye"],"picked":"Slimebound:AbsorbEndCombatUpgraded"}],"items_purged_floors":[25,37,40],"is_endless":false,"potions_floor_spawned":[4,9,12,14,16,20,29,31,32,33,36,45,49],"killed_by":"DF_ARCHETYPE_ORBS","ascension_level":1}}