{"host":"ul3z8ex5o8l5j7mh","time":1613068423,"event":{"mods":["AchievementEnabler","BaseMod","Bestiary","Colored Map","Colored Powertips","DeckTracker","Keyboard Shortcuts","Minty Spire (QoL Compilation)","Relic Sorter","Relic Stats","SuperFastMode"],"gold_per_floor":[117,133,58,8,8,8,33,43,91,91,118,118,136,236,236,331,331,351,13,13,0,10,39,39,69,69,69,100,25,38,48,48,48,48],"floor_reached":33,"language":"ENG","playtime":1542,"items_purged":["Defend_R"],"score":358,"play_id":"15f499ee-bbce-4b02-bb44-84959cc2179a","local_time":"20210211193343","is_ascension_mode":true,"campfire_choices":[{"data":"Twin Strike","floor":6.0,"key":"SMITH"},{"data":"Twin Strike","floor":10.0,"key":"SMITH"},{"data":"Cleave","floor":12.0,"key":"SMITH"},{"floor":15.0,"key":"RECALL"},{"floor":27.0,"key":"REST"},{"floor":32.0,"key":"REST"}],"circlet_count":0,"master_deck":["Strike_R","Strike_R","Strike_R","Strike_R","Defend_R","Defend_R+1","Defend_R","Bash","Cleave+1","Twin Strike+1","Twin Strike+1","Pummel","Armaments+1","Sword Boomerang","Barricade","Thunderclap","Demon Form","Heavy Blade","Uppercut","Bludgeon","Heavy Blade"],"relics":["Burning Blood","Red Skull","Torii","SacredBark","Meat on the Bone","War Paint","Juzu Bracelet","Toxic Egg 2","FossilizedHelix"],"acts_visited":["Exordium","TheCity"],"potions_floor_usage":[],"damage_taken":[{"damage":6.0,"enemies":"Cultist","floor":1.0,"turns":4.0},{"damage":0.0,"enemies":"2 Louse","floor":2.0,"turns":2.0},{"damage":35.0,"enemies":"Lagavulin","floor":7.0,"turns":5.0},{"damage":0.0,"enemies":"Jaw Worm","floor":8.0,"turns":1.0},{"damage":30.0,"enemies":"3 Sentries","floor":11.0,"turns":5.0},{"damage":0.0,"enemies":"Looter","floor":13.0,"turns":2.0},{"damage":33.0,"enemies":"The Guardian","floor":16.0,"turns":9.0},{"damage":20.0,"enemies":"Spheric Guardian","floor":18.0,"turns":4.0},{"damage":21.0,"enemies":"2 Thieves","floor":22.0,"turns":5.0},{"damage":68.0,"enemies":"Slavers","floor":23.0,"turns":6.0},{"damage":34.0,"enemies":"Gremlin Leader","floor":25.0,"turns":7.0},{"damage":42.0,"enemies":"Book of Stabbing","floor":28.0,"turns":4.0},{"damage":0.0,"enemies":"Snecko","floor":30.0,"turns":3.0},{"damage":7.0,"enemies":"Chosen and Byrds","floor":31.0,"turns":4.0},{"damage":91,"enemies":"Automaton","floor":33,"turns":8}],"seed_played":"-7269175560680809433","potions_obtained":[{"floor":7.0,"key":"SteroidPotion"},{"floor":8.0,"key":"BloodPotion"},{"floor":11.0,"key":"Energy Potion"},{"floor":16.0,"key":"Swift Potion"},{"floor":18.0,"key":"SpeedPotion"},{"floor":28.0,"key":"FearPotion"},{"floor":30.0,"key":"LiquidMemories"}],"is_trial":false,"path_per_floor":["M","M","$","?","?","R","E","M","T","R","E","R","M","?","R","B",null,"M","$","?","?","M","E","?","E","T","R","E","?","M","M","R","B"],"character_chosen":"IRONCLAD","items_purchased":["Meat on the Bone","Demon Form"],"campfire_rested":2,"item_purchase_floors":[19,19],"current_hp_per_floor":[88,88,88,88,88,88,59,65,65,65,41,41,47,47,47,20,88,74,74,74,74,59,44,44,28,28,54,30,30,48,59,85,0,0],"gold":48,"neow_bonus":"TEN_PERCENT_HP_BONUS","is_daily":false,"chose_seed":false,"campfire_upgraded":3,"win_rate":0.0,"timestamp":1613068423,"path_taken":["M","M","$","?","?","R","E","M","T","R","E","R","M","?","R","BOSS","M","$","?","?","M","E","?","E","T","R","E","?","M","M","R","BOSS"],"items_purchased_type":["Relic","Card"],"build_version":"2020-12-22","purchased_purges":1,"victory":false,"max_hp_per_floor":[88,88,88,88,88,88,88,88,88,88,88,88,88,88,88,88,88,88,88,88,88,88,88,88,88,88,88,88,88,88,88,88,88,88],"relic_stats":{"Torii":23,"counters":[15,69],"Juzu Bracelet":1,"War Paint":["Armaments","Defend_R"],"obtain_stats":[{"Torii":11,"SacredBark":17,"Juzu Bracelet":25,"War Paint":23,"Toxic Egg 2":26,"Burning Blood":0,"Red Skull":7,"FossilizedHelix":28,"Meat on the Bone":19},{"Torii":5,"SacredBark":7,"Juzu Bracelet":11,"War Paint":10,"Toxic Egg 2":11,"Burning Blood":0,"Red Skull":3,"FossilizedHelix":12,"Meat on the Bone":8},{"Torii":17,"SacredBark":28,"Juzu Bracelet":50,"War Paint":43,"Toxic Egg 2":50,"Burning Blood":0,"Red Skull":11,"FossilizedHelix":54,"Meat on the Bone":32}],"Burning Blood":78,"Meat on the Bone":60},"card_choices":[{"not_picked":["Twin Strike","Thunderclap"],"picked":"Cleave","floor":1.0},{"not_picked":["Intimidate","Clash"],"picked":"Twin Strike","floor":2.0},{"not_picked":["Exhume","Body Slam"],"picked":"Twin Strike","floor":7.0},{"not_picked":["Body Slam","Power Through"],"picked":"Pummel","floor":8.0},{"not_picked":["Pommel Strike","Thunderclap"],"picked":"Armaments","floor":11.0},{"not_picked":["Rampage","Limit Break"],"picked":"Sword Boomerang","floor":13.0},{"not_picked":["Juggernaut","Fiend Fire"],"picked":"Barricade","floor":16.0},{"not_picked":["Wild Strike","Hemokinesis"],"picked":"Thunderclap","floor":18.0},{"not_picked":["Pommel Strike","Havoc"],"picked":"Heavy Blade","floor":22.0},{"not_picked":["Wild Strike","Dual Wield","Exhume"],"picked":"SKIP","floor":23.0},{"not_picked":["Perfected Strike","Carnage"],"picked":"Uppercut","floor":25.0},{"not_picked":["Perfected Strike","Pommel Strike"],"picked":"Bludgeon","floor":28.0},{"not_picked":["Fire Breathing+1","Dark Embrace+1"],"picked":"Heavy Blade","floor":30.0},{"not_picked":["Uppercut","Whirlwind","Headbutt"],"picked":"SKIP","floor":31.0}],"player_experience":345963,"relics_obtained":[{"floor":7.0,"key":"Red Skull"},{"floor":11.0,"key":"Torii"},{"floor":23.0,"key":"War Paint"},{"floor":25.0,"key":"Juzu Bracelet"},{"floor":26.0,"key":"Toxic Egg 2"},{"floor":28.0,"key":"FossilizedHelix"}],"event_choices":[{"cards_removed":["Strike_R"],"damage_healed":0.0,"max_hp_gain":0.0,"max_hp_loss":0.0,"gold_gain":0.0,"event_name":"The Cleric","player_choice":"Card Removal","floor":4.0,"gold_loss":50.0,"damage_taken":0.0},{"damage_healed":0.0,"max_hp_gain":0.0,"max_hp_loss":0.0,"gold_gain":0.0,"event_name":"Golden Idol","player_choice":"Ignored","floor":5.0,"gold_loss":0.0,"damage_taken":0.0},{"damage_healed":0.0,"max_hp_gain":0.0,"max_hp_loss":0.0,"gold_gain":100.0,"event_name":"Golden Shrine","player_choice":"Pray","floor":14.0,"gold_loss":0.0,"damage_taken":0.0},{"damage_healed":0.0,"max_hp_gain":0.0,"max_hp_loss":0.0,"gold_gain":0.0,"event_name":"Forgotten Altar","player_choice":"Smashed Altar","floor":20.0,"gold_loss":0.0,"damage_taken":0.0,"cards_obtained":["Decay"]},{"damage_healed":0.0,"max_hp_gain":0.0,"max_hp_loss":0.0,"gold_gain":0.0,"event_name":"Masked Bandits","player_choice":"Paid Fearfully","floor":21.0,"gold_loss":13.0,"damage_taken":0.0},{"damage_healed":0.0,"max_hp_gain":0.0,"max_hp_loss":0.0,"gold_gain":0.0,"event_name":"Ghosts","player_choice":"Ignored","floor":24.0,"gold_loss":0.0,"damage_taken":0.0},{"cards_removed":["Decay"],"damage_healed":0.0,"max_hp_gain":0.0,"max_hp_loss":0.0,"gold_gain":0.0,"event_name":"Beggar","player_choice":"Gave Gold","floor":29.0,"gold_loss":75.0,"damage_taken":0.0}],"is_beta":false,"boss_relics":[{"not_picked":["Calling Bell","Tiny House"],"picked":"SacredBark"}],"items_purged_floors":[3],"is_endless":false,"potions_floor_spawned":[7,8,11,16,18,28,30],"killed_by":"Automaton","ascension_level":3}}