{"host":"lq2h7q9ca6uwu60x","time":1613049827,"event":{"mods":["Act Like it!","BaseMod","Gensokyo","Minty Spire (QoL Compilation)","StSLib","Yakumo Yukari mod"],"gold_per_floor":[132,142,142,142,142,142,154,44,70,70,90,90,15,47,47,347,347],"floor_reached":16,"language":"ZHS","playtime":466,"items_purged":["AT_purpleEX"],"score":157,"play_id":"2f4a4cd9-588a-4295-9b3c-913c6153e297","local_time":"20210211212347","is_ascension_mode":true,"campfire_choices":[{"data":"Bait_HighSpeedFlying_purple","floor":6.0,"key":"SMITH"},{"floor":10.0,"key":"RECALL"},{"data":"Observe_purple_1","floor":15,"key":"SMITH"}],"circlet_count":0,"master_deck":["AT_purpleEX","AT_purpleEX","AT_purpleEX","Defend_purpleEX","Defend_purpleEX","Defend_purpleEX","Defend_purpleEX","Observe_purple_1+1","Observe_purple_2","Bait_HighSpeedFlying_purple+1","Clumsy","Gensokyo:TarnishedGold"],"relics":["Memoryfragments_purpleEX","SlaversCollar","Gensokyo:NagashiBinaDoll","CeramicFish","Akabeko","Gensokyo:Justice","Ice Cream","Omamori"],"acts_visited":["Exordium"],"potions_floor_usage":[14],"damage_taken":[{"damage":0.0,"enemies":"Gensokyo:Python","floor":1.0,"turns":4.0},{"damage":0.0,"enemies":"Gensokyo:3_Fairies","floor":2.0,"turns":4.0},{"damage":6.0,"enemies":"Gensokyo:Gryphon","floor":7.0,"turns":3.0},{"damage":7.0,"enemies":"Gensokyo:3_Kodama","floor":11.0,"turns":2.0},{"damage":17,"enemies":"Gensokyo:Mamizou","floor":14,"turns":8},{"damage":53,"enemies":"Gensokyo:Kokoro","floor":16,"turns":11}],"seed_played":"-7620321291974247804","potions_obtained":[{"floor":7.0,"key":"AttackPotion"},{"floor":11.0,"key":"LiquidBronze"}],"is_trial":false,"path_per_floor":["M","M","?","?","?","R","M","COS","T","R","M","?","$","E","R","B"],"character_chosen":"Youkari","items_purchased":[],"campfire_rested":0,"item_purchase_floors":[],"current_hp_per_floor":[65,67,67,53,70,70,65,65,65,65,58,58,58,44,44,0,0],"gold":347,"neow_bonus":"BOSS_RELIC","is_daily":false,"chose_seed":false,"campfire_upgraded":2,"win_rate":0.0,"timestamp":1613049827,"path_taken":["M","M","?","?","?","R","?","COS","T","R","?","?","?","E","R","BOSS"],"items_purchased_type":[],"build_version":"2020-12-22","purchased_purges":1,"victory":false,"max_hp_per_floor":[70,70,70,70,70,70,70,70,70,70,70,70,70,70,70,70,70],"card_choices":[{"not_picked":["StateDuplicate_purple","Mirror_FormAndEmptin_purple","DimensionStaggered_purple"],"picked":"SKIP","floor":1.0},{"not_picked":["Charmbait_purple","RealityDreamConfluencek_purple"],"picked":"Bait_HighSpeedFlying_purple","floor":2.0},{"not_picked":["Mirror_WaveAndshot_purple","RealityDreamConfluencek_purple","SharpContractionReality_purple"],"picked":"SKIP","floor":7.0},{"not_picked":["Charmbait_purple","StretchesForeverDream_purple","Line_surface_state_purple"],"picked":"SKIP","floor":11.0},{"not_picked":["Charmbait_purple","PurpleNeedle_purple","SharpContractionReality_purple"],"picked":"SKIP","floor":14}],"player_experience":712830,"relics_obtained":[{"floor":9.0,"key":"Akabeko"},{"floor":14,"key":"Ice Cream"}],"event_choices":[],"is_beta":false,"boss_relics":[],"items_purged_floors":[13],"is_endless":false,"potions_floor_spawned":[7,11],"killed_by":"Gensokyo:Kokoro","ascension_level":6}}