{"host":"qljq6nt1bltq73k9","time":1613061914,"event":{"mods":["BaseMod","Colored Map","Colored Powertips","Downfall","Minty Spire (QoL Compilation)","Quick Restart","Replay The Spire","StSLib","[IsaacMod]ÒÔÈö¼âËþ"],"gold_per_floor":[99999,100016,98116,98116,98126,98156,98218,98231,98231,98231,98257,98269,96403,96422,96422,96526,96526,96537,96547,96557,96557,96557,96576,96588,96588,96602,95496,95496,95542,95575,95589,95615,95625,95625,95720,95720,95737,95752,95766,95766,95786,95815,94756,94775,94775,94792,94792,94805,93542,93553,93553,93553,93553,93553,90126,90152,90152,90152],"floor_reached":57,"language":"ZHS","playtime":3144,"items_purged":["Strike_R","ReplayTheSpireMod:Splinters","Strike_R","Defend_R","Strike_R","Defend_R"],"score":794,"play_id":"41834507-b16b-4d1e-9e7d-77a1a18cfc77","local_time":"20210212004514","is_ascension_mode":false,"campfire_choices":[{"floor":10.0,"key":"RECALL"},{"floor":15.0,"key":"DIG"},{"data":"ReplayTheSpireMod:LeadingStrike","floor":25.0,"key":"SMITH"},{"data":"Apotheosis","floor":34.0,"key":"SMITH"},{"data":"Demonic Infusion","floor":47.0,"key":"SMITH"},{"data":"Heavy Blade","floor":51.0,"key":"SMITH"},{"data":"Pummel","floor":54.0,"key":"SMITH"}],"circlet_count":1,"master_deck":["Strike_R","Strike_R+1","Defend_R+1","Defend_R","Bash","Cleave","Thunderclap+1","Mayhem","Metallicize","Forethought","Self Repair+1","Warcry","Rampage","Sword Boomerang","Fire Breathing","Rip and Tear","Defragment","Dark Embrace","ReplayReversal","Cold Snap","Mayhem","Mirror Shield+1","Replay:Undeath\u0027s Touch","Heavy Blade+1","ReplayTheSpireMod:LeadingStrike+1","ReplayTheSpireMod:Corrosion Curse+1","Demonic Infusion+1","Evolve","Panacea","Apotheosis+1","Master of Strategy","Replay:Parry","Flame Barrier+1","Brutality","Spot Weakness+1","Offering","Juggernaut","Rampage","Cleave+1","Sword Boomerang+1","Entrench","Impervious","Life Link","Armaments+1","Pommel Strike+1","Thunderclap+1","CurseOfTheBell","AbeCurse","Pummel+1","Panache","Rupture","Poisoned Strike"],"relics":["HushsDoor","Chaos","SlaversCollar","Question Card","Iron Core","Whetstone","Philosopher\u0027s Stone","BloodDonationMachine","SacredBark","Bird Faced Urn","Replay:Bottled Flurry","MagicMushroom","Bag of Preparation","War Paint","PreservedInsect","TheBattery","Another Sword","Ancient Tea Set","Paper Crane","hexamod:Sixitude","Replay:Bronze Core","Void","Habit","Byrd Skull","InkBottle","Toy Ornithopter","Circlet","Pet Ghost","Akabeko","Calling Bell","Geode","Abe\u0027s Treasure","Replay:Bottled Snecko","D6","Magic Flower","Iron Hammer","Replay:Multitool","Busted Crown","Blue Candle","White Beast Statue"],"acts_visited":["Exordium","TheCity","TheBeyond","TheEnding"],"potions_floor_usage":[57,57,57],"damage_taken":[{"damage":6.0,"enemies":"Cultist","floor":1.0,"turns":3.0},{"damage":7.0,"enemies":"2 Louse","floor":2.0,"turns":2.0},{"damage":12.0,"enemies":"Small Slimes","floor":5.0,"turns":4.0},{"damage":26.0,"enemies":"Gremlin Nob","floor":6.0,"turns":5.0},{"damage":0.0,"enemies":"3 Louse","floor":8.0,"turns":2.0},{"damage":12.0,"enemies":"Lagavulin","floor":11.0,"turns":6.0},{"damage":0.0,"enemies":"Exordium Wildlife","floor":12.0,"turns":2.0},{"damage":9.0,"enemies":"Large Slime","floor":14.0,"turns":3.0},{"damage":0.0,"enemies":"Slime Boss","floor":16.0,"turns":7.0},{"damage":0.0,"enemies":"Spheric Guardian","floor":18.0,"turns":3.0},{"damage":12.0,"enemies":"3 Byrds","floor":19.0,"turns":4.0},{"damage":0.0,"enemies":"Centurion and Healer","floor":20.0,"turns":3.0},{"damage":0.0,"enemies":"Snecko","floor":23.0,"turns":4.0},{"damage":0.0,"enemies":"Shelled Parasite and Fungi","floor":24.0,"turns":3.0},{"damage":26.0,"enemies":"Centurion and Healer","floor":26.0,"turns":4.0},{"damage":0.0,"enemies":"Replay:Snechameleon","floor":30.0,"turns":3.0},{"damage":0.0,"enemies":"Snake Plant","floor":31.0,"turns":3.0},{"damage":1.0,"enemies":"Gremlin Leader","floor":32.0,"turns":3.0},{"damage":2.0,"enemies":"Snecko","floor":33.0,"turns":3.0},{"damage":34.0,"enemies":"Automaton","floor":35.0,"turns":7.0},{"damage":1.0,"enemies":"3 Shapes","floor":37.0,"turns":3.0},{"damage":23.0,"enemies":"Orb Walker","floor":38.0,"turns":3.0},{"damage":3.0,"enemies":"Sphere and 2 Shapes","floor":39.0,"turns":2.0},{"damage":11.0,"enemies":"Maw","floor":41.0,"turns":6.0},{"damage":39.0,"enemies":"Giant Head","floor":42.0,"turns":6.0},{"damage":10.0,"enemies":"Transient","floor":44.0,"turns":5.0},{"damage":0.0,"enemies":"3 Darklings","floor":46.0,"turns":3.0},{"damage":6.0,"enemies":"Sphere and 2 Shapes","floor":48.0,"turns":3.0},{"damage":14.0,"enemies":"4 Shapes","floor":50.0,"turns":3.0},{"damage":57.0,"enemies":"Replay:Hell Engine","floor":52.0,"turns":9.0},{"damage":37.0,"enemies":"Shield and Spear","floor":56.0,"turns":3.0},{"damage":117,"enemies":"Delirium","floor":57,"turns":12}],"seed_played":"-4952143704343779449","potions_obtained":[{"floor":3.0,"key":"Fruit Juice"},{"floor":3.0,"key":"DuplicationPotion"},{"floor":3.0,"key":"bronze:BurnAndBuffPotion"},{"floor":3.0,"key":"SkillPotion"},{"floor":5.0,"key":"DistilledChaos"},{"floor":7.0,"key":"Elixir"},{"floor":20.0,"key":"DistilledChaos"},{"floor":23.0,"key":"SteroidPotion"},{"floor":56.0,"key":"champ:CounterPotion"}],"is_trial":false,"path_per_floor":["M","M","$","?","M","E","?","M","T","R","E","M","$","M","R_BF","B",null,"M","M","M","PTL","PTL","M","M","R","M","$","T","?","E","M","E","M","R","B",null,"M","M","M","?","M","E","$","M","T","M","R","M","$","M","R","B",null,"R","$","E","B"],"character_chosen":"IRONCLAD","items_purchased":["SlaversCollar","Question Card","Mayhem","Metallicize","Forethought","Cauldron","Languid Potion","SacredBark","Bird Faced Urn","Dark Embrace","ReplayReversal","Replay:Bottled Flurry","DuplicationPotion","Damocles","FairyPotion","Another Sword","Ancient Tea Set","Paper Crane","Regen Potion","SpeedPotion","Evolve","Panacea","Byrd Skull","Life Link","InkBottle","Dead Branch","Pet Ghost","Akabeko","Calling Bell","D6","Magic Flower","Iron Hammer","Panache","Rupture","EssenceOfSteel","Replay:Multitool","Busted Crown","Blue Candle","HeartOfIron","Poisoned Strike"],"campfire_rested":0,"item_purchase_floors":[3,3,3,3,3,3,3,13,13,13,13,13,13,17,17,27,27,27,27,27,27,27,43,43,43,43,49,49,49,55,55,55,55,55,55,55,55,55,55,55],"current_hp_per_floor":[88,87,92,92,90,74,74,74,74,74,72,72,72,77,77,93,86,86,74,79,79,79,86,86,86,47,47,47,32,49,52,58,65,65,60,86,85,84,86,86,86,73,73,80,80,86,86,86,86,86,86,72,86,86,86,49,0,0],"gold":90152,"neow_bonus":"TEN_PERCENT_HP_BONUS","is_daily":false,"chose_seed":false,"campfire_upgraded":5,"win_rate":0.0,"timestamp":1613061914,"path_taken":["M","M","$","?","M","E","?","M","T","R","E","M","$","M","R_BF","BOSS","M","M","M","PTL","PTL","?","M","R","M","$","T","?","E","M","E","M","R","BOSS","M","M","M","?","M","E","$","M","T","M","R","M","$","M","R","BOSS","R","$","E","BOSS"],"items_purchased_type":["Relic","Relic","Card","Card","Card","Relic","Potion","Relic","Relic","Card","Card","Relic","Potion","Relic","Potion","Relic","Relic","Relic","Potion","Potion","Card","Card","Relic","Card","Relic","Relic","Relic","Relic","Relic","Relic","Relic","Relic","Card","Card","Potion","Relic","Relic","Relic","Potion","Card"],"build_version":"2020-12-22","purchased_purges":6,"victory":false,"max_hp_per_floor":[88,88,93,93,93,93,93,93,93,93,93,93,93,93,93,93,86,86,86,86,86,86,86,86,86,86,86,86,86,86,86,86,86,86,86,86,86,86,86,86,86,86,86,86,86,86,86,86,86,86,86,86,86,86,86,86,86,86],"card_choices":[{"not_picked":[],"picked":"Bomb","floor":0.0},{"not_picked":["Hemokinesis","Perfected Strike"],"picked":"Cleave","floor":1.0},{"not_picked":["Shrug It Off","Armaments"],"picked":"Thunderclap","floor":2.0},{"not_picked":["True Grit","Gash","Limit Break"],"picked":"Warcry","floor":5.0},{"not_picked":["Beam Cell","Blood for Blood","Battle Trance"],"picked":"Headbutt","floor":6.0},{"not_picked":["Clothesline","Shrug It Off","Anger"],"picked":"Rampage","floor":7.0},{"not_picked":["Warcry","Havoc","Perfected Strike"],"picked":"Sword Boomerang","floor":7.0},{"not_picked":["Disarm","Defragment","Whirlwind"],"picked":"Fire Breathing","floor":8.0},{"not_picked":["Wild Strike","Sword Boomerang","Infernal Blade"],"picked":"Rip and Tear","floor":11.0},{"not_picked":["ReplayTheSpireMod:Repulse","Sentinel","Rebound"],"picked":"Defragment","floor":12.0},{"not_picked":["Genetic Algorithm","Replay:Many Hands","Heavy Blade"],"picked":"Cold Snap","floor":14.0},{"not_picked":["Offering","ReplayTheSpireMod:Omega Cannon","Reaper"],"picked":"Mirror Shield","floor":16.0},{"not_picked":["Rampage","Defy Death","Body Slam"],"picked":"Replay:Undeath\u0027s Touch","floor":18.0},{"not_picked":["Iron Wave+1","Clash","Hemokinesis+1"],"picked":"Heavy Blade","floor":19.0},{"not_picked":["Glacier","Pommel Strike","Gash"],"picked":"ReplayTheSpireMod:LeadingStrike","floor":20.0},{"not_picked":["Turbo","ReplayTheSpireMod:GoodbyeWorld+1","FTL+1"],"picked":"ReplayTheSpireMod:Corrosion Curse+1","floor":23.0},{"not_picked":["Dark Embrace+1","Anger","Recycle"],"picked":"Demonic Infusion","floor":24.0},{"not_picked":["Glacier","Beam Cell","ReplayTheSpireMod:Repulse","Gash"],"picked":"SKIP","floor":26.0},{"not_picked":["Magnetism","Mayhem","Battery"],"picked":"Apotheosis","floor":29.0},{"not_picked":["Trip","Transmutation","Madness"],"picked":"Master of Strategy","floor":29.0},{"not_picked":["Replay:Sssssssssshield","Metamorphosis","Mind Blast"],"picked":"Replay:Parry","floor":29.0},{"not_picked":["ReplayTheSpireMod:Repulse","Evolve+1","Rebound"],"picked":"Flame Barrier+1","floor":30.0},{"not_picked":["Beam Cell","Sword Boomerang","Rebound"],"picked":"Brutality","floor":31.0},{"not_picked":["Burning Pact","Flex","Capacitor"],"picked":"Spot Weakness+1","floor":32.0},{"not_picked":["Warcry+1","Flex","Hologram"],"picked":"Offering","floor":33.0},{"not_picked":["Berserk","Replay:Many Hands","Impervious"],"picked":"Juggernaut","floor":35.0},{"not_picked":["Warcry","Whirlwind+1","Wild Strike"],"picked":"Rampage","floor":37.0},{"not_picked":["Body Slam","Shockwave+1","Run Through+1"],"picked":"Cleave+1","floor":38.0},{"not_picked":["Iron Wave+1","Havoc+1","Massacre+1"],"picked":"Sword Boomerang+1","floor":39.0},{"not_picked":["Cleave","Body Slam+1","Evolve+1"],"picked":"Entrench","floor":41.0},{"not_picked":["Warcry+1","Sever Soul+1","Body Slam+1"],"picked":"Impervious","floor":42.0},{"not_picked":["Flame Barrier","Anger+1","Replay:Undeath\u0027s Touch+1"],"picked":"Armaments+1","floor":44.0},{"not_picked":["Shrug It Off+1","Twin Strike","Hemokinesis+1"],"picked":"Pommel Strike+1","floor":46.0},{"not_picked":["Iron Wave","Shrug It Off","Headbutt"],"picked":"Thunderclap+1","floor":48.0},{"not_picked":["Wild Strike","Sword Boomerang+1","Uppercut+1"],"picked":"Pummel","floor":50.0},{"not_picked":["Cold Snap+1","Shrug It Off"],"picked":"SKIP","floor":56.0}],"player_experience":467334,"relics_obtained":[{"floor":6.0,"key":"Whetstone"},{"floor":7.0,"key":"Philosopher\u0027s Stone"},{"floor":11.0,"key":"BloodDonationMachine"},{"floor":15.0,"key":"DollysMirror"},{"floor":18.0,"key":"Bag of Preparation"},{"floor":19.0,"key":"War Paint"},{"floor":23.0,"key":"PreservedInsect"},{"floor":24.0,"key":"TheBattery"},{"floor":28.0,"key":"ReplayTheSpireMod:ShopPack"},{"floor":30.0,"key":"hexamod:Sixitude"},{"floor":32.0,"key":"Replay:Bronze Core"},{"floor":42.0,"key":"Habit"},{"floor":45.0,"key":"Toy Ornithopter"},{"floor":49.0,"key":"Geode"},{"floor":49.0,"key":"Abe\u0027s Treasure"},{"floor":49.0,"key":"Replay:Bottled Snecko"},{"floor":56.0,"key":"White Beast Statue"}],"event_choices":[{"cards_removed":["Headbutt"],"damage_healed":0.0,"max_hp_gain":0.0,"max_hp_loss":0.0,"gold_gain":0.0,"event_name":"Falling","player_choice":"Removed Attack","floor":40.0,"gold_loss":0.0,"damage_taken":0.0}],"is_beta":false,"boss_relics":[{"not_picked":["bronze:MakeshiftBattery","ReplayTheSpireMod:TigerMarble"],"picked":"MagicMushroom"},{"not_picked":[]},{"not_picked":["Raider\u0027s Mask","HandDrill"],"picked":"Void"},{"not_picked":[]}],"items_purged_floors":[3,13,27,43,55,55],"is_endless":false,"potions_floor_spawned":[5,8,12,20,23,31,32,33,38,41,42,44,48,50,56],"killed_by":"Delirium","ascension_level":0}}