{"host":"51dweoxrcspgw6ri","time":1613076051,"event":{"mods":["BaseMod","Colored Map","Colored Powertips","Minty Spire (QoL Compilation)","Rare Cards Sparkle","Relic Stats","StSLib","SuperFastMode"],"gold_per_floor":[112,112,130,140,154,185,198,225,225,240,240,259,37,47,47,47,47],"floor_reached":16,"language":"ENG","playtime":482,"items_purged":["Neutralize"],"score":247,"play_id":"ad224240-f0b3-4a0b-bc31-107fe2701b64","local_time":"20210211214051","is_ascension_mode":true,"campfire_choices":[{"floor":15,"key":"REST"}],"circlet_count":0,"master_deck":["AscendersBane","Strike_G","Strike_G","Strike_G","Strike_G","Strike_G","Defend_G","Defend_G","Defend_G","Defend_G","Defend_G","Survivor","Sucker Punch+1","Catalyst","Catalyst","Bouncing Flask","Burst","Deadly Poison","Deadly Poison","Burst","Prepared"],"relics":["Ring of the Snake","NeowsBlessing","MealTicket","Potion Belt","StrikeDummy","DollysMirror"],"acts_visited":["Exordium"],"potions_floor_usage":[5,6,8,10],"damage_taken":[{"damage":0,"enemies":"2 Louse","floor":1,"turns":1},{"damage":0,"enemies":"Small Slimes","floor":3,"turns":1},{"damage":0,"enemies":"Jaw Worm","floor":4,"turns":1},{"damage":17,"enemies":"Lots of Slimes","floor":5,"turns":8},{"damage":12,"enemies":"Lagavulin","floor":6,"turns":6},{"damage":0,"enemies":"Looter","floor":7,"turns":4},{"damage":0,"enemies":"Gremlin Nob","floor":8,"turns":2},{"damage":0,"enemies":"2 Fungi Beasts","floor":10,"turns":4},{"damage":22,"enemies":"Exordium Thugs","floor":12,"turns":5},{"damage":9,"enemies":"Blue Slaver","floor":14,"turns":3},{"damage":38,"enemies":"Slime Boss","floor":16,"turns":5}],"seed_played":"7477966270116211112","potions_obtained":[{"floor":1,"key":"Poison Potion"},{"floor":4,"key":"Swift Potion"},{"floor":6,"key":"Poison Potion"},{"floor":7,"key":"Fire Potion"}],"is_trial":false,"path_per_floor":["M","?","M","M","M","E","M","E","T","M","?","M","$","M","R","B"],"character_chosen":"THE_SILENT","items_purchased":["DollysMirror"],"campfire_rested":1,"item_purchase_floors":[13],"current_hp_per_floor":[59,59,59,59,42,30,30,30,30,30,30,8,23,14,33,0,0],"gold":47,"neow_bonus":"THREE_ENEMY_KILL","is_daily":false,"chose_seed":false,"campfire_upgraded":0,"win_rate":0.0,"timestamp":1613076051,"path_taken":["M","?","M","M","M","E","M","E","T","M","?","M","$","M","R","BOSS"],"items_purchased_type":["Relic"],"build_version":"2020-12-22","purchased_purges":1,"victory":false,"max_hp_per_floor":[66,66,66,66,66,66,66,66,66,66,66,66,66,66,66,66,66],"relic_stats":{"counters":[11,40],"MealTicket":15,"obtain_stats":[{"Potion Belt":8,"NeowsBlessing":0,"DollysMirror":13,"MealTicket":6,"StrikeDummy":9,"Ring of the Snake":0},{"Potion Belt":7,"NeowsBlessing":0,"DollysMirror":9,"MealTicket":5,"StrikeDummy":7,"Ring of the Snake":0},{"Potion Belt":23,"NeowsBlessing":0,"DollysMirror":32,"MealTicket":17,"StrikeDummy":23,"Ring of the Snake":0}],"Ring of the Snake":[22]},"card_choices":[{"not_picked":["Setup","Tactician"],"picked":"Sucker Punch","floor":1},{"not_picked":["Dagger Throw","Crippling Poison"],"picked":"Catalyst","floor":3},{"not_picked":["Sucker Punch","Dagger Throw"],"picked":"Catalyst","floor":4},{"not_picked":["Blade Dance","Flechettes"],"picked":"Bouncing Flask","floor":5},{"not_picked":["Expertise","Slice","Bane"],"picked":"SKIP","floor":6},{"not_picked":["Crippling Poison","Acrobatics"],"picked":"Burst","floor":7},{"not_picked":["Blade Dance","Poisoned Stab","Dagger Throw"],"picked":"SKIP","floor":8},{"not_picked":["Dash","Poisoned Stab"],"picked":"Deadly Poison","floor":10},{"not_picked":["Dodge and Roll","Underhanded Strike"],"picked":"Deadly Poison","floor":12},{"not_picked":["Outmaneuver","Backflip"],"picked":"Prepared","floor":14}],"player_experience":524748,"relics_obtained":[{"floor":6,"key":"MealTicket"},{"floor":8,"key":"Potion Belt"},{"floor":9,"key":"StrikeDummy"}],"event_choices":[{"damage_healed":0,"gold_gain":0,"player_choice":"Grow","damage_taken":0,"max_hp_gain":0,"max_hp_loss":0,"event_name":"Living Wall","floor":2,"gold_loss":0,"cards_upgraded":["Sucker Punch"]},{"damage_healed":0,"gold_gain":0,"player_choice":"Ignored","damage_taken":0,"max_hp_gain":0,"max_hp_loss":0,"event_name":"Shining Light","floor":11,"gold_loss":0}],"is_beta":false,"boss_relics":[],"items_purged_floors":[13],"is_endless":false,"potions_floor_spawned":[1,4,6,7],"killed_by":"Slime Boss","ascension_level":15}}