{"host":"5rycm1ajjg5acc5q","time":1613071343,"event":{"mods":["BaseMod","Better Third Choice","Downfall","Highlight Path","Minty Spire (QoL Compilation)","Replay The Spire","StSLib"],"gold_per_floor":[113,132,144,157,157,157,184,184,209,240,240,72,72,72,72,171,171,189,0,13,13,13,45,55,55,55,55,55,65,110,470,470,568,568,611,653,181,249,287,321,321,321,321],"floor_reached":42,"language":"ENG","playtime":5749,"items_purged":["Strike_P"],"score":791,"play_id":"9d4bebae-eeed-4a8c-b668-93d524f3665d","local_time":"20210211132223","is_ascension_mode":true,"campfire_choices":[{"data":"Eruption","floor":6,"key":"SMITH"},{"floor":13,"key":"RECALL"},{"data":"Thinking Ahead","floor":15,"key":"SMITH"},{"data":"Thinking Ahead","floor":25,"key":"SMITH"},{"data":"Collect","floor":28,"key":"SMITH"},{"data":"Sanctity","floor":41,"key":"SMITH"}],"circlet_count":0,"master_deck":["Strike_P","Strike_P","Strike_P","Defend_P","Defend_P","Eruption+1","Vigilance","Perseverance","Sanctity+1","Swivel","Collect+1","BattleHymn+1","Replay:BluntJabs","Thinking Ahead+1","Thinking Ahead+1","CurseOfTheBell","Consecrate","Prostrate","Prostrate","BattleHymn+1","Consecrate","BattleHymn+1","Prostrate","SandsOfTime","Wish","FearNoEvil","Brilliance","CutThroughFate","Replay:ManipulateFuture+1","Mayhem+1","ConjureBlade","ConjureBlade","Purity","Replay:DivineShield+1"],"relics":["Tiny Chest","Ring of Hypnosis","Ring of Misfortune","Blue Doll","Strawberry","Replay:M_StaffOfTheSnake","Calling Bell","Happy Flower","Mummified Hand","GoldenEye","Membership Card","ReplayTheSpireMod:Lightbulb","Replay:Bottled Steam","bronze:MakeshiftBattery","Medical Kit","Thread and Needle","Bronze Scales","Replay:Bottled Flurry","Replay:Ringing Soul"],"acts_visited":["Exordium","TheCity","TheBeyond"],"potions_floor_usage":[7,10,10,14,23,30,33,33,35],"damage_taken":[{"damage":2,"enemies":"Small Slimes","floor":1,"turns":2},{"damage":1,"enemies":"Jaw Worm","floor":2,"turns":4},{"damage":13,"enemies":"Cultist","floor":3,"turns":5},{"damage":2,"enemies":"2 Fungi Beasts","floor":4,"turns":5},{"damage":32,"enemies":"3 Sentries","floor":7,"turns":17},{"damage":0,"enemies":"Lagavulin","floor":10,"turns":7},{"damage":0,"enemies":"Gremlin Gang","floor":14,"turns":1},{"damage":0,"enemies":"Slime Boss","floor":16,"turns":5},{"damage":7,"enemies":"3 Byrds","floor":18,"turns":4},{"damage":0,"enemies":"Shell Parasite","floor":20,"turns":2},{"damage":33,"enemies":"Book of Stabbing","floor":23,"turns":4},{"damage":0,"enemies":"Cultist and Chosen","floor":24,"turns":3},{"damage":0,"enemies":"Shelled Parasite and Fungi","floor":29,"turns":2},{"damage":22,"enemies":"Snake Plant","floor":30,"turns":6},{"damage":23,"enemies":"Pondfish","floor":33,"turns":7},{"damage":21,"enemies":"3 Darklings","floor":35,"turns":4},{"damage":15,"enemies":"3 Shapes","floor":36,"turns":5},{"damage":21,"enemies":"Spire Growth","floor":39,"turns":4},{"damage":0,"enemies":"R_Hoarder","floor":40,"turns":4},{"damage":39,"enemies":"Reptomancer","floor":42,"turns":5}],"seed_played":"6899651975559323966","potions_obtained":[{"floor":1,"key":"Languid Potion"},{"floor":3,"key":"Weak Potion"},{"floor":4,"key":"LiquidMemories"},{"floor":10,"key":"SmokeBomb"},{"floor":18,"key":"Adrenaline Potion"},{"floor":29,"key":"SpeedPotion"},{"floor":32,"key":"StancePotion"},{"floor":32,"key":"LifebloodPotion"},{"floor":33,"key":"LiquidBronze"},{"floor":35,"key":"Venom Potion"}],"is_trial":false,"path_per_floor":["M","M","M","M","?","R","E","?","T","E","?","$","R","M","R","B",null,"M","$","M","?","T","E","M","R","T","?","R","M","M","?","R","B",null,"M","M","$","T","M","E","R","E"],"character_chosen":"WATCHER","items_purchased":["BattleHymn+1","Replay:BluntJabs","Thinking Ahead","Membership Card","Prostrate","BattleHymn+1","Mayhem+1","ConjureBlade","Medical Kit","Thread and Needle","Bronze Scales","Purity"],"campfire_rested":0,"item_purchase_floors":[12,12,12,19,19,19,37,37,37,37,37,37],"current_hp_per_floor":[70,69,56,54,54,54,22,22,22,29,29,29,29,29,29,29,79,72,72,72,72,72,39,39,39,39,89,89,89,67,31,31,8,89,68,53,53,53,32,35,35,0,0],"gold":321,"neow_bonus":"REMOVE_CARD","is_daily":false,"chose_seed":false,"campfire_upgraded":5,"win_rate":0.0,"timestamp":1613071343,"path_taken":["M","M","M","M","?","R","E","?","T","E","?","$","R","M","R","BOSS","M","$","M","?","?","E","M","R","T","?","R","?","M","?","R","BOSS","M","M","$","?","M","E","R","E"],"items_purchased_type":["Card","Card","Card","Relic","Card","Card","Card","Card","Relic","Relic","Relic","Card"],"build_version":"2020-12-22","purchased_purges":1,"victory":false,"max_hp_per_floor":[72,72,72,72,72,72,72,72,72,79,79,79,79,79,79,79,79,79,79,79,79,79,79,79,79,79,89,89,89,89,89,89,89,89,89,89,89,89,89,92,92,92,92],"card_choices":[{"not_picked":["Replay:Anticipation","Evaluate"],"picked":"Perseverance","floor":1},{"not_picked":["Swivel","ClearTheMind"],"picked":"Sanctity","floor":2},{"not_picked":["EmptyFist","SashWhip"],"picked":"Swivel","floor":3},{"not_picked":["BowlingBash","SashWhip"],"picked":"Collect","floor":4},{"not_picked":["FlyingSleeves","Halt","ThirdEye"],"picked":"SKIP","floor":7},{"not_picked":["Tantrum","SashWhip","ClearTheMind"],"picked":"SKIP","floor":10},{"not_picked":["Replay:AllIn","Die Die Die"],"picked":"Night Terror","floor":16},{"not_picked":["Crescendo","WreathOfFlame"],"picked":"Consecrate","floor":18},{"not_picked":["FlyingSleeves+1","FearNoEvil"],"picked":"Consecrate","floor":20},{"not_picked":["BattleHymn","Crescendo"],"picked":"Prostrate","floor":23},{"not_picked":["EmptyBody","FollowUp"],"picked":"SandsOfTime","floor":24},{"not_picked":["Replay:AtTheReady","FollowUp"],"picked":"Wish","floor":29},{"not_picked":["Fasting2","JustLucky"],"picked":"FearNoEvil","floor":30},{"not_picked":["Judgement","SpiritShield"],"picked":"Brilliance","floor":33},{"not_picked":["SignatureMove+1","EmptyFist"],"picked":"CutThroughFate","floor":35},{"not_picked":["CutThroughFate","Crescendo+1"],"picked":"Replay:ManipulateFuture+1","floor":36},{"not_picked":["ReachHeaven+1","Replay:BluntJabs","Protect"],"picked":"SKIP","floor":39},{"not_picked":["DeceiveReality+1","ClearTheMind+1"],"picked":"Replay:DivineShield+1","floor":40}],"player_experience":513108,"relics_obtained":[{"floor":7,"key":"Tiny Chest"},{"floor":8,"key":"Ring of Hypnosis"},{"floor":8,"key":"Ring of Misfortune"},{"floor":9,"key":"Blue Doll"},{"floor":10,"key":"Strawberry"},{"floor":17,"key":"Happy Flower"},{"floor":17,"key":"Mummified Hand"},{"floor":17,"key":"GoldenEye"},{"floor":23,"key":"ReplayTheSpireMod:Lightbulb"},{"floor":26,"key":"Replay:Bottled Steam"},{"floor":38,"key":"Replay:Bottled Flurry"},{"floor":40,"key":"Replay:Ringing Soul"}],"event_choices":[{"cards_removed":["Defend_P"],"damage_healed":0,"gold_gain":0,"player_choice":"Forget","damage_taken":0,"max_hp_gain":0,"max_hp_loss":0,"event_name":"Living Wall","floor":5,"gold_loss":0},{"damage_healed":0,"gold_gain":0,"player_choice":"Copied","damage_taken":0,"max_hp_gain":0,"max_hp_loss":0,"event_name":"Duplicator","floor":21,"gold_loss":0,"cards_obtained":["BattleHymn"]},{"cards_removed":["Night Terror"],"damage_healed":40,"gold_gain":0,"player_choice":"Offered Rare","damage_taken":0,"max_hp_gain":10,"max_hp_loss":0,"event_name":"Bonfire Elementals","floor":27,"gold_loss":0},{"damage_healed":0,"gold_gain":360,"player_choice":"GOLD GOLD GOLD GOLD ","damage_taken":36,"max_hp_gain":0,"max_hp_loss":0,"event_name":"Knowing Skull","floor":31,"potions_obtained":[],"gold_loss":0,"cards_obtained":[]}],"is_beta":false,"boss_relics":[{"not_picked":["Snecko Eye","SacredBark"],"picked":"Calling Bell"},{"not_picked":["Empty Cage","Fusion Hammer"],"picked":"bronze:MakeshiftBattery"}],"items_purged_floors":[37],"is_endless":false,"potions_floor_spawned":[1,3,4,10,18,29,33,35],"killed_by":"Reptomancer","ascension_level":1}}