{"host":"johnydays","time":1613055463,"event":{"mods":["BaseMod","Bestiary","Block Reminder","Colored Map","Colored Powertips","DeckTracker","Highlight Path","Minty Spire (QoL Compilation)","Relic Stats","Slay-I","StSLib","SuperFastMode"],"gold_per_floor":[109,119,129,179,90,90,119,119,119,152,152,165,181,207,207,207,207],"floor_reached":16,"language":"ENG","playtime":468,"items_purged":[],"score":216,"play_id":"eb63f13d-953a-40b9-8fbd-9b58ce3eedba","local_time":"20210211145743","is_ascension_mode":true,"campfire_choices":[{"data":"Trip","floor":6,"key":"SMITH"},{"floor":8,"key":"REST"},{"data":"Crippling Poison","floor":15,"key":"SMITH"}],"circlet_count":0,"master_deck":["AscendersBane","Strike_G","Strike_G","Strike_G","Strike_G","Strike_G","Defend_G","Defend_G","Defend_G","Defend_G","Defend_G","Survivor","Neutralize","Crippling Poison+1","Dagger Spray","All Out Attack","Trip+1","Corpse Explosion","Blade Dance","Bouncing Flask","Leg Sweep"],"relics":["Sozu","Shovel","Thread and Needle","Bottled Lightning","Paper Crane","Strawberry"],"acts_visited":["Exordium"],"potions_floor_usage":[],"damage_taken":[{"damage":4,"enemies":"Cultist","floor":1,"turns":5},{"damage":0,"enemies":"Jaw Worm","floor":2,"turns":5},{"damage":1,"enemies":"Small Slimes","floor":3,"turns":5},{"damage":46,"enemies":"Gremlin Nob","floor":7,"turns":5},{"damage":5,"enemies":"3 Sentries","floor":10,"turns":7},{"damage":0,"enemies":"Exordium Wildlife","floor":12,"turns":3},{"damage":0,"enemies":"Blue Slaver","floor":13,"turns":3},{"damage":4,"enemies":"Gremlin Nob","floor":14,"turns":3},{"damage":34,"enemies":"Slime Boss","floor":16,"turns":3}],"seed_played":"8679949888018726956","potions_obtained":[],"is_trial":false,"path_per_floor":["M","M","M","?","$","R","E","R","T","E","T","M","M","E","R","B"],"character_chosen":"THE_SILENT","items_purchased":["Trip"],"campfire_rested":1,"item_purchase_floors":[5],"current_hp_per_floor":[55,55,54,48,48,48,2,21,21,16,16,16,16,19,19,0,0],"gold":207,"neow_bonus":"BOSS_RELIC","is_daily":false,"chose_seed":false,"campfire_upgraded":2,"win_rate":0.0,"timestamp":1613055463,"path_taken":["M","M","?","?","?","R","E","R","T","E","?","M","M","E","R","BOSS"],"items_purchased_type":["Card"],"build_version":"2020-12-18","purchased_purges":0,"victory":false,"max_hp_per_floor":[66,66,66,66,66,66,66,66,66,66,66,66,66,73,73,73,73],"relic_stats":{"Sozu":4,"Shovel":0,"counters":[9,39],"obtain_stats":[{"Sozu":0,"Shovel":7,"Strawberry":14,"Thread and Needle":9,"Bottled Lightning":10,"Paper Crane":11,"Ring of the Snake":0},{"Sozu":0,"Shovel":4,"Strawberry":8,"Thread and Needle":4,"Bottled Lightning":5,"Paper Crane":5,"Ring of the Snake":0},{"Sozu":0,"Shovel":20,"Strawberry":36,"Thread and Needle":20,"Bottled Lightning":27,"Paper Crane":27,"Ring of the Snake":0}]},"card_choices":[{"not_picked":["Deadly Poison","Sucker Punch"],"picked":"Crippling Poison","floor":1},{"not_picked":["Deadly Poison","Distraction"],"picked":"Dagger Spray","floor":2},{"not_picked":["Cloak And Dagger","Dagger Spray"],"picked":"All Out Attack","floor":3},{"not_picked":["Prepared","Dagger Throw","Well Laid Plans"],"picked":"SKIP","floor":7},{"not_picked":["PiercingWail","Prepared"],"picked":"Corpse Explosion","floor":10},{"not_picked":["Flying Knee","PiercingWail"],"picked":"Blade Dance","floor":12},{"not_picked":["Deflect","Bane"],"picked":"Bouncing Flask","floor":13},{"not_picked":["Prepared","Backflip"],"picked":"Leg Sweep","floor":14}],"player_experience":503330,"relics_obtained":[{"floor":7,"key":"Shovel"},{"floor":9,"key":"Thread and Needle"},{"floor":10,"key":"Bottled Lightning"},{"floor":11,"key":"Paper Crane"},{"floor":14,"key":"Strawberry"}],"event_choices":[{"damage_healed":0,"gold_gain":50,"player_choice":"Touch","damage_taken":6,"max_hp_gain":0,"max_hp_loss":0,"event_name":"FaceTrader","floor":4,"gold_loss":0}],"is_beta":true,"boss_relics":[],"items_purged_floors":[],"is_endless":false,"potions_floor_spawned":[1,7,10,13],"killed_by":"Slime Boss","ascension_level":16}}