{"host":"gqhy17d1xpb1p3ki","time":1613059953,"event":{"mods":["2.2 Compatiblity","AchievementEnabler","BaseMod","Bestiary","BetterRewards","Colored Map","Colored Powertips","Conspire","Curses Come First","Custom Start","DeckTracker","Downfall","Duelist Mod","Hermit","Highlight Path","Hubris","Infinite Spire","Marisa????????","Minty Spire (QoL Compilation)","Quick Restart","Rare Cards Sparkle","Relic Stats","Remilia??????","Robot Space Explorer","Shop Mod","StSLib","Td1madao Mod","The Animator","The Bug Knight","The Cursed","The Disciple","The Hierophant","The Jungle","The Marked","The Mystic","The Necromancer","The Runesmith","The Senshi","The Servant 0.9.4","The Witch","TheBandit","WarShipGirlsR/????R mod","Yuri Mod","ojb\u0027s Info Mod"],"gold_per_floor":[113,126,126,126,144,144,173,27,51,51,51,68,68,86,86,182,182,197,210,210,12,23,23,23,23,23,23,42,42,42,57,57,57,57],"floor_reached":33,"language":"ENG","playtime":2437,"items_purged":["Strike_G"],"score":245,"play_id":"0498d7f5-1578-49d8-8f89-c8ecb3a8cc01","local_time":"20210211111233","is_ascension_mode":false,"campfire_choices":[{"data":"Doppelganger","floor":6,"key":"SMITH"},{"data":"Infinite Blades","floor":10,"key":"SMITH"},{"floor":13,"key":"REST"},{"data":"Flechettes","floor":15,"key":"SMITH"},{"data":"Envenom","floor":23,"key":"SMITH"},{"data":"Flechettes","floor":25,"key":"SMITH"},{"data":"Sucker Punch","floor":27,"key":"SMITH"},{"data":"Bane","floor":29,"key":"SMITH"},{"floor":32,"key":"REST"}],"circlet_count":0,"master_deck":["Strike_G","Strike_G","Strike_G","Defend_G","Defend_G","Defend_G","Defend_G","Defend_G","Survivor","Neutralize","Well Laid Plans+1","Doppelganger+1","hubris:TrickCloak","Crippling Poison","Flechettes+1","Infinite Blades+1","Deflect","Flechettes+1","Envenom+1","Sucker Punch+1","Acrobatics","Bane+1","Dash"],"relics":["Ring of the Snake","Orichalcum","infinitespire:Beetle Shell","hubris:ScarierMask","OrangePellets","Omamori"],"acts_visited":["Exordium","TheCity"],"potions_floor_usage":[7,7,33],"damage_taken":[{"damage":2,"enemies":"Jaw Worm","floor":1,"turns":6},{"damage":0,"enemies":"conspire:RoseBush","floor":2,"turns":4},{"damage":1,"enemies":"Cultist","floor":5,"turns":4},{"damage":30,"enemies":"Lagavulin","floor":7,"turns":10},{"damage":8,"enemies":"3 Louse","floor":12,"turns":4},{"damage":6,"enemies":"conspire:2 RoseBushes","floor":14,"turns":5},{"damage":22,"enemies":"Slime Boss","floor":16,"turns":11},{"damage":12,"enemies":"Shell Parasite","floor":18,"turns":5},{"damage":9,"enemies":"3 Byrds","floor":19,"turns":5},{"damage":2,"enemies":"3 Cultists","floor":22,"turns":5},{"damage":25,"enemies":"Snake Plant","floor":28,"turns":6},{"damage":14,"enemies":"Snecko","floor":31,"turns":5},{"damage":44,"enemies":"Collector","floor":33,"turns":9}],"seed_played":"-5992273859590632367","potions_obtained":[{"floor":2,"key":"Strength Potion"},{"floor":5,"key":"Weak Potion"},{"floor":16,"key":"LiquidBronze"},{"floor":19,"key":"PowerPotion"},{"floor":22,"key":"GamblersBrew"}],"is_trial":false,"path_per_floor":["M","M","?","?","M","R","E","$","T","R","?","M","R","M","R","B",null,"M","M","?","$","M","R","$","R","T","R","M","R","?","M","R","B"],"character_chosen":"THE_SILENT","items_purchased":["Infinite Blades","Acrobatics","OrangePellets"],"campfire_rested":2,"item_purchase_floors":[8,21,21],"current_hp_per_floor":[68,68,68,68,67,67,37,37,37,37,37,29,50,44,44,22,70,58,49,70,70,68,68,68,68,68,68,43,43,30,16,38,0,0],"gold":57,"neow_bonus":"THREE_CARDS","is_daily":false,"chose_seed":false,"campfire_upgraded":7,"win_rate":0.0,"timestamp":1613059953,"path_taken":["M","M","?","?","?","R","E","$","T","R","?","M","R","?","R","BOSS","M","?","?","$","?","R","?","R","T","R","M","R","?","M","R","BOSS"],"items_purchased_type":["Card","Card","Relic"],"build_version":"2020-12-22","purchased_purges":1,"victory":false,"max_hp_per_floor":[70,70,70,70,70,70,70,70,70,70,70,70,70,70,70,70,70,70,70,70,70,70,70,70,70,70,70,70,70,75,75,75,75,75],"relic_stats":{"OrangePellets":[5],"counters":[13,79],"Orichalcum":[186],"obtain_stats":[{"OrangePellets":21,"hubris:ScarierMask":17,"infinitespire:Beetle Shell":9,"Omamori":26,"Orichalcum":7,"Ring of the Snake":0},{"OrangePellets":9,"hubris:ScarierMask":7,"infinitespire:Beetle Shell":4,"Omamori":10,"Orichalcum":4,"Ring of the Snake":0},{"OrangePellets":54,"hubris:ScarierMask":44,"infinitespire:Beetle Shell":24,"Omamori":59,"Orichalcum":24,"Ring of the Snake":0}],"Ring of the Snake":[26]},"card_choices":[{"not_picked":["Finisher","Endless Agony"],"picked":"Well Laid Plans","floor":0},{"not_picked":["hubris:SlightOfHand","Backstab"],"picked":"Doppelganger","floor":1},{"not_picked":["Dagger Throw","conspire:PoisonWeapons"],"picked":"hubris:TrickCloak","floor":2},{"not_picked":["Poisoned Stab","Eviscerate"],"picked":"Crippling Poison","floor":5},{"not_picked":["Night Terror","Expertise"],"picked":"Flechettes","floor":7},{"not_picked":["Quick Slash","Masterful Stab"],"picked":"Deflect","floor":12},{"not_picked":["Poisoned Stab","Deadly Poison"],"picked":"Flechettes","floor":14},{"not_picked":["Venomology","Malaise"],"picked":"Envenom","floor":16},{"not_picked":["hubris:TrickCloak+1","Distraction","Underhanded Strike+1"],"picked":"SKIP","floor":18},{"not_picked":["Slice","Deflect"],"picked":"Sucker Punch","floor":19},{"not_picked":["Flying Knee","Expertise","Deflect+1"],"picked":"SKIP","floor":22},{"not_picked":["Eviscerate","Caltrops+1"],"picked":"Bane","floor":28},{"not_picked":["Distraction","Deadly Poison"],"picked":"Dash","floor":31}],"player_experience":508475,"relics_obtained":[{"floor":7,"key":"Orichalcum"},{"floor":9,"key":"infinitespire:Beetle Shell"},{"floor":26,"key":"Omamori"}],"event_choices":[{"cards_removed":["Strike_G"],"damage_healed":0,"gold_gain":0,"player_choice":"Purged","damage_taken":0,"max_hp_gain":0,"max_hp_loss":0,"event_name":"Purifier","floor":4,"gold_loss":0},{"damage_healed":0,"gold_gain":0,"player_choice":"Upgraded","damage_taken":0,"max_hp_gain":0,"max_hp_loss":0,"event_name":"Upgrade Shrine","floor":11,"gold_loss":0,"cards_upgraded":["Well Laid Plans"]},{"damage_healed":21,"gold_gain":0,"player_choice":"Full Heal","damage_taken":0,"max_hp_gain":0,"max_hp_loss":0,"event_name":"Wheel of Change","floor":20,"gold_loss":0},{"damage_healed":0,"gold_gain":0,"player_choice":"Shed Blood","damage_taken":18,"max_hp_gain":5,"max_hp_loss":0,"event_name":"Forgotten Altar","floor":30,"gold_loss":0}],"is_beta":false,"boss_relics":[{"not_picked":["conspire:SlowCooker","Fusion Hammer"],"picked":"hubris:ScarierMask"}],"items_purged_floors":[8],"is_endless":false,"potions_floor_spawned":[2,5,16,19,22],"killed_by":"Collector","ascension_level":0}}