{"host":"adi","time":1613061006,"event":{"mods":["AchievementEnabler","BaseMod","Bestiary","Colored Powertips","Minty Spire (QoL Compilation)","StSLib"],"gold_per_floor":[159,172,191,41,41,53,53,63,63,63,63,117,117,161,161,17,17,33,33,124,124,149,149,163,163,179,179,193,227,251,285,303,223,223,246,246,246,246],"floor_reached":37,"language":"ENG","playtime":1966,"items_purged":["Strike_R","Injury"],"score":510,"play_id":"5b296f3d-5916-4b4e-89c1-4c5a50accb1d","local_time":"20210211173006","is_ascension_mode":true,"campfire_choices":[{"data":"Intimidate","floor":7,"key":"SMITH"},{"data":"Entrench","floor":9,"key":"SMITH"},{"data":"Metallicize","floor":15,"key":"SMITH"},{"floor":19,"key":"REST"},{"floor":27,"key":"REST"},{"floor":34,"key":"REST"},{"floor":36,"key":"REST"}],"circlet_count":0,"master_deck":["AscendersBane","Strike_R","Strike_R","Strike_R","Defend_R+1","Defend_R","Defend_R+1","Defend_R+1","Bash","Hemokinesis","Havoc","Intimidate+1","Metallicize+1","Entrench+1","Metallicize","Uppercut","Body Slam","Immolate","Entrench+1","Warcry","Twin Strike","Disarm","True Grit","Rampage","Shockwave","Writhe","Inflame","Metallicize"],"relics":["Tiny House","Question Card","Regal Pillow","Golden Idol","Sundial","The Courier","Cursed Key","Darkstone Periapt","Bag of Preparation","Anchor"],"acts_visited":["Exordium","TheCity"],"potions_floor_usage":[14,20,24,29,31,32,37],"damage_taken":[{"damage":4,"enemies":"Small Slimes","floor":1,"turns":3},{"damage":8,"enemies":"Jaw Worm","floor":2,"turns":4},{"damage":10,"enemies":"2 Louse","floor":3,"turns":3},{"damage":3,"enemies":"Blue Slaver","floor":6,"turns":7},{"damage":10,"enemies":"Lots of Slimes","floor":8,"turns":7},{"damage":9,"enemies":"Lagavulin","floor":14,"turns":7},{"damage":5,"enemies":"Looter","floor":18,"turns":4},{"damage":46,"enemies":"Slime Boss","floor":20,"turns":19},{"damage":7,"enemies":"Shell Parasite","floor":22,"turns":6},{"damage":14,"enemies":"3 Byrds","floor":24,"turns":8},{"damage":26,"enemies":"Centurion and Healer","floor":26,"turns":8},{"damage":12,"enemies":"Snecko","floor":28,"turns":8},{"damage":21,"enemies":"Book of Stabbing","floor":29,"turns":8},{"damage":23,"enemies":"Slavers","floor":31,"turns":6},{"damage":2,"enemies":"Snake Plant","floor":32,"turns":5},{"damage":17,"enemies":"Sentry and Sphere","floor":35,"turns":8},{"damage":86,"enemies":"Automaton","floor":37,"turns":10}],"seed_played":"1398493445394414966","potions_obtained":[{"floor":0,"key":"Ancient Potion"},{"floor":1,"key":"SkillPotion"},{"floor":3,"key":"PowerPotion"},{"floor":14,"key":"Block Potion"},{"floor":24,"key":"SneckoOil"},{"floor":26,"key":"DuplicationPotion"},{"floor":29,"key":"BlessingOfTheForge"},{"floor":31,"key":"SpeedPotion"}],"is_trial":false,"path_per_floor":["M","M","M","$","?","M","R","M","R","?","T","T","?","E","R","$","?","M","R","B",null,"M","?","M","?","M","R","M","E","T","E","M","$","R","M","R","B"],"character_chosen":"IRONCLAD","items_purchased":["Metallicize","Metallicize","Uppercut"],"campfire_rested":4,"item_purchase_floors":[4,16,16],"current_hp_per_floor":[73,65,55,55,38,35,35,25,25,53,53,53,53,44,44,44,37,32,72,26,70,63,63,49,49,23,63,51,30,36,13,11,11,53,36,78,0,0],"gold":246,"neow_bonus":"BOSS_RELIC","is_daily":false,"chose_seed":false,"campfire_upgraded":3,"win_rate":0.0,"timestamp":1613061006,"path_taken":["M","M","M","$","?","M","R","M","R","?","T","T","?","E","R","$","?","M","R","BOSS","M","?","M","?","M","R","?","E","T","E","M","$","R","M","R","BOSS"],"items_purchased_type":["Card","Card","Card"],"build_version":"2020-12-18","purchased_purges":2,"victory":false,"max_hp_per_floor":[85,85,85,85,85,85,85,85,85,85,85,85,85,85,85,85,85,85,85,85,85,85,85,85,85,85,85,85,85,91,91,91,91,91,91,91,91,91],"card_choices":[{"not_picked":["Pommel Strike","Burning Pact"],"picked":"Hemokinesis","floor":0},{"not_picked":["Dark Embrace","Wild Strike","Burning Pact"],"picked":"SKIP","floor":1},{"not_picked":["Bloodletting","Heavy Blade"],"picked":"Havoc","floor":2},{"not_picked":["Sword Boomerang","Body Slam"],"picked":"Intimidate","floor":3},{"not_picked":["Thunderclap","Heavy Blade","Wild Strike"],"picked":"SKIP","floor":6},{"not_picked":["Reckless Charge","Sever Soul"],"picked":"Entrench","floor":8},{"not_picked":["Pommel Strike","Sword Boomerang","Evolve","Rage"],"picked":"SKIP","floor":14},{"not_picked":["Headbutt","Havoc","Thunderclap"],"picked":"Body Slam","floor":18},{"not_picked":["Exhume","Brutality","Corruption"],"picked":"Immolate","floor":20},{"not_picked":["Warcry","Disarm","Clothesline"],"picked":"Entrench+1","floor":22},{"not_picked":["Pummel","Cleave","Warcry"],"picked":"Twin Strike","floor":24},{"not_picked":["Ghostly Armor","Pummel","Anger"],"picked":"True Grit","floor":26},{"not_picked":["True Grit","Heavy Blade","Thunderclap"],"picked":"Rampage","floor":28},{"not_picked":["Rage","Shrug It Off","Brutality"],"picked":"Shockwave","floor":29},{"not_picked":["Searing Blow+1","Whirlwind","Heavy Blade"],"picked":"Inflame","floor":31},{"not_picked":["Sword Boomerang","Clothesline","Carnage","Heavy Blade+1"],"picked":"SKIP","floor":32},{"not_picked":["Armaments","Combust+1","Searing Blow"],"picked":"Metallicize","floor":35}],"player_experience":404355,"relics_obtained":[{"floor":11,"key":"Question Card"},{"floor":12,"key":"Regal Pillow"},{"floor":14,"key":"Sundial"},{"floor":29,"key":"Darkstone Periapt"},{"floor":30,"key":"Bag of Preparation"},{"floor":31,"key":"Anchor"}],"event_choices":[{"damage_healed":0,"gold_gain":0,"player_choice":"Entered Light","damage_taken":17,"max_hp_gain":0,"max_hp_loss":0,"event_name":"Shining Light","floor":5,"gold_loss":0,"cards_upgraded":["Defend_R","Defend_R"]},{"damage_healed":28,"gold_gain":0,"player_choice":"Banana","damage_taken":0,"max_hp_gain":0,"max_hp_loss":0,"event_name":"Big Fish","floor":10,"gold_loss":0},{"damage_healed":0,"gold_gain":0,"player_choice":"Take Wound","damage_taken":0,"relics_obtained":["Golden Idol"],"max_hp_gain":0,"max_hp_loss":0,"event_name":"Golden Idol","floor":13,"gold_loss":0,"cards_obtained":["Injury"]},{"damage_healed":0,"gold_gain":0,"player_choice":"Success","damage_taken":7,"relics_obtained":["The Courier"],"max_hp_gain":0,"max_hp_loss":0,"event_name":"Scrap Ooze","floor":17,"gold_loss":0},{"damage_healed":0,"gold_gain":0,"player_choice":"Read","damage_taken":0,"max_hp_gain":0,"max_hp_loss":0,"event_name":"The Library","floor":23,"gold_loss":0,"cards_obtained":["Warcry"]},{"damage_healed":0,"gold_gain":0,"cards_transformed":["Strike_R"],"player_choice":"Transformed","damage_taken":0,"max_hp_gain":0,"max_hp_loss":0,"event_name":"Transmorgrifier","floor":25,"gold_loss":0,"cards_obtained":["Disarm"]}],"is_beta":true,"boss_relics":[{"not_picked":["SacredBark","Astrolabe"],"picked":"Cursed Key"}],"items_purged_floors":[4,33],"is_endless":false,"potions_floor_spawned":[1,2,3,14,24,26,29,31],"killed_by":"Automaton","ascension_level":13}}