{"host":"l017gercouzhorma","time":1613026863,"event":{"mods":["AchievementEnabler","Aspiration","BaseMod","Challenge The Spire","Conspire","Downfall","Halation","Hermit","Hubris","Infinite Spire","Jorbs\u0027s Wanderer Trilogy","Mad Scientist","Marisa????????","Mimic Mod","Minty Spire (QoL Compilation)","Random Character Button","Rare Cards Sparkle","Relic Stats","Replay The Spire","Shade Mod","StSLib","The Cursed","The Disciple","The Hierophant","The Jungle","The Runesmith","The Servant 0.9.4"],"gold_per_floor":[112,125,145,157,157,188,199,218,258,287,305,322,322,335,335,439,439,457,446,456,456,456],"floor_reached":21,"language":"ENG","playtime":2239,"items_purged":[],"score":199,"play_id":"6851c2e0-88cb-443c-b2ec-2f5ca5cc0202","local_time":"20210211000103","is_ascension_mode":false,"campfire_choices":[{"data":"Shade:StitchTogether","floor":13,"key":"SMITH"},{"data":"Shade:Premonition","floor":15,"key":"SMITH"}],"circlet_count":0,"master_deck":["Shade:Strike_Shade","Shade:Strike_Shade","Shade:Strike_Shade","Shade:Defend_Shade","Shade:Defend_Shade","Shade:Defend_Shade","Shade:AnimateDead","Shade:CarefulCut","Shade:Premonition+1","Shade:GraveStillness","Shade:FleshToFlesh","Shade:GoDigging","Pot Of Greed","Pot Of Greed","Shade:RavenousHorde","Shade:StitchTogether+1","Shade:Trample","Shade:FleshOffering","Shade:SoulToxin","Shade:Carnophage","Shade:GreaterAnimation","Shade:Coordination+1","Shade:ExtraLimbs+1","Shade:Tombstone+1","Pot Of Greed","Shade:Excise","Shade:CallOfTheGrave"],"relics":["Shade:YorickSkull","Grinning Jar","conspire:TopHat","halation:BottledLove","Astrolabe"],"acts_visited":["Exordium","TheCity"],"potions_floor_usage":[20,20],"damage_taken":[{"damage":2.0,"enemies":"conspire:RoseBush","floor":1.0,"turns":3.0},{"damage":6.0,"enemies":"Jaw Worm","floor":2.0,"turns":2.0},{"damage":0.0,"enemies":"2 Louse","floor":3.0,"turns":3.0},{"damage":0.0,"enemies":"Gremlin Gang","floor":4.0,"turns":7.0},{"damage":16.0,"enemies":"Lagavulin","floor":6.0,"turns":7.0},{"damage":2.0,"enemies":"Looter","floor":7.0,"turns":4.0},{"damage":2.0,"enemies":"Blue Slaver","floor":8.0,"turns":4.0},{"damage":6.0,"enemies":"Gremlin Gang","floor":9.0,"turns":9.0},{"damage":7.0,"enemies":"3 Sentries","floor":10.0,"turns":12.0},{"damage":2,"enemies":"Gremlin Gang","floor":11,"turns":3},{"damage":0,"enemies":"3 Louse","floor":12,"turns":2},{"damage":0,"enemies":"Red Slaver","floor":14,"turns":3},{"damage":18,"enemies":"Hexaghost","floor":16,"turns":11},{"damage":16,"enemies":"3 Byrds","floor":18,"turns":6},{"damage":11,"enemies":"2 Thieves","floor":19,"turns":4},{"damage":12,"enemies":"Snecko","floor":20,"turns":6},{"damage":51,"enemies":"3 Cultists","floor":21,"turns":7}],"seed_played":"7938422718045315873","potions_obtained":[{"floor":1.0,"key":"SteroidPotion"},{"floor":2.0,"key":"Cursed Concoction"},{"floor":3.0,"key":"BlessingOfTheForge"},{"floor":6.0,"key":"Milkshake"},{"floor":8.0,"key":"AttackPotion"},{"floor":11,"key":"SmokeBomb"},{"floor":18,"key":"Milkshake"},{"floor":19,"key":"Regen Potion"}],"is_trial":false,"path_per_floor":["M","M","M","M","?","E","M","M","MIM","E","M","M","R","M","R","B",null,"M","M","M","M"],"character_chosen":"SHADE","items_purchased":[],"campfire_rested":0,"item_purchase_floors":[],"current_hp_per_floor":[63,57,57,57,57,41,39,44,45,45,43,43,43,43,43,35,65,58,47,60,9,9],"gold":456,"neow_bonus":"ONE_RANDOM_RARE_CARD","is_daily":false,"chose_seed":false,"campfire_upgraded":2,"win_rate":0.0,"timestamp":1613026863,"path_taken":["M","M","M","?","?","E","M","M","MIM","E","M","M","R","M","R","BOSS","M","M","M","?"],"items_purchased_type":[],"build_version":"2020-12-22","purchased_purges":0,"victory":false,"max_hp_per_floor":[65,65,65,65,65,65,65,65,65,65,65,65,65,65,65,65,65,65,65,65,65,65],"relic_stats":{"counters":[17,90],"Astrolabe":["Shade:Coordination","Shade:ExtraLimbs","Shade:Tombstone"],"obtain_stats":[{"Shade:YorickSkull":0,"halation:BottledLove":10,"Astrolabe":17,"Grinning Jar":6,"conspire:TopHat":9},{"Shade:YorickSkull":0,"halation:BottledLove":9,"Astrolabe":13,"Grinning Jar":5,"conspire:TopHat":8},{"Shade:YorickSkull":0,"halation:BottledLove":51,"Astrolabe":68,"Grinning Jar":22,"conspire:TopHat":39}]},"card_choices":[{"not_picked":["Shade:GreyBargain","Shade:AncientSpear"],"picked":"Shade:Premonition","floor":1.0},{"not_picked":["Shade:PotionOfRestlessness","Shade:Bonestorm"],"picked":"Shade:GraveStillness","floor":2.0},{"not_picked":["Shade:CommandSoldier","Shade:FuneraryArmor"],"picked":"Shade:FleshToFlesh","floor":3.0},{"not_picked":["Shade:Frenzy","Shade:SkeletonHug"],"picked":"Shade:GoDigging","floor":4.0},{"not_picked":["Shade:ExtraLimbs","Shade:OneIsEnough"],"picked":"Shade:RavenousHorde","floor":6.0},{"not_picked":["Shade:Awaken","Shade:Haruspicy"],"picked":"Shade:StitchTogether","floor":7.0},{"not_picked":["Shade:FuneraryJewels","Shade:PotionOfRestlessness"],"picked":"Shade:Trample","floor":8.0},{"not_picked":["Shade:FuneraryArmor","Shade:DangerousRitual"],"picked":"Shade:FingerOfDeath","floor":9.0},{"not_picked":["Shade:GraveStillness","Shade:SkeletonArmy"],"picked":"Shade:FleshOffering","floor":10},{"not_picked":["Shade:DangerousRitual","Shade:FuneraryJewels"],"picked":"Shade:SoulToxin","floor":11},{"not_picked":["Shade:AncientSpear","Shade:ExtraLimbs","Shade:Trample"],"picked":"SKIP","floor":12},{"not_picked":["Shade:Doomsay","Shade:RitualOffering"],"picked":"Shade:Carnophage","floor":14},{"not_picked":["Shade:LoseControl","Shade:DarkOfNight"],"picked":"Shade:GreaterAnimation","floor":16},{"not_picked":["Shade:FleshToFlesh+1","Shade:FeralStrike"],"picked":"Shade:Excise","floor":18},{"not_picked":["Shade:ClawBack+1","Shade:FleshLikeOak"],"picked":"Shade:CallOfTheGrave","floor":19},{"not_picked":["Shade:FleshToFlesh","Shade:Haruspicy","Shade:GoDigging"],"picked":"SKIP","floor":20}],"player_experience":838628,"relics_obtained":[{"floor":6.0,"key":"Grinning Jar"},{"floor":9.0,"key":"conspire:TopHat"},{"floor":10,"key":"halation:BottledLove"}],"event_choices":[],"is_beta":false,"boss_relics":[{"not_picked":["Tiny House","halation:Yufonium"],"picked":"Astrolabe"}],"items_purged_floors":[],"is_endless":false,"potions_floor_spawned":[1,2,3,6,8,11,18,19],"killed_by":"3 Cultists","ascension_level":0}}