{"host":"xm0tf1maiknh0fp9","time":1613013919,"event":{"mods":["BaseMod","Colored Map","Colored Powertips","Googly Eyes","Minty Spire (QoL Compilation)","Replay The Spire","StSLib"],"gold_per_floor":[11,27,27,43,61,93,93,146,146,71,87,103,103,122,122,225,225,240,251,265,277,177,209,209,229,254,169,179,179,192,117,117,217,217,231,248,248,0,0,0,0,0,0,18,34,34,53,53,53,53],"floor_reached":51,"language":"ENG","playtime":1177,"items_purged":["Strike_P","Strike_P"],"score":762,"play_id":"061a4f07-e659-45ac-b8b1-67fdaf06047e","local_time":"20210210222519","is_ascension_mode":true,"campfire_choices":[{"floor":13.0,"key":"REST"},{"data":"WreathOfFlame","floor":15.0,"key":"SMITH"},{"floor":24.0,"key":"REST"},{"floor":29.0,"key":"REST"},{"data":"Tantrum","floor":32.0,"key":"SMITH"},{"data":"Ragnarok","floor":40.0,"key":"SMITH"},{"data":"FollowUp","floor":42.0,"key":"SMITH"},{"data":"Eruption","floor":46.0,"key":"SMITH"},{"data":"Defend_P","floor":49.0,"key":"SMITH"}],"circlet_count":0,"master_deck":["Strike_P+1","Strike_P+1","Defend_P+1","Defend_P","Defend_P","Eruption+1","FearNoEvil","FollowUp+1","WreathOfFlame+1","FollowUp+1","Tantrum+1","Ragnarok+1"],"relics":["PureWater","Gambling Chip","Onion Ring","Whetstone","Replay:Accelerometer","Painkiller Herb","Bag of Marbles","Pen Nib","TeardropLocket","ReplayTheSpireMod:DimensionalGlitch","Red Mask"],"acts_visited":["Exordium","TheCity","TheBeyond"],"potions_floor_usage":[50],"damage_taken":[{"damage":0.0,"enemies":"Cultist","floor":1.0,"turns":3.0},{"damage":0.0,"enemies":"Small Slimes","floor":2.0,"turns":2.0},{"damage":0.0,"enemies":"Jaw Worm","floor":4.0,"turns":3.0},{"damage":0.0,"enemies":"Exordium Wildlife","floor":5.0,"turns":2.0},{"damage":45.0,"enemies":"Replay:BlueRogue","floor":6.0,"turns":4.0},{"damage":1.0,"enemies":"Lots of Slimes","floor":11.0,"turns":3.0},{"damage":0.0,"enemies":"3 Louse","floor":12.0,"turns":1.0},{"damage":0.0,"enemies":"Looter","floor":14.0,"turns":1.0},{"damage":0.0,"enemies":"Slime Boss","floor":16.0,"turns":2.0},{"damage":18.0,"enemies":"Shell Parasite","floor":18.0,"turns":4.0},{"damage":6.0,"enemies":"3 Byrds","floor":19.0,"turns":3.0},{"damage":14.0,"enemies":"Cultist and Chosen","floor":20.0,"turns":3.0},{"damage":9.0,"enemies":"Centurion and Healer","floor":21.0,"turns":4.0},{"damage":0.0,"enemies":"Book of Stabbing","floor":23.0,"turns":2.0},{"damage":0.0,"enemies":"Chosen and Byrds","floor":25.0,"turns":2.0},{"damage":0.0,"enemies":"3 Cultists","floor":28.0,"turns":2.0},{"damage":0.0,"enemies":"Sentry and Sphere","floor":30.0,"turns":1.0},{"damage":33.0,"enemies":"Automaton","floor":33.0,"turns":4.0},{"damage":0.0,"enemies":"Orb Walker","floor":35.0,"turns":1.0},{"damage":0.0,"enemies":"3 Darklings","floor":36.0,"turns":1.0},{"damage":0.0,"enemies":"Jaw Worm Horde","floor":44.0,"turns":1.0},{"damage":0.0,"enemies":"Sphere and 2 Shapes","floor":45.0,"turns":2.0},{"damage":0.0,"enemies":"Spire Growth","floor":47.0,"turns":1.0},{"damage":50,"enemies":"Replay:Hell Engine","floor":50,"turns":3}],"seed_played":"1543355577611713840","potions_obtained":[{"floor":2.0,"key":"Block Potion"},{"floor":5.0,"key":"Dexterity Potion"},{"floor":12.0,"key":"Elixir"},{"floor":14.0,"key":"BlessingOfTheForge"},{"floor":16.0,"key":"StancePotion"},{"floor":23.0,"key":"Reflective Coating"},{"floor":25.0,"key":"Milkshake"},{"floor":28.0,"key":"Explosive Potion"},{"floor":33.0,"key":"SmokeBomb"},{"floor":39.0,"key":"Fire Potion"}],"is_trial":false,"path_per_floor":["M","M","$","M","M","E","?","T","T","$","M","M","R","M","R","B",null,"?","?","?","?","T","E","T","?","T","?","?","T","?","?","T","B",null,"?","?","?","?","?","T","T","T","T","?","?","T","?","T","T","B",null],"character_chosen":"WATCHER","items_purchased":[],"campfire_rested":3,"item_purchase_floors":[],"current_hp_per_floor":[65,65,65,65,65,20,20,20,20,20,19,19,40,40,40,40,64,46,40,26,17,17,17,38,38,38,38,38,59,59,59,59,26,61,61,61,61,61,61,61,61,61,61,61,61,61,61,61,61,11],"gold":53,"neow_bonus":"ONE_RARE_RELIC","is_daily":false,"chose_seed":false,"campfire_upgraded":6,"win_rate":0.0,"timestamp":1613013919,"path_taken":["M","M","$","?","M","E","?","?","T","?","M","M","R","M","R","BOSS","?","?","?","?","?","E","T","?","T","?","?","T","?","?","T","BOSS","?","?","?","?","?","T","T","T","T","?","?","T","?","T","T","BOSS"],"items_purchased_type":[],"build_version":"2020-12-22","purchased_purges":2,"victory":true,"max_hp_per_floor":[72,72,72,72,72,72,72,72,72,72,72,72,72,72,72,72,72,72,72,72,72,72,72,72,72,72,72,72,72,72,72,72,72,72,72,72,72,72,72,72,72,72,72,72,72,72,72,72,72,72],"card_choices":[{"not_picked":["Replay:AtTheReady","Replay:ManipulateFuture","Swivel"],"picked":"SKIP","floor":1.0},{"not_picked":["FollowUp","Meditate","Protect"],"picked":"SKIP","floor":2.0},{"not_picked":["Replay:Hum","Replay:Anticipation"],"picked":"FearNoEvil","floor":4.0},{"not_picked":["Replay:Cycle","JustLucky"],"picked":"FollowUp","floor":5.0},{"not_picked":["EmptyFist","JustLucky"],"picked":"WreathOfFlame","floor":6.0},{"not_picked":["Halt","Fasting2"],"picked":"Tantrum","floor":11.0},{"not_picked":["ClearTheMind","Protect","EmptyFist"],"picked":"SKIP","floor":12.0},{"not_picked":["MentalFortress","Evaluate","ForeignInfluence"],"picked":"SKIP","floor":14.0},{"not_picked":["FlyingSleeves+1","Swivel","CrushJoints"],"picked":"SKIP","floor":18.0},{"not_picked":["Sanctity","FlyingSleeves","Replay:AtTheReady"],"picked":"SKIP","floor":19.0},{"not_picked":["Sanctity","EmptyBody","SashWhip"],"picked":"SKIP","floor":20.0},{"not_picked":["Prostrate+1","ReachHeaven","Fasting2+1"],"picked":"SKIP","floor":21.0},{"not_picked":["Conclude","PathToVictory","EmptyBody+1"],"picked":"SKIP","floor":23.0},{"not_picked":["Replay:ManipulateFuture","SashWhip+1","Swivel+1"],"picked":"SKIP","floor":25.0},{"not_picked":["WaveOfTheHand+1","Swivel","Protect+1"],"picked":"SKIP","floor":28.0},{"not_picked":["Meditate","Replay:Cycle","FlurryOfBlows"],"picked":"SKIP","floor":30.0},{"not_picked":["Establishment","Omniscience"],"picked":"Ragnarok","floor":33.0},{"not_picked":["Replay:AtTheReady+1","CrushJoints","ClearTheMind+1"],"picked":"SKIP","floor":35.0},{"not_picked":["Prostrate+1","Protect+1","ForeignInfluence"],"picked":"SKIP","floor":36.0},{"not_picked":["Weave+1","Consecrate+1","Pray"],"picked":"SKIP","floor":44.0},{"not_picked":["Replay:Battleflow","Replay:Vibes+1","PathToVictory"],"picked":"SKIP","floor":45.0},{"not_picked":["Replay:Hum+1","Tantrum+1","FlurryOfBlows+1"],"picked":"SKIP","floor":47.0}],"player_experience":178747,"relics_obtained":[{"floor":6.0,"key":"Onion Ring"},{"floor":8.0,"key":"Whetstone"},{"floor":9.0,"key":"Replay:Accelerometer"},{"floor":23.0,"key":"Bag of Marbles"},{"floor":26.0,"key":"Pen Nib"}],"event_choices":[{"damage_healed":0.0,"max_hp_gain":0.0,"max_hp_loss":0.0,"gold_gain":0.0,"event_name":"Addict","player_choice":"Obtained Relic","floor":27.0,"gold_loss":85.0,"damage_taken":0.0,"relics_obtained":["TeardropLocket"]},{"cards_removed":["Defend_P"],"damage_healed":0.0,"max_hp_gain":0.0,"max_hp_loss":0.0,"gold_gain":0.0,"event_name":"Beggar","player_choice":"Gave Gold","floor":31.0,"gold_loss":75.0,"damage_taken":0.0},{"damage_healed":0.0,"max_hp_gain":0.0,"max_hp_loss":0.0,"gold_gain":0.0,"event_name":"Tomb of Lord Red Mask","player_choice":"Paid","floor":38.0,"gold_loss":248.0,"damage_taken":0.0,"relics_obtained":["Red Mask"]},{"damage_healed":0.0,"max_hp_gain":0.0,"max_hp_loss":0.0,"gold_gain":0.0,"event_name":"Lab","player_choice":"Got Potions","floor":39.0,"gold_loss":0.0,"damage_taken":0.0}],"is_beta":false,"boss_relics":[{"not_picked":["Fusion Hammer","Abe\u0027s Treasure"],"picked":"Painkiller Herb"},{"not_picked":["Runic Pyramid","Coffee Dripper"],"picked":"ReplayTheSpireMod:DimensionalGlitch"}],"items_purged_floors":[10,22],"is_endless":false,"potions_floor_spawned":[2,5,12,14,16,20,23,25,28,33,44,45],"ascension_level":6}}