{"host":"bzq0skgbben6khkk","time":1613027812,"event":{"mods":["Act Like it!","Arknights","BaseMod","Minty Spire (QoL Compilation)","StSLib","Swap Starting Deck Mod"],"gold_per_floor":[113,126,51,51,51,84,84,96,96,111,111,111,138,150,150,150,150],"floor_reached":16,"language":"ZHS","playtime":450,"items_purged":["ats:Strike V"],"score":135,"play_id":"cf026fce-eee6-40f6-8060-dd61201bc00e","local_time":"20210211151652","is_ascension_mode":false,"campfire_choices":[{"data":"ats:Emotion Absorption","floor":7,"key":"SMITH"},{"data":"ats:Burning Ground","floor":11,"key":"SMITH"},{"data":"ats:Very Hot Blade","floor":15,"key":"SMITH"}],"circlet_count":0,"master_deck":["ats:Strike C","ats:Strike G","ats:Strike S","ats:Armor Crushing Shot","ats:Defend","ats:Defend","ats:Defend+1","ats:Defend+1","ats:Emotion Absorption+1","ats:Leaping Hammer","ats:Burning Ground+1","ats:Very Hot Blade+1","ats:Song Of Battle","ats:Volcano"],"relics":["ats:Sanity","NeowsBlessing","Nunchaku","ats:Originium","Eternal Feather","War Paint"],"acts_visited":["Exordium"],"potions_floor_usage":[],"damage_taken":[{"damage":0.0,"enemies":"Cultist","floor":1.0,"turns":1.0},{"damage":0.0,"enemies":"Jaw Worm","floor":2.0,"turns":1.0},{"damage":0.0,"enemies":"Lagavulin","floor":6.0,"turns":1.0},{"damage":5,"enemies":"Small Slimes","floor":8,"turns":2},{"damage":15,"enemies":"Exordium Thugs","floor":10,"turns":4},{"damage":16,"enemies":"Gremlin Nob","floor":13,"turns":3},{"damage":4,"enemies":"Gremlin Gang","floor":14,"turns":3},{"damage":46,"enemies":"Hexaghost","floor":16,"turns":9}],"seed_played":"8432521836645522887","potions_obtained":[{"floor":1.0,"key":"AttackPotion"},{"floor":10,"key":"AttackPotion"},{"floor":13,"key":"Strength Potion"},{"floor":14,"key":"ats:Burn Big Potion"}],"is_trial":false,"path_per_floor":["M","M","$","$","?","E","R","M","T","M","R","?","E","M","R","B"],"character_chosen":"DOCTOR_CLASS","items_purchased":[],"campfire_rested":0,"item_purchase_floors":[],"current_hp_per_floor":[72,72,72,72,72,72,72,67,67,52,58,58,42,38,44,0,0],"gold":150,"neow_bonus":"THREE_ENEMY_KILL","is_daily":false,"chose_seed":false,"campfire_upgraded":3,"win_rate":0.0,"timestamp":1613027812,"path_taken":["M","M","?","$","?","E","R","?","T","M","R","?","E","M","R","BOSS"],"items_purchased_type":[],"build_version":"2020-12-22","purchased_purges":1,"victory":false,"max_hp_per_floor":[72,72,72,72,72,72,72,72,72,72,72,72,72,72,72,72,72],"card_choices":[{"not_picked":["ats:Ignite","ats:Curse Doll"],"picked":"ats:Leaping Hammer","floor":1.0},{"not_picked":["ats:Very Hot Blade","ats:Serious Mode"],"picked":"ats:Burning Ground","floor":2.0},{"not_picked":["ats:Explosion Area Strengthen","ats:Shadow Assault"],"picked":"ats:Very Hot Blade","floor":6.0},{"not_picked":["ats:Powerful Strike","ats:Soul Absorption","ats:Flexible Camouflage"],"picked":"SKIP","floor":8},{"not_picked":["ats:Curse Doll","ats:Counter Healing Mode","ats:Absolute Focus"],"picked":"SKIP","floor":10},{"not_picked":["ats:Revitalization","ats:Phantom"],"picked":"ats:Song Of Battle","floor":13},{"not_picked":["ats:Spore Proliferation","ats:Shell Defense"],"picked":"ats:Volcano","floor":14}],"player_experience":465461,"relics_obtained":[{"floor":6.0,"key":"ats:Originium"},{"floor":6.0,"key":"Eternal Feather"},{"floor":13,"key":"ats:Originium"},{"floor":13,"key":"War Paint"}],"event_choices":[{"damage_healed":0.0,"max_hp_gain":0.0,"max_hp_loss":0.0,"gold_gain":0.0,"event_name":"WeMeetAgain","player_choice":"Gave Potion","floor":5.0,"gold_loss":0.0,"damage_taken":0.0,"relics_obtained":["Nunchaku"]},{"damage_healed":0,"gold_gain":0,"player_choice":"Ignored","damage_taken":0,"max_hp_gain":0,"max_hp_loss":0,"event_name":"Liars Game","floor":12,"gold_loss":0}],"is_beta":false,"boss_relics":[],"items_purged_floors":[3],"is_endless":false,"potions_floor_spawned":[1,10,13,14],"killed_by":"Hexaghost","ascension_level":0}}