{"host":"31s8hzukbhz1k6i6","time":1613083056,"event":{"mods":["AchievementEnabler","BaseMod","Bestiary","Colored Map","Filter the Spire","Minty Spire (QoL Compilation)","Relic Stats"],"gold_per_floor":[109,109,120,140,140,140,173,173,173,204,204,204,225,264,264,357,357,372,372,153,174,188,231,265,303,303,328,364,364,364,397,397,490,490,505,530,550,569,585,629,649,376,376,399,418,431,115,115,115,115,115,115],"floor_reached":51,"language":"ENG","playtime":4378,"items_purged":["Strike_G","Strike_G","Strike_G"],"score":1558,"play_id":"0d084cfd-db9b-4148-9baa-bbfcf6da7e97","local_time":"20210211143736","is_ascension_mode":true,"campfire_choices":[{"data":"Eviscerate","floor":6.0,"key":"SMITH"},{"data":"The Bomb","floor":8.0,"key":"SMITH"},{"data":"Leg Sweep","floor":11.0,"key":"SMITH"},{"data":"Glass Knife","floor":15.0,"key":"SMITH"},{"data":"Expertise","floor":30,"key":"SMITH"},{"data":"Burst","floor":32,"key":"SMITH"},{"floor":49,"key":"RECALL"}],"circlet_count":0,"master_deck":["AscendersBane","Strike_G","Defend_G","Defend_G","Defend_G","Defend_G","Defend_G","Survivor","Neutralize","The Bomb+1","Eviscerate+1","Leg Sweep+1","Masterful Stab","Grand Finale","Glass Knife+1","Adrenaline+1","PanicButton","Burst+1","Crippling Poison+1","Expertise+1","Blur","Burst","Die Die Die","Backflip","Leg Sweep","Blur+1","Backflip+1","Acrobatics","Acrobatics","Well Laid Plans+1"],"relics":["Ring of the Snake","Potion Belt","Frozen Egg 2","Bottled Lightning","Golden Idol","Eternal Feather","Philosopher\u0027s Stone","CultistMask","Paper Crane","Red Mask","Vajra","TungstenRod","Mercury Hourglass","Akabeko","Velvet Choker","Happy Flower","Frozen Eye","Meat on the Bone","Toy Ornithopter"],"acts_visited":["Exordium","TheCity","TheBeyond"],"potions_floor_usage":[40,40,40,40,40,46,50,50,50,50,51,51,51],"damage_taken":[{"damage":10.0,"enemies":"Cultist","floor":1.0,"turns":5.0},{"damage":8.0,"enemies":"Small Slimes","floor":3.0,"turns":4.0},{"damage":1.0,"enemies":"2 Louse","floor":4.0,"turns":3.0},{"damage":3.0,"enemies":"3 Sentries","floor":7.0,"turns":5.0},{"damage":10.0,"enemies":"Lagavulin","floor":10.0,"turns":6.0},{"damage":1.0,"enemies":"Red Slaver","floor":13.0,"turns":3.0},{"damage":2.0,"enemies":"3 Sentries","floor":14.0,"turns":3.0},{"damage":19.0,"enemies":"The Guardian","floor":16.0,"turns":11.0},{"damage":0.0,"enemies":"Spheric Guardian","floor":18.0,"turns":3.0},{"damage":0.0,"enemies":"3 Byrds","floor":21.0,"turns":3.0},{"damage":2.0,"enemies":"Shelled Parasite and Fungi","floor":22.0,"turns":3.0},{"damage":7.0,"enemies":"Book of Stabbing","floor":23.0,"turns":5.0},{"damage":0.0,"enemies":"Masked Bandits","floor":24.0,"turns":3.0},{"damage":11,"enemies":"Slavers","floor":25,"turns":3},{"damage":0,"enemies":"Cultist and Chosen","floor":27,"turns":3},{"damage":0,"enemies":"Gremlin Leader","floor":28,"turns":4},{"damage":0,"enemies":"Slavers","floor":31,"turns":3},{"damage":10,"enemies":"Automaton","floor":33,"turns":9},{"damage":0,"enemies":"Orb Walker","floor":35,"turns":3},{"damage":0,"enemies":"3 Shapes","floor":36,"turns":3},{"damage":10,"enemies":"Maw","floor":37,"turns":8},{"damage":0,"enemies":"Writhing Mass","floor":38,"turns":4},{"damage":0,"enemies":"Spire Growth","floor":39,"turns":4},{"damage":19,"enemies":"Nemesis","floor":40,"turns":7},{"damage":0,"enemies":"Sphere and 2 Shapes","floor":41,"turns":3},{"damage":0,"enemies":"4 Shapes","floor":44,"turns":3},{"damage":9,"enemies":"Spire Growth","floor":45,"turns":4},{"damage":2,"enemies":"Jaw Worm Horde","floor":46,"turns":3},{"damage":23,"enemies":"Donu and Deca","floor":50,"turns":10},{"damage":61,"enemies":"Time Eater","floor":51,"turns":14}],"seed_played":"4694400909853891381","potions_obtained":[{"floor":1.0,"key":"Fire Potion"},{"floor":3.0,"key":"Strength Potion"},{"floor":13.0,"key":"CunningPotion"},{"floor":16.0,"key":"LiquidBronze"},{"floor":21.0,"key":"BlessingOfTheForge"},{"floor":24.0,"key":"CunningPotion"},{"floor":27,"key":"Strength Potion"},{"floor":28,"key":"SpeedPotion"},{"floor":31,"key":"EntropicBrew"},{"floor":37,"key":"Fire Potion"},{"floor":40,"key":"BlessingOfTheForge"}],"is_trial":false,"path_per_floor":["M","T","M","M","?","R","E","R","T","E","R","?","M","E","R","B",null,"M","?","$","M","M","E","?","E","T","M","E","?","R","E","R","B",null,"M","M","M","M","M","E","M","$","T","M","M","M","$","?","R","B","B"],"character_chosen":"THE_SILENT","items_purchased":["PanicButton","Block Potion","Frozen Eye","Well Laid Plans+1","EntropicBrew"],"campfire_rested":0,"item_purchase_floors":[20,20,42,47,47],"current_hp_per_floor":[49,49,41,40,33,33,30,30,30,20,20,20,19,17,26,7,42,42,42,42,42,40,33,33,22,22,22,22,22,34,34,46,36,50,50,50,40,40,40,21,21,21,21,33,36,34,34,34,52,31,0,0],"gold":115,"neow_bonus":"RANDOM_COLORLESS_2","is_daily":false,"chose_seed":false,"campfire_upgraded":6,"win_rate":0.0,"timestamp":1613083056,"path_taken":["M","?","M","M","?","R","E","R","T","E","R","?","M","E","R","BOSS","M","?","$","?","?","E","?","E","T","M","E","?","R","E","R","BOSS","M","M","M","M","M","E","M","$","T","M","M","?","$","?","R","BOSS","BOSS"],"items_purchased_type":["Card","Potion","Relic","Card","Potion"],"build_version":"2020-12-22","purchased_purges":3,"victory":false,"max_hp_per_floor":[60,60,60,60,60,60,60,60,60,60,60,54,54,54,54,54,54,54,54,54,54,54,54,54,54,54,54,54,54,54,54,54,54,54,54,54,54,54,54,54,54,54,54,54,54,54,54,54,54,54,54,54],"relic_stats":{"Happy Flower":[12],"counters":[30,144],"Golden Idol":166,"Eternal Feather":51,"obtain_stats":[{"Potion Belt":7,"Happy Flower":40,"Golden Idol":12,"Vajra":25,"Velvet Choker":34,"Eternal Feather":14,"Frozen Egg 2":9,"Paper Crane":23,"Akabeko":31,"Mercury Hourglass":28,"Frozen Eye":42,"Philosopher\u0027s Stone":17,"CultistMask":19,"Red Mask":24,"Bottled Lightning":10,"TungstenRod":26,"Toy Ornithopter":48,"Ring of the Snake":0,"Meat on the Bone":43},{"Potion Belt":4,"Happy Flower":24,"Golden Idol":5,"Vajra":14,"Velvet Choker":18,"Eternal Feather":7,"Frozen Egg 2":4,"Paper Crane":12,"Akabeko":17,"Mercury Hourglass":16,"Frozen Eye":25,"Philosopher\u0027s Stone":8,"CultistMask":9,"Red Mask":13,"Bottled Lightning":5,"TungstenRod":14,"Toy Ornithopter":28,"Ring of the Snake":0,"Meat on the Bone":25},{"Potion Belt":17,"Happy Flower":107,"Golden Idol":23,"Vajra":60,"Velvet Choker":78,"Eternal Feather":29,"Frozen Egg 2":17,"Paper Crane":54,"Akabeko":70,"Mercury Hourglass":67,"Frozen Eye":110,"Philosopher\u0027s Stone":40,"CultistMask":43,"Red Mask":57,"Bottled Lightning":23,"TungstenRod":60,"Toy Ornithopter":120,"Ring of the Snake":0,"Meat on the Bone":110}],"TungstenRod":31,"Toy Ornithopter":17,"Ring of the Snake":[60],"Mercury Hourglass":[263],"Meat on the Bone":24},"card_choices":[{"not_picked":["Violence","Master of Strategy"],"picked":"The Bomb","floor":0.0},{"not_picked":["Bane","Quick Slash"],"picked":"Eviscerate","floor":1.0},{"not_picked":["Sucker Punch","Slice"],"picked":"Leg Sweep","floor":3.0},{"not_picked":["Slice","Dagger Spray"],"picked":"Masterful Stab","floor":4.0},{"not_picked":["Underhanded Strike","Flying Knee","Choke"],"picked":"SKIP","floor":7.0},{"not_picked":["Bane","Setup"],"picked":"Grand Finale","floor":10.0},{"not_picked":["Accuracy+1","Dodge and Roll","Distraction"],"picked":"SKIP","floor":13.0},{"not_picked":["All Out Attack","Outmaneuver"],"picked":"Glass Knife","floor":14.0},{"not_picked":["Burst","Grand Finale"],"picked":"Adrenaline","floor":16.0},{"not_picked":["Distraction","Masterful Stab","Slice+1"],"picked":"SKIP","floor":18.0},{"not_picked":["Reflex","Slice","Accuracy+1"],"picked":"SKIP","floor":21.0},{"not_picked":["Bouncing Flask","Reflex","Dodge and Roll"],"picked":"SKIP","floor":22.0},{"not_picked":["Dagger Spray","Outmaneuver+1"],"picked":"Burst","floor":23.0},{"not_picked":["Underhanded Strike","Sucker Punch"],"picked":"Crippling Poison+1","floor":25},{"not_picked":["Deadly Poison","Deflect"],"picked":"Expertise","floor":27},{"not_picked":["Riddle With Holes","Setup"],"picked":"Blur","floor":28},{"not_picked":["Bouncing Flask+1","Concentrate"],"picked":"Burst","floor":31},{"not_picked":["Bullet Time","Storm of Steel"],"picked":"Die Die Die","floor":33},{"not_picked":["Choke+1","PiercingWail"],"picked":"Backflip","floor":35},{"not_picked":["Expertise","Outmaneuver"],"picked":"Leg Sweep","floor":36},{"not_picked":["Catalyst","Noxious Fumes+1","Endless Agony+1"],"picked":"SKIP","floor":37},{"not_picked":["Unload","Concentrate","Dagger Throw"],"picked":"SKIP","floor":38},{"not_picked":["Dodge and Roll","Prepared+1"],"picked":"Blur+1","floor":39},{"not_picked":["Choke","Deadly Poison"],"picked":"Backflip+1","floor":40},{"not_picked":["Dash","Masterful Stab","Flying Knee"],"picked":"SKIP","floor":41},{"not_picked":["Deadly Poison","Blade Dance+1","Slice+1"],"picked":"SKIP","floor":44},{"not_picked":["Deflect+1","Quick Slash"],"picked":"Acrobatics","floor":45},{"not_picked":["Outmaneuver+1","Prepared"],"picked":"Acrobatics","floor":46}],"player_experience":217057,"relics_obtained":[{"floor":7.0,"key":"Potion Belt"},{"floor":9.0,"key":"Frozen Egg 2"},{"floor":10.0,"key":"Bottled Lightning"},{"floor":14.0,"key":"Eternal Feather"},{"floor":23.0,"key":"Paper Crane"},{"floor":24.0,"key":"Red Mask"},{"floor":25,"key":"Vajra"},{"floor":26,"key":"TungstenRod"},{"floor":28,"key":"Mercury Hourglass"},{"floor":31,"key":"Akabeko"},{"floor":40,"key":"Happy Flower"},{"floor":43,"key":"Meat on the Bone"}],"event_choices":[{"cards_removed":["Strike_G"],"damage_healed":0.0,"max_hp_gain":0.0,"max_hp_loss":0.0,"gold_gain":0.0,"event_name":"Golden Wing","player_choice":"Card Removal","floor":5.0,"gold_loss":0.0,"damage_taken":7.0},{"damage_healed":0.0,"max_hp_gain":0.0,"max_hp_loss":6.0,"gold_gain":0.0,"event_name":"Golden Idol","player_choice":"Lose Max HP","floor":12.0,"gold_loss":0.0,"damage_taken":0.0,"relics_obtained":["Golden Idol"]},{"damage_healed":0.0,"max_hp_gain":0.0,"max_hp_loss":0.0,"gold_gain":0.0,"event_name":"FaceTrader","player_choice":"Trade","floor":19.0,"gold_loss":0.0,"damage_taken":0.0,"relics_obtained":["CultistMask"]},{"damage_healed":0.0,"max_hp_gain":0.0,"max_hp_loss":0.0,"gold_gain":0.0,"event_name":"Masked Bandits","player_choice":"Fought Bandits","floor":24.0,"gold_loss":0.0,"damage_taken":0.0},{"damage_healed":0,"gold_gain":0,"player_choice":"Forge","damage_taken":0,"max_hp_gain":0,"max_hp_loss":0,"event_name":"Accursed Blacksmith","floor":29,"gold_loss":0,"cards_upgraded":["Adrenaline"]},{"damage_healed":0,"gold_gain":0,"player_choice":"Gave Potion","damage_taken":0,"relics_obtained":["Toy Ornithopter"],"max_hp_gain":0,"max_hp_loss":0,"event_name":"WeMeetAgain","floor":48,"gold_loss":0}],"is_beta":false,"boss_relics":[{"not_picked":["Runic Dome","WristBlade"],"picked":"Philosopher\u0027s Stone"},{"not_picked":["SacredBark","Fusion Hammer"],"picked":"Velvet Choker"}],"items_purged_floors":[20,42,47],"is_endless":false,"potions_floor_spawned":[1,3,13,16,21,24,27,28,31,33,36,37,40,44],"killed_by":"Time Eater","ascension_level":20}}