{"host":"s24sb66hw4a4sfft","time":1613005896,"event":{"mods":["AchievementEnabler","BaseMod","Colored Map","Colored Powertips","Googly Eyes","Hermit","Hubris","Minty Spire (QoL Compilation)","Quick Restart","Shop Mod","StSLib"],"gold_per_floor":[119,119,135,135,147,179,179,196,196,214,214,214,228,61,61,61,61],"floor_reached":16,"language":"ENG","playtime":401,"items_purged":[],"score":173,"play_id":"145c313b-73e9-44fa-b40a-d7d2b0f88e14","local_time":"20210210201136","is_ascension_mode":true,"campfire_choices":[{"floor":7,"key":"REST"},{"floor":11,"key":"REST"},{"floor":15,"key":"REST"}],"circlet_count":0,"master_deck":["AscendersBane","Strike_G","Strike_G","Strike_G","Strike_G","Strike_G","Defend_G+1","Defend_G","Defend_G","Defend_G+1","Defend_G","Survivor","Neutralize","Backstab","Slice","Prepared","Dagger Throw","Slice","Accuracy","HandOfGreed"],"relics":["Ring of the Snake","NeowsBlessing","Mango","Calipers","Turnip"],"acts_visited":["Exordium"],"potions_floor_usage":[6],"damage_taken":[{"damage":0,"enemies":"2 Louse","floor":1,"turns":1},{"damage":0,"enemies":"Small Slimes","floor":3,"turns":1},{"damage":0,"enemies":"Cultist","floor":5,"turns":1},{"damage":28,"enemies":"Lagavulin","floor":6,"turns":10},{"damage":17,"enemies":"Exordium Thugs","floor":8,"turns":6},{"damage":20,"enemies":"Lots of Slimes","floor":10,"turns":4},{"damage":1,"enemies":"Red Slaver","floor":13,"turns":3},{"damage":28,"enemies":"Slime Boss","floor":16,"turns":5}],"seed_played":"-2029202697099142441","potions_obtained":[{"floor":1,"key":"BlessingOfTheForge"},{"floor":3,"key":"FairyPotion"},{"floor":6,"key":"BlessingOfTheForge"}],"is_trial":false,"path_per_floor":["M","?","M","?","M","E","R","M","T","M","R","?","M","$","R","B"],"character_chosen":"THE_SILENT","items_purchased":["HandOfGreed"],"campfire_rested":3,"item_purchase_floors":[14],"current_hp_per_floor":[59,73,73,57,57,29,53,36,36,16,40,40,39,39,63,35,35],"gold":61,"neow_bonus":"THREE_ENEMY_KILL","is_daily":false,"chose_seed":false,"campfire_upgraded":0,"win_rate":0.0,"timestamp":1613005896,"path_taken":["M","?","M","?","M","E","R","M","T","M","R","?","M","$","R","BOSS"],"items_purchased_type":["Card"],"build_version":"2020-12-22","purchased_purges":0,"victory":false,"max_hp_per_floor":[66,80,80,80,80,80,80,80,80,80,80,80,80,80,80,80,80],"card_choices":[{"not_picked":["Sucker Punch","Leg Sweep"],"picked":"Backstab","floor":1},{"not_picked":["Heel Hook","Expertise"],"picked":"Slice","floor":3},{"not_picked":["All Out Attack","Blur"],"picked":"Prepared","floor":5},{"not_picked":["Caltrops","Tools of the Trade"],"picked":"Dagger Throw","floor":6},{"not_picked":["Underhanded Strike","Footwork"],"picked":"Slice","floor":8},{"not_picked":["Quick Slash","Backflip"],"picked":"Accuracy","floor":10},{"not_picked":["Bane","Phantasmal Killer","Acrobatics"],"picked":"SKIP","floor":13}],"player_experience":607855,"relics_obtained":[{"floor":6,"key":"Calipers"},{"floor":9,"key":"Turnip"}],"event_choices":[{"damage_healed":0,"gold_gain":0,"player_choice":"Box","damage_taken":0,"relics_obtained":["Mango"],"max_hp_gain":0,"max_hp_loss":0,"event_name":"Big Fish","floor":2,"gold_loss":0,"cards_obtained":["Regret"]},{"damage_healed":0,"gold_gain":0,"player_choice":"Entered Light","damage_taken":16,"max_hp_gain":0,"max_hp_loss":0,"event_name":"Shining Light","floor":4,"gold_loss":0,"cards_upgraded":["Defend_G","Defend_G"]},{"cards_removed":["Regret"],"damage_healed":0,"gold_gain":0,"player_choice":"Removed Curses","damage_taken":0,"max_hp_gain":0,"max_hp_loss":0,"event_name":"Fountain of Cleansing","floor":12,"gold_loss":0}],"is_beta":false,"boss_relics":[],"items_purged_floors":[],"is_endless":false,"potions_floor_spawned":[1,3,6,10],"killed_by":"Slime Boss","ascension_level":14}}