{"host":"0awa854l6bexpjrv","time":1613025138,"event":{"mods":["BaseMod","Block Reminder","Colored Map","Colored Powertips","Downfall","Highlight Path","Minty Spire (QoL Compilation)","Quick Restart","Rare Cards Sparkle","StSLib","SuperFastMode"],"gold_per_floor":[13,13,13,88,13,13,13,48,60,92,134,179,191,214,226,341,353,377,389,401,13,0,0,26,49,49,148,88,119,219,52,52,151,151,151,151],"floor_reached":35,"language":"ENG","playtime":2147,"items_purged":["Strike_B","Strike_B"],"score":452,"play_id":"9d2740ed-0a26-4ab7-8083-95a1c5622180","local_time":"20210210223218","is_ascension_mode":true,"campfire_choices":[{"data":"Zap","floor":6.0,"key":"SMITH"},{"floor":13,"key":"REST"},{"floor":15,"key":"REST"},{"data":"Fusion","floor":23,"key":"SMITH"},{"floor":32,"key":"REST"}],"circlet_count":0,"master_deck":["Zap+1","Dualcast","Coolheaded+1","Conserve Battery","Reinforced Body","Streamline+1","Loop+1","Echo Form","Conserve Battery","Echo Form","Fusion+1","Loop+1","Sunder+1","Conserve Battery","Leap+1","Cold Snap","Creative AI","Glacier","Creative AI","Hyperbeam","Auto Shields"],"relics":["Cracked Core","MawBank","Bag of Preparation","Juzu Bracelet","Velvet Choker","DollysMirror","PreservedInsect","Vajra","Oddly Smooth Stone","Shuriken","Whetstone","Pandora\u0027s Box"],"acts_visited":["Exordium","TheCity","TheBeyond"],"potions_floor_usage":[12,22,24],"damage_taken":[{"damage":0.0,"enemies":"2 Louse","floor":1.0,"turns":3.0},{"damage":26.0,"enemies":"3 Sentries","floor":8.0,"turns":8.0},{"damage":0.0,"enemies":"Jaw Worm","floor":10.0,"turns":2.0},{"damage":43,"enemies":"Gremlin Nob","floor":12,"turns":5},{"damage":0,"enemies":"Small Slimes","floor":14,"turns":3},{"damage":32,"enemies":"The Guardian","floor":16,"turns":15},{"damage":0,"enemies":"Chosen","floor":18,"turns":5},{"damage":3,"enemies":"2 Thieves","floor":22,"turns":5},{"damage":68,"enemies":"Book of Stabbing","floor":24,"turns":7},{"damage":45,"enemies":"Gremlin Leader","floor":29,"turns":5},{"damage":14,"enemies":"Automaton","floor":33,"turns":10},{"damage":32,"enemies":"3 Darklings","floor":35,"turns":5}],"seed_played":"3252700636357773041","potions_obtained":[{"floor":1.0,"key":"champ:CounterPotion"},{"floor":10.0,"key":"FearPotion"},{"floor":12,"key":"Block Potion"},{"floor":16,"key":"FairyPotion"},{"floor":29,"key":"SteroidPotion"}],"is_trial":false,"path_per_floor":["M","?","?","?","$","R","?","E","T","M","?","E","R","M","R","B",null,"M","?","?","$","M","R","E","T","T","?","?","E","?","$","R","B",null,"M"],"character_chosen":"DEFECT","items_purchased":["Fusion","Regen Potion","DollysMirror","Whetstone","Cold Snap"],"campfire_rested":3,"item_purchase_floors":[21,21,21,31,31],"current_hp_per_floor":[89,71,64,53,53,53,82,56,56,56,56,13,39,39,65,33,89,89,89,89,89,86,86,30,30,30,30,30,12,12,12,38,24,89,57,57],"gold":151,"neow_bonus":"TWENTY_PERCENT_HP_BONUS","is_daily":false,"chose_seed":false,"campfire_upgraded":2,"win_rate":0.0,"timestamp":1613025138,"path_taken":["M","?","?","?","$","R","?","E","T","?","?","E","R","M","R","BOSS","M","?","?","$","M","R","E","?","T","?","?","E","?","?","R","BOSS","M"],"items_purchased_type":["Card","Potion","Relic","Relic","Card"],"build_version":"2020-12-22","purchased_purges":2,"victory":false,"max_hp_per_floor":[89,89,89,89,89,89,89,89,89,89,89,89,89,89,89,89,89,89,89,89,89,89,89,89,89,89,89,89,89,89,89,89,89,89,89,89],"card_choices":[{"not_picked":["Compile Driver","Chill"],"picked":"Coolheaded","floor":1.0},{"not_picked":["Seek","Gash"],"picked":"Conserve Battery","floor":8.0},{"not_picked":["Hologram","Leap"],"picked":"Reinforced Body","floor":10.0},{"not_picked":["Coolheaded","Rebound"],"picked":"Streamline","floor":12},{"not_picked":["Tempest","Ball Lightning"],"picked":"Loop","floor":14},{"not_picked":["Seek","Buffer"],"picked":"Echo Form","floor":16},{"not_picked":["Sweeping Beam","Leap"],"picked":"Conserve Battery","floor":18},{"not_picked":["Rebound","Turbo+1"],"picked":"Sunder","floor":22},{"not_picked":["Loop","Blizzard"],"picked":"Conserve Battery","floor":24},{"not_picked":["Gash+1","Steam+1"],"picked":"Leap+1","floor":29},{"not_picked":["Amplify","Core Surge"],"picked":"Creative AI","floor":33}],"player_experience":756586,"relics_obtained":[{"floor":8.0,"key":"MawBank"},{"floor":9.0,"key":"Bag of Preparation"},{"floor":12,"key":"Juzu Bracelet"},{"floor":24,"key":"PreservedInsect"},{"floor":25,"key":"Vajra"},{"floor":26,"key":"Oddly Smooth Stone"},{"floor":29,"key":"Shuriken"}],"event_choices":[{"damage_healed":0.0,"max_hp_gain":0.0,"max_hp_loss":0.0,"gold_gain":0.0,"event_name":"Shining Light","player_choice":"Entered Light","floor":2.0,"gold_loss":0.0,"damage_taken":18.0,"cards_upgraded":["Strike_B","Coolheaded"]},{"cards_removed":["Strike_B"],"damage_healed":0.0,"max_hp_gain":0.0,"max_hp_loss":0.0,"gold_gain":0.0,"event_name":"Golden Wing","player_choice":"Card Removal","floor":3.0,"gold_loss":0.0,"damage_taken":7.0},{"damage_healed":0.0,"max_hp_gain":0.0,"max_hp_loss":0.0,"gold_gain":75.0,"event_name":"World of Goop","player_choice":"Gather Gold","floor":4.0,"gold_loss":0.0,"damage_taken":11.0},{"damage_healed":29.0,"max_hp_gain":0.0,"max_hp_loss":0.0,"gold_gain":0.0,"event_name":"Big Fish","player_choice":"Banana","floor":7.0,"gold_loss":0.0,"damage_taken":0.0},{"damage_healed":0,"gold_gain":30,"player_choice":"Searched \u00271\u0027 times","damage_taken":0,"max_hp_gain":0,"max_hp_loss":0,"event_name":"Dead Adventurer","floor":11,"gold_loss":0},{"damage_healed":0,"gold_gain":0,"player_choice":"Upgraded","damage_taken":0,"max_hp_gain":0,"max_hp_loss":0,"event_name":"Upgrade Shrine","floor":19,"gold_loss":0,"cards_upgraded":["Loop"]},{"damage_healed":0,"gold_gain":0,"player_choice":"Copied","damage_taken":0,"max_hp_gain":0,"max_hp_loss":0,"event_name":"Duplicator","floor":20,"gold_loss":0,"cards_obtained":["Echo Form"]},{"damage_healed":0,"gold_gain":99,"player_choice":"Stole From Cult","damage_taken":0,"max_hp_gain":0,"max_hp_loss":0,"event_name":"Nest","floor":27,"gold_loss":0},{"cards_removed":["Defend_B"],"damage_healed":0,"gold_gain":0,"player_choice":"Single Remove","damage_taken":0,"max_hp_gain":0,"max_hp_loss":0,"event_name":"Designer","floor":28,"gold_loss":60},{"damage_healed":0,"gold_gain":100,"player_choice":"Pray","damage_taken":0,"max_hp_gain":0,"max_hp_loss":0,"event_name":"Golden Shrine","floor":30,"gold_loss":0}],"is_beta":false,"boss_relics":[{"not_picked":["Astrolabe","Sozu"],"picked":"Velvet Choker"},{"not_picked":["Calling Bell","Tiny House"],"picked":"Pandora\u0027s Box"}],"items_purged_floors":[5,21],"is_endless":false,"potions_floor_spawned":[1,10,12,16,29],"killed_by":"3 Darklings","ascension_level":3}}