{"host":"rq7gz685gkaokql0","time":1613077883,"event":{"mods":["BaseMod","Hubris","Infinite Spire","Minty Spire (QoL Compilation)","Replay The Spire","StSLib"],"gold_per_floor":[119,394,407,426,351,381,381,391,391,391,407,417,95,95,95,170,170,170,170],"floor_reached":18,"language":"ENG","playtime":935,"items_purged":[],"score":324,"play_id":"e51d6239-98de-4737-814f-ee2e26fb0a70","local_time":"20210211111123","is_ascension_mode":true,"campfire_choices":[{"data":"hubris:StunningStrike","floor":7.0,"key":"SMITH"},{"floor":15.0,"key":"REST"}],"circlet_count":0,"master_deck":["AscendersBane","Strike_R","Strike_R","Strike_R","Strike_R","Defend_R","Defend_R","Defend_R","Defend_R","Bash","Run Through","Thunderclap","infinitespire:OneForAll","hubris:StunningStrike+1","Flex","Second Wind","True Grit","Fire Breathing","Apotheosis+1","Impervious","Impervious","Limit Break"],"relics":["Burning Blood","NeowsBlessing","Replay:Bottled Snecko","Champion Belt","Ring of Chaos"],"acts_visited":["Exordium","TheCity"],"potions_floor_usage":[],"damage_taken":[{"damage":0.0,"enemies":"Small Slimes","floor":1.0,"turns":1.0},{"damage":0.0,"enemies":"Cultist","floor":3.0,"turns":1.0},{"damage":0.0,"enemies":"Jaw Worm","floor":4.0,"turns":1.0},{"damage":32.0,"enemies":"Replay:BlueRogue","floor":6.0,"turns":10.0},{"damage":23.0,"enemies":"2 Fungi Beasts","floor":8.0,"turns":4.0},{"damage":16.0,"enemies":"Lots of Slimes","floor":11.0,"turns":4.0},{"damage":5.0,"enemies":"Exordium Wildlife","floor":12.0,"turns":4.0},{"damage":38.0,"enemies":"Slime Boss","floor":16.0,"turns":7.0},{"damage":47,"enemies":"3 Byrds","floor":18,"turns":6}],"seed_played":"1023918032437481278","potions_obtained":[{"floor":1.0,"key":"LiquidMemories"},{"floor":3.0,"key":"PowerPotion"},{"floor":6.0,"key":"BlessingOfTheForge"},{"floor":11.0,"key":"FearPotion"}],"is_trial":false,"path_per_floor":["M","?","M","M","?","E","R","M","T","?","M","M","$","?","R","B",null,"M"],"character_chosen":"IRONCLAD","items_purchased":["Apotheosis","Impervious"],"campfire_rested":1,"item_purchase_floors":[13,13],"current_hp_per_floor":[74,74,75,75,75,49,49,32,32,32,22,23,23,23,45,13,60,13,13],"gold":170,"neow_bonus":"THREE_ENEMY_KILL","is_daily":false,"chose_seed":false,"campfire_upgraded":1,"win_rate":0.0,"timestamp":1613077883,"path_taken":["M","?","M","?","?","E","R","M","T","?","?","M","$","?","R","BOSS","M"],"items_purchased_type":["Card","Card"],"build_version":"2020-12-22","purchased_purges":0,"victory":false,"max_hp_per_floor":[75,75,75,75,75,75,75,75,75,75,75,75,75,75,75,75,75,75,75],"card_choices":[{"not_picked":["Clash","Shrug It Off"],"picked":"Run Through","floor":1.0},{"not_picked":["Burning Pact","Wild Strike"],"picked":"Thunderclap","floor":3.0},{"not_picked":["Run Through","Heavy Blade"],"picked":"infinitespire:OneForAll","floor":4.0},{"not_picked":["Anger","Carnage"],"picked":"hubris:StunningStrike","floor":6.0},{"not_picked":["Perfected Strike","True Grit"],"picked":"Flex","floor":8.0},{"not_picked":["Replay:Undeath\u0027s Touch","Clothesline"],"picked":"True Grit","floor":11.0},{"not_picked":["Blood for Blood","Battle Trance"],"picked":"Fire Breathing","floor":12.0},{"not_picked":["Berserk","Double Tap"],"picked":"Limit Break","floor":16.0}],"player_experience":1277410,"relics_obtained":[{"floor":6.0,"key":"Replay:Bottled Snecko"},{"floor":9.0,"key":"Champion Belt"}],"event_choices":[{"damage_healed":0.0,"max_hp_gain":0.0,"max_hp_loss":0.0,"gold_gain":275.0,"event_name":"Golden Shrine","player_choice":"Desecrate","floor":2.0,"gold_loss":0.0,"damage_taken":0.0,"cards_obtained":["Regret"]},{"cards_removed":["Regret"],"damage_healed":0.0,"max_hp_gain":0.0,"max_hp_loss":0.0,"gold_gain":0.0,"event_name":"The Cleric","player_choice":"Card Removal","floor":5.0,"gold_loss":75.0,"damage_taken":0.0},{"damage_healed":0.0,"max_hp_gain":0.0,"max_hp_loss":0.0,"gold_gain":0.0,"cards_transformed":["Strike_R"],"event_name":"Transmorgrifier","player_choice":"Transformed","floor":10.0,"gold_loss":0.0,"damage_taken":0.0,"cards_obtained":["Second Wind"]},{"damage_healed":0.0,"max_hp_gain":0.0,"max_hp_loss":0.0,"gold_gain":0.0,"event_name":"Living Wall","player_choice":"Grow","floor":14.0,"gold_loss":0.0,"damage_taken":0.0,"cards_upgraded":["Apotheosis"]}],"is_beta":false,"boss_relics":[{"not_picked":["hubris:RunicObelisk","Calling Bell"],"picked":"Ring of Chaos"}],"items_purged_floors":[],"is_endless":false,"potions_floor_spawned":[1,3,6,11],"killed_by":"3 Byrds","ascension_level":20}}