{"host":"1xo5g347e5o4auts","time":1613029787,"event":{"mods":["BaseMod","Minty Spire (QoL Compilation)","Permanent Neow","StSLib"],"gold_per_floor":[113,125,141,155,155,187,199,199,222,256,256,269,269,302,302,302,302],"floor_reached":16,"language":"ENG","playtime":584,"items_purged":[],"score":294,"play_id":"780041f9-df52-46d2-a10e-40d093a35646","local_time":"20210211094947","is_ascension_mode":true,"campfire_choices":[{"floor":11,"key":"REST"},{"floor":13,"key":"DIG"},{"floor":15,"key":"DIG"}],"circlet_count":0,"master_deck":["AscendersBane","Strike_G","Strike_G","Strike_G","Strike_G","Defend_G","Defend_G","Defend_G","Defend_G","Defend_G","Survivor","Neutralize","Cloak And Dagger","Quick Slash","Dagger Throw","Underhanded Strike","Skewer+1","Endless Agony","Dash","Dagger Spray"],"relics":["Ring of the Snake","Oddly Smooth Stone","Shovel","Strawberry","Ancient Tea Set","Bag of Marbles","CaptainsWheel","Ornamental Fan"],"acts_visited":["Exordium"],"potions_floor_usage":[16,16],"damage_taken":[{"damage":1.0,"enemies":"Jaw Worm","floor":1.0,"turns":5.0},{"damage":2.0,"enemies":"Cultist","floor":2.0,"turns":4.0},{"damage":0.0,"enemies":"2 Louse","floor":3.0,"turns":3.0},{"damage":3.0,"enemies":"Looter","floor":4.0,"turns":3.0},{"damage":22.0,"enemies":"3 Sentries","floor":6.0,"turns":11.0},{"damage":6.0,"enemies":"Gremlin Gang","floor":7.0,"turns":7.0},{"damage":25,"enemies":"Lagavulin","floor":10,"turns":7},{"damage":0,"enemies":"Large Slime","floor":12,"turns":4},{"damage":0,"enemies":"Gremlin Nob","floor":14,"turns":3},{"damage":20,"enemies":"The Guardian","floor":16,"turns":11}],"seed_played":"-8106018374668534834","potions_obtained":[{"floor":10,"key":"Swift Potion"},{"floor":12,"key":"AttackPotion"}],"is_trial":false,"path_per_floor":["M","M","M","M","?","E","M","?","T","E","R","M","R","E","R","B"],"character_chosen":"THE_SILENT","items_purchased":[],"campfire_rested":1,"item_purchase_floors":[],"current_hp_per_floor":[58,56,56,53,53,31,25,25,32,7,28,28,28,28,28,8,8],"gold":302,"neow_bonus":"RANDOM_COMMON_RELIC","is_daily":false,"chose_seed":false,"campfire_upgraded":0,"win_rate":0.0,"timestamp":1613029787,"path_taken":["M","M","M","M","?","E","?","?","T","E","R","M","R","E","R","BOSS"],"items_purchased_type":[],"build_version":"2020-12-22","purchased_purges":0,"victory":false,"max_hp_per_floor":[66,66,66,66,66,66,66,66,73,73,73,73,73,73,73,73,73],"card_choices":[{"not_picked":["Acrobatics","Bane"],"picked":"Cloak And Dagger","floor":1.0},{"not_picked":["Calculated Gamble","Distraction"],"picked":"Quick Slash","floor":2.0},{"not_picked":["Underhanded Strike","Setup"],"picked":"Dagger Throw","floor":3.0},{"not_picked":["Choke","Bane"],"picked":"Underhanded Strike","floor":4.0},{"not_picked":["Prepared","Blur"],"picked":"Skewer","floor":6.0},{"not_picked":["Dagger Throw","A Thousand Cuts"],"picked":"Endless Agony","floor":7.0},{"not_picked":["PiercingWail","Blur"],"picked":"Dash","floor":10},{"not_picked":["Dagger Throw","Cloak And Dagger"],"picked":"Dagger Spray","floor":12},{"not_picked":["Quick Slash","Acrobatics","Deflect"],"picked":"SKIP","floor":14}],"player_experience":1477552,"relics_obtained":[{"floor":6.0,"key":"Shovel"},{"floor":9.0,"key":"Strawberry"},{"floor":10,"key":"Ancient Tea Set"},{"floor":13,"key":"Bag of Marbles"},{"floor":14,"key":"CaptainsWheel"},{"floor":15,"key":"Ornamental Fan"}],"event_choices":[{"cards_removed":["Strike_G"],"damage_healed":0.0,"max_hp_gain":0.0,"max_hp_loss":0.0,"gold_gain":0.0,"event_name":"Bonfire Elementals","player_choice":"Offered Basic","floor":5.0,"gold_loss":0.0,"damage_taken":0.0},{"damage_healed":0.0,"max_hp_gain":0.0,"max_hp_loss":0.0,"gold_gain":0.0,"event_name":"Living Wall","player_choice":"Grow","floor":8.0,"gold_loss":0.0,"damage_taken":0.0,"cards_upgraded":["Skewer"]}],"is_beta":false,"boss_relics":[],"items_purged_floors":[],"is_endless":false,"potions_floor_spawned":[10,12,14],"killed_by":"The Guardian","ascension_level":20}}