{"host":"ox77rn1xcurm2t5a","time":1613042975,"event":{"mods":["2.2 Compatiblity","AchievementEnabler","Act Like it!","Aspiration","BaseMod","Best Route Mod","Better Match","Better Note","Better Sensory Stone","Block Reminder","Colored Map","Colored Powertips","Conjunction","Conspire","Custom Start","Energized Spire","GifTheSpireLib","Gold Saver","Gremlin Skip","Halation","Highlight Path","Hubris","Infinite Spire","Minty Spire (QoL Compilation)","Pale of the Ancients","Quick Restart","Replay The Spire","Reworked Bosses","ShortenTheSpire","Spire Exporter","StSLib","Stuff the Spire","Wandering Minibosses"],"gold_per_floor":[307,307,317,8221,8221,8221,8254,8268,8340,8340,8369,8369,8398,8398,8476,8476,8488,8488,8498,8498,8498,8532,8532,8610,8637,7934,7934,7934,7950,7950,8025,8025,8041,8041,8041,8153,8269,8295,8419,8419,7584,7584,7604,7604,7604,7604,7604,7604,6630,6754,6754],"floor_reached":57,"language":"ENG","playtime":2230,"items_purged":["Strike_B","Strike_B","Strike_B","Defend_B","Defend_B","Defend_B"],"score":2952,"play_id":"b0ceed6b-ee7e-43d2-918e-addf8c612a40","local_time":"20210211132935","is_ascension_mode":true,"campfire_choices":[{"floor":6.0,"key":"RECALL"},{"data":"Apotheosis","floor":10.0,"key":"SMITH"},{"data":"Zap","floor":10.0,"key":"SMITH"},{"data":"Dualcast","floor":13.0,"key":"SMITH"},{"data":"White Noise","floor":13.0,"key":"SMITH"},{"data":"Self Repair","floor":15.0,"key":"SMITH"},{"data":"FIFO Queue","floor":15.0,"key":"SMITH"},{"data":"infinitespire:Gouge","floor":23.0,"key":"SMITH"},{"data":"StuffTheSpire:ShieldGenerator","floor":23.0,"key":"SMITH"},{"floor":25.0,"key":"REST"},{"data":"Blizzard","floor":30.0,"key":"SMITH"},{"data":"Bite","floor":30.0,"key":"SMITH"},{"data":"Capacitor","floor":32.0,"key":"SMITH"},{"data":"Barrage","floor":32.0,"key":"SMITH"},{"data":"Echo Form","floor":45.0,"key":"SMITH"},{"data":"infinitespire:NeuralNetwork","floor":45.0,"key":"SMITH"},{"data":"Conserve Battery","floor":49.0,"key":"SMITH"},{"data":"BootSequence","floor":49.0,"key":"SMITH"},{"data":"StuffTheSpire:ShieldGenerator+1","floor":53.0,"key":"SMITH"},{"data":"StuffTheSpire:ShieldGenerator+1","floor":53.0,"key":"SMITH"}],"circlet_count":0,"master_deck":["AscendersBane","Defend_B","Zap+1","Dualcast+1","White Noise+1","Apotheosis+1","Cold Snap","FIFO Queue+1","Self Repair+1","Cold Snap","StuffTheSpire:Coldhearted","StuffTheSpire:ShieldGenerator+2","Blizzard+1","Sweeping Beam+1","infinitespire:Gouge+1","Gash","Bite+1","Bite","Bite","Bite","Bite","Barrage+1","Capacitor+1","Machine Learning","BootSequence+1","infinitespire:NeuralNetwork+1","Echo Form+1","Coolheaded","StuffTheSpire:ShieldGenerator+2","Conserve Battery+1","Conserve Battery"],"relics":["Cracked Core","halation:KoshaPiece","hubris:Teleporter","Replay:Arrowhead","Prayer Wheel","Gremlin Horn","conspire:RoyalGoblet","aspiration:RitualStick","Snack Pack","ReplayTheSpireMod:Lightbulb","hubris:BottledRain","hubris:TenFootPole","Omamori","Pondfish Scales","conspire:SpecialSausage","StuffTheSpire:TintedRock","halation:AfternoonTea","FossilizedHelix","Boot","StuffTheSpire:Experiment12","StuffTheSpire:Nightcore","Replay:Antivirus Software","hubris:Spice","hubris:RGBLights"],"acts_visited":["Exordium","TheCity","TheBeyond","TheEnding"],"potions_floor_usage":[56,56],"damage_taken":[{"damage":2.0,"enemies":"Jaw Worm","floor":1.0,"turns":3.0},{"damage":1.0,"enemies":"conspire:RoseBush","floor":3.0,"turns":3.0},{"damage":14.0,"enemies":"Lagavulin","floor":7.0,"turns":6.0},{"damage":0.0,"enemies":"2 Louse","floor":8.0,"turns":4.0},{"damage":17.0,"enemies":"Replay:BlueRogue","floor":12.0,"turns":7.0},{"damage":15.0,"enemies":"conspire:MimicChest","floor":14.0,"turns":9.0},{"damage":42.0,"enemies":"Hexaghost","floor":16.0,"turns":13.0},{"damage":0.0,"enemies":"Chosen","floor":18.0,"turns":1.0},{"damage":35.0,"enemies":"Shell Parasite","floor":20.0,"turns":7.0},{"damage":6.0,"enemies":"Slavers","floor":24.0,"turns":3.0},{"damage":32.0,"enemies":"Gremlin Leader","floor":27.0,"turns":6.0},{"damage":0.0,"enemies":"3 Cultists","floor":31.0,"turns":4.0},{"damage":0.0,"enemies":"bossMod:newChamp","floor":33.0,"turns":1.0},{"damage":47.0,"enemies":"3 Shapes","floor":35.0,"turns":3.0},{"damage":0.0,"enemies":"R_Hoarder","floor":40.0,"turns":2.0},{"damage":10.0,"enemies":"Giant Head","floor":42.0,"turns":10.0},{"damage":34.0,"enemies":"Nemesis","floor":44.0,"turns":9.0},{"damage":44.0,"enemies":"3 Darklings","floor":48.0,"turns":7.0},{"damage":27.0,"enemies":"bossMod:newAwakened","floor":50.0,"turns":11.0},{"damage":26.0,"enemies":"bossMod:newShapes","floor":51.0,"turns":9.0},{"damage":0.0,"enemies":"Shield and Spear","floor":55.0,"turns":6.0},{"damage":36,"enemies":"The Heart","floor":56,"turns":3}],"seed_played":"-370522693329477649","potions_obtained":[{"floor":0.0,"key":"AttackPotion"},{"floor":0.0,"key":"Toxic Potion"},{"floor":1.0,"key":"FairyPotion"},{"floor":7.0,"key":"AttackPotion"},{"floor":14.0,"key":"DistilledChaos"},{"floor":18.0,"key":"Conjunction:LightningMarble"},{"floor":20.0,"key":"Dexterity Potion"},{"floor":33.0,"key":"Cursed Concoction"},{"floor":35.0,"key":"FearPotion"},{"floor":44.0,"key":"Cursed Concoction"}],"is_trial":false,"path_per_floor":["M","?","M","$","?","R","E","M","T","R","E","R","?","R","B",null,"M","?","M","AVR","R","E","R","T","E","$","?","R","M","R","B",null,"M","AVR","?","E","E","T","E","R","$","?","M","R","B","B",null,"R","$","E","B",null],"character_chosen":"DEFECT","items_purchased":["Apotheosis","Cold Snap","halation:KoshaPiece","hubris:Teleporter","FIFO Queue","SkillPotion","Omamori","Pondfish Scales","Explosive Potion","Explosive Potion","StuffTheSpire:Nightcore","Replay:Antivirus Software","StuffTheSpire:ShieldGenerator","FocusPotion","SpeedPotion","hubris:Spice","hubris:RGBLights","Conserve Battery","LiquidMemories","BlessingOfTheForge","AttackPotion"],"campfire_rested":1,"item_purchase_floors":[4,4,4,4,4,4,28,28,28,28,46,46,46,46,46,54,54,54,54,54,54],"current_hp_per_floor":[62,62,61,61,61,61,47,47,47,47,37,37,29,29,38,63,63,45,20,20,20,14,35,35,19,19,19,19,44,44,46,48,6,6,6,8,44,44,49,49,49,49,49,49,49,49,49,49,57,65,43],"gold":6754,"neow_bonus":"THREE_SMALL_POTIONS","is_daily":false,"chose_seed":false,"campfire_upgraded":18,"win_rate":0.0,"timestamp":1613042975,"path_taken":["M","?","M","$","?","R","E","M","T","R","E","R","?","R","BOSS","M","?","M","AVR","R","E","R","T","E","$","?","R","M","R","BOSS","M","AVR","?","E","E","T","E","R","$","?","M","R","BOSS","BOSS","R","$","E","BOSS"],"items_purchased_type":["Card","Card","Relic","Relic","Card","Potion","Relic","Relic","Potion","Potion","Relic","Relic","Card","Potion","Potion","Relic","Relic","Card","Potion","Potion","Potion"],"build_version":"2020-12-22","purchased_purges":6,"victory":true,"max_hp_per_floor":[71,71,71,71,71,71,71,71,71,71,71,71,71,71,71,71,71,71,71,71,71,71,71,71,71,71,49,49,49,49,49,49,49,49,49,49,49,49,49,49,49,49,49,49,49,49,49,49,57,65,65],"card_choices":[{"not_picked":["StuffTheSpire:LoadUp","Time Bomb","BasicCrystalCard"],"picked":"SKIP","floor":1.0},{"not_picked":["StuffTheSpire:Plugnplay","Core Surge"],"picked":"White Noise","floor":3.0},{"not_picked":["Sweeping Beam","Steam Power","All For One"],"picked":"SKIP","floor":7.0},{"not_picked":["Steam","Compile Driver"],"picked":"Self Repair","floor":8.0},{"not_picked":["Beam Cell","StuffTheSpire:EventHorizon","StuffTheSpire:LoadUp"],"picked":"SKIP","floor":12.0},{"not_picked":["Streamline","Turbo"],"picked":"Cold Snap","floor":14.0},{"not_picked":["Steam Power","Melter"],"picked":"StuffTheSpire:Coldhearted","floor":18.0},{"not_picked":["conspire:SharedLibrary","BasicCrystalCard"],"picked":"StuffTheSpire:ShieldGenerator","floor":18.0},{"not_picked":["Ball Lightning","hubris:PowerSurge"],"picked":"Blizzard","floor":20.0},{"not_picked":["Streamline","Steam"],"picked":"Sweeping Beam+1","floor":20.0},{"not_picked":["Reinforced Body","Panic Button"],"picked":"Gash","floor":24.0},{"not_picked":["Panic Button","Genetic Algorithm","Beam Cell"],"picked":"SKIP","floor":27.0},{"not_picked":["Seek","BasicCrystalCard"],"picked":"Barrage","floor":31.0},{"not_picked":["Time Bomb+1","BasicCrystalCard"],"picked":"Capacitor","floor":31.0},{"not_picked":["hubris:Prefetch","Rainbow"],"picked":"Machine Learning","floor":33.0},{"not_picked":["Tempest","Rebound"],"picked":"BootSequence","floor":35.0},{"not_picked":["StuffTheSpire:LoadUp+1","Redo","Panic Button+1"],"picked":"SKIP","floor":35.0},{"not_picked":["Panic Button","Beam Cell"],"picked":"Echo Form","floor":40.0},{"not_picked":["Rebound","Panic Button+1"],"picked":"Coolheaded","floor":42.0},{"not_picked":["Leap","Hello World+1","StuffTheSpire:SnapShoot"],"picked":"SKIP","floor":44.0},{"not_picked":["Cold Snap","Lockon"],"picked":"Conserve Battery","floor":48.0},{"not_picked":["Steam","Consume","Hologram"],"picked":"SKIP","floor":48.0},{"not_picked":["Rebound","Melter","Barrage"],"picked":"SKIP","floor":55.0}],"player_experience":3085946,"relics_obtained":[{"floor":7.0,"key":"Replay:Arrowhead"},{"floor":12.0,"key":"Prayer Wheel"},{"floor":14.0,"key":"Gremlin Horn"},{"floor":24.0,"key":"ReplayTheSpireMod:Lightbulb"},{"floor":26.0,"key":"hubris:BottledRain"},{"floor":27.0,"key":"hubris:TenFootPole"},{"floor":40.0,"key":"halation:AfternoonTea"},{"floor":42.0,"key":"FossilizedHelix"},{"floor":43.0,"key":"Boot"},{"floor":44.0,"key":"StuffTheSpire:Experiment12"},{"floor":55.0,"key":"hubris:Spice"}],"event_choices":[{"damage_healed":0.0,"max_hp_gain":0.0,"max_hp_loss":0.0,"gold_gain":1.0,"event_name":"betterStone:BetterStone","player_choice":"1","floor":5.0,"gold_loss":0.0,"damage_taken":0.0},{"damage_healed":0.0,"max_hp_gain":0.0,"max_hp_loss":22.0,"gold_gain":0.0,"event_name":"Vampires","player_choice":"Became a vampire","floor":29.0,"gold_loss":0.0,"damage_taken":0.0,"cards_obtained":["Bite","Bite","Bite","Bite","Bite"]}],"is_beta":false,"boss_relics":[{"not_picked":["Ring of Chaos","aspiration:WatcherSkillbook"],"picked":"conspire:RoyalGoblet"},{"not_picked":["hubris:HollowSoul","SlaversCollar"],"picked":"conspire:SpecialSausage"}],"items_purged_floors":[4,21,28,36,46,54],"is_endless":false,"potions_floor_spawned":[1,7,14,18,20,33,35,44,55],"ascension_level":20}}