{"host":"zdyzhdc6zlrb7vuj","time":1613049206,"event":{"mods":["BaseMod","Downfall","Hermit","Minty Spire (QoL Compilation)","StSLib","The Bug Knight","The Cursed","The Servant 0.9.4"],"gold_per_floor":[99,119,119,137,154,164,210,310,368,385,71,100,140,168,197,311,311,211,233,258,258,286,325,349,372,19,44,58,58,58,58],"floor_reached":29,"language":"ENG","playtime":2864,"items_purged":[],"score":253,"play_id":"c5908a89-3498-4e1e-a489-aefc66fbda3f","local_time":"20210211131326","is_ascension_mode":false,"campfire_choices":[{"floor":1.0,"key":"RECALL"},{"data":"Echo Form","floor":18.0,"key":"SMITH"}],"circlet_count":0,"master_deck":["Slimebound:Strike_Slimebound","Slimebound:Strike_Slimebound","Slimebound:Strike_Slimebound","Slimebound:Tackle","Slimebound:Defend_Slimebound","Slimebound:Defend_Slimebound","Slimebound:Defend_Slimebound","Slimebound:Split","Slimebound:CorrosiveSpit","Slimebound:SlimeSpikes","Slimebound:Replication","Slimebound:LeadByExample","Slimebound:RollThrough","Slimebound:GoopTackle","Slimebound:SplitLeeching","Slimebound:AcidTongue","Slimebound:Repurpose","expansioncontent:YouAreMine","Echo Form+1","Reinforced Body","Slimebound:GoopSpray","HollowMod:VoidDash","Slimebound:SplitAcid","SashWhip","Slimebound:SlimeSlap","Rampage","hermit:Deadeye","Slimebound:SplitMire","Slimebound:SlimeBrawl"],"relics":["Slimebound:AbsorbEndCombatUpgraded","Happy Flower","Oddly Smooth Stone","PrismaticShard","CeramicFish","Ornamental Fan","downfall:HeartBlessingRed","Anchor","Orichalcum","Vajra","Sling"],"acts_visited":["Exordium","TheCity"],"potions_floor_usage":[29,29],"damage_taken":[{"damage":3.0,"enemies":"2 Louse","floor":2.0,"turns":3.0},{"damage":4.0,"enemies":"Cultist","floor":4.0,"turns":4.0},{"damage":7.0,"enemies":"Small Slimes","floor":5.0,"turns":6.0},{"damage":9.0,"enemies":"Blue Slaver","floor":6.0,"turns":6.0},{"damage":33.0,"enemies":"Lagavulin Event","floor":9.0,"turns":6.0},{"damage":11.0,"enemies":"Gremlin Gang","floor":10.0,"turns":5.0},{"damage":6.0,"enemies":"downfall:FleeingMerchant","floor":11.0,"turns":4.0},{"damage":7.0,"enemies":"Lots of Slimes","floor":12.0,"turns":3.0},{"damage":12.0,"enemies":"Lagavulin","floor":13.0,"turns":5.0},{"damage":7.0,"enemies":"Exordium Thugs","floor":14.0,"turns":3.0},{"damage":6.0,"enemies":"2 Fungi Beasts","floor":15.0,"turns":4.0},{"damage":6.0,"enemies":"SI_SHIV_ARCHETYPE","floor":16.0,"turns":9.0},{"damage":1.0,"enemies":"Shell Parasite","floor":19.0,"turns":5.0},{"damage":5.0,"enemies":"Spheric Guardian","floor":20.0,"turns":6.0},{"damage":15.0,"enemies":"Snake Plant","floor":22.0,"turns":5.0},{"damage":29.0,"enemies":"Book of Stabbing","floor":23.0,"turns":8.0},{"damage":0.0,"enemies":"Snecko","floor":25.0,"turns":6.0},{"damage":4.0,"enemies":"downfall:FleeingMerchant","floor":26.0,"turns":4.0},{"damage":22,"enemies":"Cultist and Chosen","floor":27,"turns":7},{"damage":12,"enemies":"Snake Plant","floor":28,"turns":4},{"damage":32,"enemies":"Gremlin Leader","floor":29,"turns":5}],"seed_played":"4767374419393523854","potions_obtained":[{"floor":2.0,"key":"GamblersBrew"},{"floor":5.0,"key":"Explosive Potion"},{"floor":9.0,"key":"Slimebound:ThreeZeroPotion"},{"floor":12.0,"key":"Slimebound:SlimedPotion"},{"floor":13.0,"key":"DistilledChaos"},{"floor":16.0,"key":"GamblersBrew"},{"floor":23.0,"key":"sneckomod:MuddlingPotion"},{"floor":27,"key":"Dexterity Potion"},{"floor":28,"key":"SteroidPotion"}],"is_trial":false,"path_per_floor":["R","M","?","M","M","M","T","?","?","M","$","M","E","M","M","B",null,"R","M","M","?","M","E","T","M","$","M","M","E"],"character_chosen":"SLIMEBOUND","items_purchased":["PrismaticShard","CeramicFish","Vajra","Sling","Slimebound:SplitMire"],"campfire_rested":0,"item_purchase_floors":[11,11,26,26,26],"current_hp_per_floor":[71,70,70,71,66,63,63,63,34,27,27,20,16,11,9,11,71,71,70,65,65,53,30,30,42,41,34,25,0,0,0],"gold":58,"neow_bonus":"TEN_PERCENT_HP_BONUS","is_daily":false,"chose_seed":false,"campfire_upgraded":1,"win_rate":0.0,"timestamp":1613049206,"path_taken":["R","M","?","M","?","M","T","?","?","M","$","M","E","M","M","BOSS","R","M","M","?","M","E","T","M","$","?","?","E"],"items_purchased_type":["Relic","Relic","Relic","Relic","Card"],"build_version":"2020-12-22","purchased_purges":0,"victory":false,"max_hp_per_floor":[71,71,71,71,71,71,71,71,71,71,71,71,71,71,71,71,71,71,71,71,71,71,71,71,71,71,71,71,71,71,71],"card_choices":[{"not_picked":["Slimebound:Chomp","Slimebound:SplitAcid"],"picked":"Slimebound:SlimeSpikes","floor":2.0},{"not_picked":["Slimebound:SlimeBarrage","Slimebound:SlimeBrawl"],"picked":"Slimebound:LeadByExample","floor":4.0},{"not_picked":["Slimebound:LeechingTouch","Slimebound:SplitBruiser"],"picked":"Slimebound:RollThrough","floor":5.0},{"not_picked":["Slimebound:LeechEnergy","Slimebound:FlameTackle"],"picked":"Slimebound:GoopTackle","floor":6.0},{"not_picked":["Slimebound:ForwardTackle","Slimebound:SlimeBrawl"],"picked":"Slimebound:SplitLeeching","floor":9.0},{"not_picked":["Slimebound:FormOfPuddle","Slimebound:LeechingTouch"],"picked":"Slimebound:AcidTongue","floor":10.0},{"not_picked":["Slimebound:FlameTackle","Slimebound:SelfFormingGoo"],"picked":"Slimebound:Repurpose","floor":11.0},{"not_picked":["EmptyBody","Guardian:Suspension"],"picked":"expansioncontent:YouAreMine","floor":12.0},{"not_picked":["bronze:Verify","champ:Backstep"],"picked":"Echo Form","floor":13.0},{"not_picked":["Gash","HollowMod:GreatSlash"],"picked":"Reinforced Body","floor":14.0},{"not_picked":["champ:Shatter","Searing Blow"],"picked":"Slimebound:GoopSpray","floor":15.0},{"not_picked":["TheCursedMod:Neurasthenia","Establishment"],"picked":"HollowMod:VoidDash","floor":16.0},{"not_picked":["Dodge and Roll","hexamod:Haunt+1"],"picked":"Slimebound:SplitAcid","floor":19.0},{"not_picked":["bronze:OilSpill","champ:BerserkersShout"],"picked":"SashWhip","floor":20.0},{"not_picked":["sneckomod:UnknownClassTHE_BRONZE_AUTOMATON","hermit:HoleUp"],"picked":"Slimebound:SlimeSlap","floor":22.0},{"not_picked":["Clothesline","Heatsinks"],"picked":"Rampage","floor":23.0},{"not_picked":["HollowMod:DungDefenderAura","bronze:NullPointer"],"picked":"hermit:Deadeye","floor":25.0},{"not_picked":["hexamod:SkipABeat+1","Slimebound:TongueLash","hermit:Misfire"],"picked":"SKIP","floor":26.0},{"not_picked":["bronze:ForLoop","Snipe"],"picked":"Slimebound:SlimeBrawl","floor":27},{"not_picked":["bronze:FineTuning+1","bronze:BuggyMess+1","HollowMod:ShapeofUnn"],"picked":"SKIP","floor":28}],"player_experience":457833,"relics_obtained":[{"floor":7.0,"key":"Happy Flower"},{"floor":13.0,"key":"Ornamental Fan"},{"floor":23.0,"key":"Anchor"},{"floor":24.0,"key":"Orichalcum"}],"event_choices":[],"is_beta":false,"boss_relics":[{"not_picked":["Black Star","Cursed Key"],"picked":"Slimebound:AbsorbEndCombatUpgraded"}],"items_purged_floors":[],"is_endless":false,"potions_floor_spawned":[2,5,9,12,13,16,23,27,28],"killed_by":"Gremlin Leader","ascension_level":0}}