{"host":"ibckqdmmf9y74ymf","time":1613051733,"event":{"mods":["2.2 Compatiblity","BaseMod","Colored Map","Curses Come First","Highlight Path","Minty Spire (QoL Compilation)","Quick Restart","Rare Cards Sparkle","Relic Stats","StSLib"],"gold_per_floor":[114,133,133,133,152,177,177,192,192,192,210,241,166,205,205,205,205],"floor_reached":16,"language":"ENG","playtime":384,"items_purged":[],"score":240,"play_id":"6865eb82-51a0-4b47-9b6f-e8fa1a1b365e","local_time":"20210211145533","is_ascension_mode":true,"campfire_choices":[{"floor":7.0,"key":"REST"},{"floor":15,"key":"REST"}],"circlet_count":0,"master_deck":["AscendersBane","Strike_G","Strike_G","Strike_G","Strike_G+1","Defend_G","Defend_G","Defend_G","Defend_G","Defend_G","Survivor","Neutralize","Underhanded Strike+1","Blade Dance","Phantasmal Killer","Leg Sweep","Quick Slash","Calculated Gamble","Concentrate"],"relics":["Cursed Key","FaceOfCleric","Tiny Chest","Golden Idol","Mummified Hand","Boot"],"acts_visited":["Exordium"],"potions_floor_usage":[14],"damage_taken":[{"damage":2.0,"enemies":"Small Slimes","floor":1.0,"turns":6.0},{"damage":6.0,"enemies":"Cultist","floor":2.0,"turns":4.0},{"damage":1.0,"enemies":"2 Louse","floor":5.0,"turns":3.0},{"damage":4.0,"enemies":"Gremlin Nob","floor":6.0,"turns":3.0},{"damage":0.0,"enemies":"Looter","floor":8.0,"turns":3.0},{"damage":3.0,"enemies":"Large Slime","floor":11.0,"turns":3.0},{"damage":12.0,"enemies":"Lagavulin","floor":12.0,"turns":7.0},{"damage":32,"enemies":"Gremlin Nob","floor":14,"turns":5},{"damage":0,"enemies":"Slime Boss","floor":16,"turns":3}],"seed_played":"2945257129921409727","potions_obtained":[{"floor":6.0,"key":"ColorlessPotion"},{"floor":11.0,"key":"SpeedPotion"},{"floor":12.0,"key":"Regen Potion"}],"is_trial":false,"path_per_floor":["M","M","?","?","M","E","R","M","T","?","M","E","?","E","R","B"],"character_chosen":"THE_SILENT","items_purchased":[],"campfire_rested":2,"item_purchase_floors":[],"current_hp_per_floor":[57,51,31,31,31,28,48,49,49,49,47,36,36,5,24,24,24],"gold":205,"neow_bonus":"BOSS_RELIC","is_daily":false,"chose_seed":false,"campfire_upgraded":0,"win_rate":0.0,"timestamp":1613051733,"path_taken":["M","M","?","?","M","E","R","?","T","?","M","E","?","E","R","BOSS"],"items_purchased_type":[],"build_version":"2020-12-22","purchased_purges":0,"victory":false,"max_hp_per_floor":[66,66,66,66,67,68,68,69,69,63,64,65,65,66,66,66,66],"relic_stats":{"FaceOfCleric":6,"counters":[9,37],"Golden Idol":18,"Mummified Hand":[0],"Tiny Chest":0,"Cursed Key":0,"Boot":[0],"obtain_stats":[{"FaceOfCleric":4,"Golden Idol":10,"Mummified Hand":12,"Tiny Chest":6,"Cursed Key":0,"Boot":14,"Ring of the Snake":0},{"FaceOfCleric":2,"Golden Idol":5,"Mummified Hand":7,"Tiny Chest":4,"Cursed Key":0,"Boot":8,"Ring of the Snake":0},{"FaceOfCleric":10,"Golden Idol":19,"Mummified Hand":29,"Tiny Chest":16,"Cursed Key":0,"Boot":34,"Ring of the Snake":0}]},"card_choices":[{"not_picked":["Outmaneuver","Well Laid Plans"],"picked":"Underhanded Strike","floor":1.0},{"not_picked":["Outmaneuver","Deadly Poison"],"picked":"Blade Dance","floor":2.0},{"not_picked":["Backflip","Prepared"],"picked":"Phantasmal Killer","floor":5.0},{"not_picked":["Backstab","Endless Agony"],"picked":"Leg Sweep","floor":6.0},{"not_picked":["Slice","Sucker Punch"],"picked":"Quick Slash","floor":8.0},{"not_picked":["Skewer","Eviscerate"],"picked":"Calculated Gamble","floor":11.0},{"not_picked":["Backstab","Sucker Punch"],"picked":"Concentrate","floor":12.0},{"not_picked":["Bane","Finisher","Quick Slash"],"picked":"SKIP","floor":14}],"player_experience":706167,"relics_obtained":[{"floor":6.0,"key":"Tiny Chest"},{"floor":12.0,"key":"Mummified Hand"},{"floor":14,"key":"Boot"}],"event_choices":[{"damage_healed":0.0,"max_hp_gain":0.0,"max_hp_loss":0.0,"gold_gain":0.0,"event_name":"Shining Light","player_choice":"Entered Light","floor":3.0,"gold_loss":0.0,"damage_taken":20.0,"cards_upgraded":["Strike_G","Underhanded Strike"]},{"damage_healed":0.0,"max_hp_gain":0.0,"max_hp_loss":0.0,"gold_gain":0.0,"event_name":"FaceTrader","player_choice":"Trade","floor":4.0,"gold_loss":0.0,"damage_taken":0.0,"relics_obtained":["FaceOfCleric"]},{"damage_healed":0.0,"max_hp_gain":0.0,"max_hp_loss":6.0,"gold_gain":0.0,"event_name":"Golden Idol","player_choice":"Lose Max HP","floor":10.0,"gold_loss":0.0,"damage_taken":0.0,"relics_obtained":["Golden Idol"]},{"cards_removed":["Strike_G"],"damage_healed":0.0,"max_hp_gain":0.0,"max_hp_loss":0.0,"gold_gain":0.0,"event_name":"The Cleric","player_choice":"Card Removal","floor":13.0,"gold_loss":75.0,"damage_taken":0.0}],"is_beta":false,"boss_relics":[],"items_purged_floors":[],"is_endless":false,"potions_floor_spawned":[6,11,12],"killed_by":"Slime Boss","ascension_level":20}}