{"host":"duy7hn61njv7ibc3","time":1613037774,"event":{"mods":["2.2 Compatiblity","AchievementEnabler","BaseMod","Colored Powertips","Faster Ascension Climbing","GifTheSpireLib","Minty Spire (QoL Compilation)","Permanent Neow","Quick Restart","Relic Filter","Remove Card Discount Mod","StSLib","Stuff the Spire","SuperFastMode","Uncapped"],"gold_per_floor":[113,1382,1382,1394,353,384,384,417,493,493,510,535,561,579,579,650,650,663,663,663,689,1818,1853,1853,1881,1881,1881,1881],"floor_reached":27,"language":"ENG","playtime":892,"items_purged":["Strike_P","Strike_P"],"score":725,"play_id":"4e133287-c407-4eeb-8150-6bef05e3b5a6","local_time":"20210211120254","is_ascension_mode":true,"campfire_choices":[{"data":"BowlingBash","floor":7,"key":"SMITH"},{"floor":10,"key":"RECALL"},{"data":"TalkToTheHand","floor":15,"key":"SMITH"},{"data":"Protect","floor":24,"key":"SMITH"}],"circlet_count":0,"master_deck":["AscendersBane","Strike_P","Strike_P","Defend_P","Defend_P","Defend_P","Eruption","Vigilance","Protect+1","Consecrate","TalkToTheHand+1","Sadistic Nature","BowlingBash+1","Prostrate","Worship","LikeWater+1","DevaForm+1","Consecrate","Panache+1","Fasting2+1","Prostrate+1"],"relics":["PureWater","NeowsBlessing","Incense Burner","Darkstone Periapt","WingedGreaves","Matryoshka","Frozen Eye","Pocketwatch","Frozen Egg 2","StuffTheSpire:Mouthbags","Pantograph","StoneCalendar","StuffTheSpire:Barrel","StuffTheSpire:RunicHypercube","Strawberry","StuffTheSpire:Tea","HornCleat","Orichalcum","StuffTheSpire:HistoryBook","Boot","Omamori","StuffTheSpire:EmeraldSignet"],"acts_visited":["Exordium","TheCity"],"potions_floor_usage":[13,23,23],"damage_taken":[{"damage":0,"enemies":"Cultist","floor":1,"turns":1},{"damage":0,"enemies":"Small Slimes","floor":4,"turns":1},{"damage":0,"enemies":"Lagavulin","floor":6,"turns":1},{"damage":12,"enemies":"Gremlin Nob","floor":8,"turns":3},{"damage":0,"enemies":"Jaw Worm","floor":11,"turns":2},{"damage":15,"enemies":"3 Sentries","floor":12,"turns":4},{"damage":22,"enemies":"Gremlin Nob","floor":13,"turns":4},{"damage":0,"enemies":"Blue Slaver","floor":14,"turns":1},{"damage":32,"enemies":"Hexaghost","floor":16,"turns":9},{"damage":39,"enemies":"Shell Parasite","floor":18,"turns":4},{"damage":2,"enemies":"Book of Stabbing","floor":23,"turns":3},{"damage":0,"enemies":"Gremlin Leader","floor":25,"turns":2},{"damage":21,"enemies":"Slavers","floor":27,"turns":1}],"seed_played":"3215957040209762460","potions_obtained":[{"floor":6,"key":"Weak Potion"},{"floor":8,"key":"AttackPotion"},{"floor":14,"key":"BottledMiracle"},{"floor":23,"key":"BlessingOfTheForge"}],"is_trial":false,"path_per_floor":["M","$","?","M","$","E","R","E","T","R","M","E","E","M","R","B",null,"M","?","T","T","$","E","R","E","T","E"],"character_chosen":"WATCHER","items_purchased":["Incense Burner","Darkstone Periapt","Consecrate","Regen Potion","WingedGreaves","Matryoshka","Frozen Eye","BowlingBash","Sadistic Nature","HornCleat","Orichalcum","StuffTheSpire:HistoryBook","Panache+1","Fasting2+1"],"campfire_rested":0,"item_purchase_floors":[2,2,2,2,5,5,5,5,5,22,22,22,22,22],"current_hp_per_floor":[61,61,61,61,61,61,61,49,49,49,49,34,12,12,12,5,52,13,13,20,20,20,18,18,18,18,0,0],"gold":1881,"neow_bonus":"THREE_ENEMY_KILL","is_daily":false,"chose_seed":false,"campfire_upgraded":3,"win_rate":0.0,"timestamp":1613037774,"path_taken":["M","$","?","M","$","E","R","E","T","R","?","E","E","?","R","BOSS","M","?","?","?","$","E","R","E","T","E"],"items_purchased_type":["Relic","Relic","Card","Potion","Relic","Relic","Relic","Card","Card","Relic","Relic","Relic","Card","Card"],"build_version":"2020-12-22","purchased_purges":2,"victory":false,"max_hp_per_floor":[68,68,68,68,68,68,68,68,68,68,68,68,68,68,68,68,68,68,68,75,75,75,75,75,75,75,75,75],"card_choices":[{"not_picked":["FlurryOfBlows","EmptyBody"],"picked":"Protect","floor":1},{"not_picked":["EmptyFist","FlurryOfBlows"],"picked":"TalkToTheHand","floor":4},{"not_picked":["Weave","ClearTheMind","SpiritShield"],"picked":"SKIP","floor":6},{"not_picked":["JustLucky","Protect","EmptyBody"],"picked":"SKIP","floor":8},{"not_picked":["Fasting2+1","DeceiveReality","SashWhip"],"picked":"SKIP","floor":11},{"not_picked":["ThirdEye","JustLucky"],"picked":"Prostrate","floor":12},{"not_picked":["MentalFortress+1","Wireheading+1"],"picked":"Worship","floor":13},{"not_picked":["EmptyMind","EmptyBody"],"picked":"LikeWater+1","floor":14},{"not_picked":["SpiritShield","Judgement"],"picked":"DevaForm+1","floor":16},{"not_picked":["FlyingSleeves","ThirdEye"],"picked":"Consecrate","floor":18},{"not_picked":["Study+1","Protect"],"picked":"Prostrate+1","floor":23},{"not_picked":["Indignation","Study+1","ClearTheMind"],"picked":"SKIP","floor":25}],"player_experience":58867,"relics_obtained":[{"floor":6,"key":"Pocketwatch"},{"floor":8,"key":"Frozen Egg 2"},{"floor":9,"key":"StuffTheSpire:Mouthbags"},{"floor":9,"key":"Pantograph"},{"floor":12,"key":"StoneCalendar"},{"floor":13,"key":"StuffTheSpire:Barrel"},{"floor":20,"key":"Strawberry"},{"floor":20,"key":"StuffTheSpire:Tea"},{"floor":23,"key":"Boot"},{"floor":25,"key":"Omamori"},{"floor":26,"key":"StuffTheSpire:EmeraldSignet"}],"event_choices":[{"cards_removed":["Defend_P"],"damage_healed":0,"gold_gain":0,"player_choice":"Purged","damage_taken":0,"max_hp_gain":0,"max_hp_loss":0,"event_name":"Purifier","floor":3,"gold_loss":0}],"is_beta":false,"boss_relics":[{"not_picked":["StuffTheSpire:ModemDavis","Astrolabe"],"picked":"StuffTheSpire:RunicHypercube"}],"items_purged_floors":[5,22],"is_endless":false,"potions_floor_spawned":[6,8,11,14,16,18,23],"killed_by":"Slavers","ascension_level":20}}