{"host":"fc5kl670efuhtomy","time":1613018554,"event":{"mods":["AchievementEnabler","Act Like it!","Arknights","BaseMod","Colored Powertips","Downfall","Marisa£®ÏF”Í°°ƒß¿Ì…≥£©","Minty Spire (QoL Compilation)","Quick Restart","Reimu£®≤©¿ˆ¡È√Œ£©","Relic Stats","Replay The Spire","Spicy Shops","StSLib","The Bug Knight","The Construct","The Cursed","The Servant 0.9.4","WarShipGirlsR/’ΩΩ¢…Ÿ≈ÆR mod"],"gold_per_floor":[112,39,39,39,57,57,100,123,123,123,143,173,173,198,108,239,239,257,257,257,282,305,305,37,37,60,84,100,116,139,139,139,268,268,287,301,301,321,341,382,382,425,425,425,105,105,5,39,39,39],"floor_reached":51,"language":"ZHS","playtime":2546,"items_purged":["ats:Defend","ats:Thermite Blade"],"score":659,"play_id":"29bb1f06-f3e2-4c08-8c5d-6f7d3fa1b0ec","local_time":"20210211124234","is_ascension_mode":false,"campfire_choices":[{"data":"ats:Sashimi Platter","floor":6.0,"key":"SMITH"},{"data":"ats:Emotion Absorption","floor":10.0,"key":"SMITH"},{"data":"ats:Absolute Focus","floor":23.0,"key":"SMITH"},{"data":"ats:Calcification","floor":25.0,"key":"SMITH"},{"floor":32.0,"key":"RECALL"},{"data":"ats:Nebulous Foxfire","floor":41,"key":"SMITH"},{"data":"ats:Thorns","floor":46,"key":"SMITH"},{"data":"ats:Guard Mode","floor":49,"key":"SMITH"}],"circlet_count":0,"master_deck":["ats:Armor Crushing Shot+1","ats:Emotion Absorption+1","ats:Thorns+1","ats:Sashimi Platter+1","ats:Charging Defense","ats:Explosion Area Strengthen","ats:Sunburst","ats:Burning Ground","ats:Calcification+1","AbeCurse","ats:Absolute Focus+1","Necronomicurse","ats:Guard Mode+1","ats:Explosion Area Strengthen","ats:Burning Ground","ats:Apocalypse","ats:Guard Mode+1","ats:Magnetic Hammer+1","ats:Cat Scratch","ats:Poison Spread","ats:Nebulous Foxfire+1","ats:Very Hot Blade","ats:Neurotoxin+1","ats:Curse Doll+1","ats:Ignite+1","ats:Leaping Hammer+1","ats:Part Time Job","ats:Consecutive Shot Auto","ats:Consecutive Shot Auto","Violence","Purity","Replay:BasicMightCard","ats:Hook Shot","Parasite","ats:Composite Medical Shells+1","ats:Rat Pack"],"relics":["Velvet Choker","Golden Idol","WarpedTongs","ats:Originium","Replay:PocketPolymizer","ReplayTheSpireMod:Ninjato","Odd Mushroom","Abe\u0027s Treasure","Necronomicon","Bronze Scales","Replay:Accelerometer","ats:Hidden Killer","Replay:Rubber Ducky","Honey Jar","ReplayTheSpireMod:Lightbulb","ats:Gyao","ReplayTheSpireMod:ShopPack","BargainBundle"],"acts_visited":["Exordium","TheCity","TheBeyond"],"potions_floor_usage":[33],"damage_taken":[{"damage":1.0,"enemies":"Jaw Worm","floor":1.0,"turns":3.0},{"damage":4.0,"enemies":"Cultist","floor":5.0,"turns":3.0},{"damage":23.0,"enemies":"3 Sentries","floor":7.0,"turns":8.0},{"damage":9.0,"enemies":"Small Slimes","floor":8.0,"turns":2.0},{"damage":4.0,"enemies":"2 Fungi Beasts","floor":11.0,"turns":2.0},{"damage":11.0,"enemies":"The Mushroom Lair","floor":12.0,"turns":2.0},{"damage":0.0,"enemies":"Lots of Slimes","floor":14.0,"turns":2.0},{"damage":8.0,"enemies":"Fading Forest","floor":16.0,"turns":11.0},{"damage":14.0,"enemies":"3 Byrds","floor":18.0,"turns":5.0},{"damage":16.0,"enemies":"Chosen","floor":21.0,"turns":5.0},{"damage":30.0,"enemies":"Sentry and Sphere","floor":22.0,"turns":7.0},{"damage":0.0,"enemies":"Snake Plant","floor":27.0,"turns":2.0},{"damage":12.0,"enemies":"Snecko","floor":28.0,"turns":6.0},{"damage":2.0,"enemies":"Chosen and Byrds","floor":29.0,"turns":5.0},{"damage":12.0,"enemies":"Snake Plant","floor":30.0,"turns":2.0},{"damage":0,"enemies":"Automaton","floor":33,"turns":8},{"damage":0,"enemies":"3 Darklings","floor":35,"turns":3},{"damage":12,"enemies":"3 Shapes","floor":36,"turns":4},{"damage":18,"enemies":"3 Darklings","floor":38,"turns":4},{"damage":0,"enemies":"Jaw Worm Horde","floor":39,"turns":2},{"damage":39,"enemies":"Giant Head","floor":40,"turns":11},{"damage":22,"enemies":"Reptomancer","floor":42,"turns":5},{"damage":11,"enemies":"Writhing Mass","floor":48,"turns":5},{"damage":79,"enemies":"Replay:Hell Engine","floor":50,"turns":11}],"seed_played":"3636155348020620678","potions_obtained":[{"floor":7.0,"key":"Doom Potion"},{"floor":8.0,"key":"Fire Potion"},{"floor":14.0,"key":"Languid Potion"},{"floor":16.0,"key":"Dexterity Potion"},{"floor":21.0,"key":"SneckoOil"},{"floor":27.0,"key":"Adrenaline Potion"},{"floor":29.0,"key":"ats:Burn Small Potion"},{"floor":33,"key":"champ:CounterPotion"},{"floor":36,"key":"Adrenaline Potion"},{"floor":38,"key":"Regen Potion"},{"floor":48,"key":"ats:Top Emergency Sanity Potion"}],"is_trial":false,"path_per_floor":["M","$","?","?","M","R","E","M","T","R","M","?","?","M","R","B",null,"M","?","?","M","M","R","$","R","T","M","M","M","M","?","R","B",null,"M","M","?","M","M","E","R","E","T","?","$","R","$","M","R","B",null],"character_chosen":"DOCTOR_CLASS","items_purchased":["ats:Sashimi Platter","Replay:Accelerometer","ats:Hidden Killer","ReplayTheSpireMod:ShopPack","BargainBundle"],"campfire_rested":0,"item_purchase_floors":[2,24,24,45,45],"current_hp_per_floor":[71,71,53,53,67,67,69,69,69,69,68,61,61,67,67,72,72,63,47,47,41,22,22,22,22,22,23,36,38,39,39,39,72,72,72,67,82,73,79,65,65,77,77,77,77,77,77,82,82,52],"gold":39,"neow_bonus":"BOSS_RELIC","is_daily":false,"chose_seed":false,"campfire_upgraded":7,"win_rate":0.0,"timestamp":1613018554,"path_taken":["M","$","?","?","?","R","E","M","T","R","M","?","?","M","R","BOSS","M","?","?","M","?","R","$","R","T","M","?","M","M","?","R","BOSS","M","M","?","?","M","E","R","E","T","?","?","R","$","?","R","BOSS"],"items_purchased_type":["Card","Relic","Relic","Relic","Relic"],"build_version":"2020-12-22","purchased_purges":2,"victory":true,"max_hp_per_floor":[72,72,72,72,72,72,72,72,72,72,72,72,72,72,72,72,72,72,72,72,72,72,72,72,72,72,72,72,72,72,72,72,72,72,72,72,82,82,82,82,82,82,82,82,82,82,82,82,82,82],"relic_stats":{"counters":[24,115],"Golden Idol":175,"Bronze Scales":[199],"Necronomicon":[13],"obtain_stats":[{"Replay:Accelerometer":24,"BargainBundle":45,"Replay:PocketPolymizer":7,"ReplayTheSpireMod:Ninjato":9,"Golden Idol":3,"ats:Hidden Killer":24,"Velvet Choker":0,"Odd Mushroom":12,"WarpedTongs":4,"Replay:Rubber Ducky":26,"ats:Gyao":42,"ats:Originium":7,"Bronze Scales":20,"Honey Jar":34,"Necronomicon":19,"ats:Sanity":0,"ReplayTheSpireMod:Lightbulb":40,"Abe\u0027s Treasure":17,"ReplayTheSpireMod:ShopPack":45},{"Replay:Accelerometer":11,"BargainBundle":22,"Replay:PocketPolymizer":3,"ReplayTheSpireMod:Ninjato":4,"Golden Idol":1,"ats:Hidden Killer":11,"Velvet Choker":0,"Odd Mushroom":6,"WarpedTongs":1,"Replay:Rubber Ducky":11,"ats:Gyao":22,"ats:Originium":3,"Bronze Scales":9,"Honey Jar":16,"Necronomicon":9,"ats:Sanity":0,"ReplayTheSpireMod:Lightbulb":21,"Abe\u0027s Treasure":8,"ReplayTheSpireMod:ShopPack":22},{"Replay:Accelerometer":49,"BargainBundle":99,"Replay:PocketPolymizer":14,"ReplayTheSpireMod:Ninjato":16,"Golden Idol":3,"ats:Hidden Killer":49,"Velvet Choker":0,"Odd Mushroom":20,"WarpedTongs":3,"Replay:Rubber Ducky":49,"ats:Gyao":99,"ats:Originium":14,"Bronze Scales":37,"Honey Jar":72,"Necronomicon":37,"ats:Sanity":0,"ReplayTheSpireMod:Lightbulb":94,"Abe\u0027s Treasure":33,"ReplayTheSpireMod:ShopPack":99}],"WarpedTongs":[111]},"card_choices":[{"not_picked":["ats:Ignite","ats:Absolute Focus"],"picked":"ats:Thorns","floor":1.0},{"not_picked":["ats:Cat Scratch","ats:Healing Strengthening"],"picked":"ats:Powerful Strike","floor":5.0},{"not_picked":["ats:LN2 Cannon","ats:Counter Healing Mode"],"picked":"ats:Charging Defense","floor":7.0},{"not_picked":["ats:Guardian Obelisk","ats:Revitalization"],"picked":"ats:Explosion Area Strengthen","floor":8.0},{"not_picked":["ats:Absolute Focus","ats:Support Order"],"picked":"ats:Assault Order","floor":11.0},{"not_picked":["ats:Guard Mode","ats:Apocalypse"],"picked":"ats:Sunburst","floor":12.0},{"not_picked":["ats:Leaping Hammer","ats:Shadow Raid"],"picked":"ats:Burning Ground","floor":14.0},{"not_picked":["ats:Disruption Kick","ats:Ambush"],"picked":"ats:Calcification","floor":16.0},{"not_picked":["ats:Poison Spread+1","ats:Spore Proliferation"],"picked":"ats:Absolute Focus","floor":18.0},{"not_picked":["ats:Powerful Strike","ats:Burning Ground"],"picked":"ats:Guard Mode","floor":21.0},{"not_picked":["ats:Phantom+1","ats:Literary Storm"],"picked":"ats:Thermite Blade","floor":22.0},{"not_picked":["ats:Powerful Strike+1","ats:Closed Bolt Burst Fire"],"picked":"ats:Apocalypse","floor":27.0},{"not_picked":["ats:Steam Pump","ats:Poison Spread"],"picked":"ats:Guard Mode+1","floor":28.0},{"not_picked":["ats:Collapsing Strike","ats:Very Hot Blade"],"picked":"ats:Magnetic Hammer+1","floor":29.0},{"not_picked":["ats:Flexible Camouflage","ats:Hammer On+1"],"picked":"ats:Cat Scratch","floor":30.0},{"not_picked":["ats:Wolf Pack","ats:Dogmatic Field"],"picked":"ats:Nebulous Foxfire","floor":33},{"not_picked":["ats:Apocalypse+1","ats:Guard Mode+1","ats:Encircling Forest+1"],"picked":"ats:Very Hot Blade","floor":35},{"not_picked":["ats:Demon Strength","ats:Poison Spread+1","ats:Flexible Camouflage"],"picked":"ats:Neurotoxin+1","floor":36},{"not_picked":["ats:Closed Bolt Burst Fire","ats:LN2 Cannon+1","ats:Support Order"],"picked":"ats:Curse Doll+1","floor":38},{"not_picked":["ats:Roar Of Ursus","ats:Poison Spread","ats:Assault Order"],"picked":"ats:Ignite+1","floor":39},{"not_picked":["ats:Charging Defense+1","ats:Assault Order+1","ats:Rapid Magazine"],"picked":"ats:Leaping Hammer+1","floor":40},{"not_picked":["ats:Encircling Forest+1","ats:Steam Pump+1","ats:Assault Order+1"],"picked":"ats:Consecutive Shot Auto","floor":42},{"not_picked":["Apotheosis","Metamorphosis","ReplayTheSpireMod:Necrogeddon"],"picked":"Violence","floor":45},{"not_picked":["Secret Weapon","Replay:Parry","Thinking Ahead"],"picked":"Purity","floor":45},{"not_picked":["Flash of Steel","Transmutation","Specialist"],"picked":"Replay:BasicMightCard","floor":45},{"not_picked":["ats:Poison Spread+1","ats:Blood Oath+1","ats:Defend Order+1"],"picked":"ats:Composite Medical Shells+1","floor":48}],"player_experience":224084,"relics_obtained":[{"floor":7.0,"key":"ats:Originium"},{"floor":7.0,"key":"Replay:PocketPolymizer"},{"floor":9.0,"key":"ReplayTheSpireMod:Ninjato"},{"floor":12.0,"key":"Odd Mushroom"},{"floor":19.0,"key":"Necronomicon"},{"floor":26.0,"key":"Replay:Rubber Ducky"},{"floor":40,"key":"ats:Originium"},{"floor":40,"key":"ReplayTheSpireMod:Lightbulb"},{"floor":42,"key":"ats:Originium"},{"floor":42,"key":"ats:Gyao"}],"event_choices":[{"damage_healed":0.0,"max_hp_gain":0.0,"max_hp_loss":0.0,"gold_gain":0.0,"event_name":"Golden Idol","player_choice":"Take Damage","floor":3.0,"gold_loss":0.0,"damage_taken":18.0,"relics_obtained":["Golden Idol"]},{"damage_healed":0.0,"max_hp_gain":0.0,"max_hp_loss":0.0,"gold_gain":0.0,"event_name":"Accursed Blacksmith","player_choice":"Rummage","floor":4.0,"gold_loss":0.0,"damage_taken":0.0,"relics_obtained":["WarpedTongs"],"cards_obtained":["Pain"]},{"damage_healed":0.0,"max_hp_gain":0.0,"max_hp_loss":0.0,"gold_gain":0.0,"event_name":"Mushrooms","player_choice":"Fought Mushrooms","floor":12.0,"gold_loss":0.0,"damage_taken":0.0},{"cards_removed":["Pain"],"damage_healed":0.0,"max_hp_gain":0.0,"max_hp_loss":0.0,"gold_gain":0.0,"event_name":"Purifier","player_choice":"Purged","floor":13.0,"gold_loss":0.0,"damage_taken":0.0},{"cards_removed":["ats:Strike V"],"damage_healed":0.0,"max_hp_gain":0.0,"max_hp_loss":0.0,"gold_gain":0.0,"event_name":"Designer","player_choice":"Upgrade and Remove","floor":15.0,"gold_loss":90.0,"damage_taken":0.0,"cards_upgraded":["ats:Armor Crushing Shot"]},{"damage_healed":0.0,"max_hp_gain":0.0,"max_hp_loss":0.0,"gold_gain":0.0,"event_name":"Cursed Tome","player_choice":"Obtained Book","floor":19.0,"gold_loss":0.0,"damage_taken":16.0},{"damage_healed":0.0,"max_hp_gain":0.0,"max_hp_loss":0.0,"gold_gain":0.0,"event_name":"WeMeetAgain","player_choice":"Gave Potion","floor":20.0,"gold_loss":0.0,"damage_taken":0.0,"relics_obtained":["Bronze Scales"]},{"damage_healed":0.0,"max_hp_gain":0.0,"max_hp_loss":0.0,"gold_gain":0.0,"event_name":"Ghosts","player_choice":"Ignored","floor":31.0,"gold_loss":0.0,"damage_taken":0.0},{"cards_removed":["ats:Echo Reverb"],"damage_healed":5,"gold_gain":0,"player_choice":"Offered Rare","damage_taken":0,"max_hp_gain":10,"max_hp_loss":0,"event_name":"Bonfire Elementals","floor":37,"gold_loss":0},{"damage_healed":0,"gold_gain":0,"cards_transformed":["ats:Defend"],"player_choice":"Transformed","damage_taken":0,"max_hp_gain":0,"max_hp_loss":0,"event_name":"Transmorgrifier","floor":44,"gold_loss":0,"cards_obtained":["ats:Consecutive Shot Auto"]}],"is_beta":false,"boss_relics":[{"not_picked":["SacredBark","Astrolabe"],"picked":"Abe\u0027s Treasure"},{"not_picked":["Replay:Wanted Poster","Empty Cage"],"picked":"Honey Jar"}],"items_purged_floors":[45,47],"is_endless":false,"potions_floor_spawned":[7,8,14,16,21,27,29,33,36,38,48],"ascension_level":0}}