{"host":"40e4adzyl212zebh","time":1613026806,"event":{"mods":["BaseMod","Colored Map","Colored Powertips","Downfall","Minty Spire (QoL Compilation)","Quick Restart","StSLib"],"gold_per_floor":[99,114,214,214,489,503,576,576,605,143,161,2,102,133,143,242,242,142,142,142,154,35,63,63,63,96,96,119,146,177,25,43,147,147,47,59,59,59,76,76,130,130,149,199,214,114,143,160,180,180,180,211,16,16,16,16],"floor_reached":57,"language":"ENG","playtime":6102,"items_purged":["Regret","Slimebound:CorrosiveSpit"],"score":1419,"play_id":"a3289816-84b4-407c-9e2e-c70a5101ac4c","local_time":"20210211160006","is_ascension_mode":false,"campfire_choices":[{"data":"Slimebound:CheckThePlaybook","floor":1,"key":"SMITH"},{"floor":18,"key":"RECALL"},{"data":"Slimebound:Teamwork","floor":27,"key":"SMITH"},{"data":"Slimebound:RainOfGoop","floor":35,"key":"SMITH"},{"data":"Sadistic Nature","floor":40,"key":"SMITH"},{"data":"Slimebound:PrepareCrush","floor":46,"key":"SMITH"},{"data":"Ghostly","floor":54,"key":"SMITH"}],"circlet_count":0,"master_deck":["Slimebound:Defend_Slimebound","Slimebound:Defend_Slimebound","Slimebound:Defend_Slimebound","Slimebound:Defend_Slimebound","Slimebound:Split","Slimebound:GrowthPunch","Slimebound:Schlurp","Slimebound:BestDefense","Slimebound:SplitMire","expansioncontent:DashGenerateEvil+1","Slimebound:RollThrough","Slimebound:Grow","Slimebound:Teamwork+1","Slimebound:MassFeed","Ghostly+1","Ghostly","Ghostly","Ghostly","Ghostly","Slimebound:CheckThePlaybook","Slimebound:PrepareCrush+1","Slimebound:FlameTackle","Slimebound:LeechEnergy+1","Sadistic Nature+1","Slimebound:RainOfGoop+1","Slimebound:Darklings+1","Slimebound:SlimeSpikes+1","Slimebound:SplitAcid+1","Slimebound:SplitBruiser+1","Slimebound:LivingWall+1","expansioncontent:DashGenerateEvil+1"],"relics":["Slimebound:AbsorbEndCombat","Gremlin Horn","HornCleat","downfall:ShatteredFragment","Pen Nib","Omamori","OrangePellets","Shuriken","Busted Crown","downfall:HeartBlessingGreen","Toy Ornithopter","PreservedInsect","Toxic Egg 2","Anchor","Vajra","Dream Catcher","Oddly Smooth Stone","Cursed Key","downfall:HeartBlessingRed","Centennial Puzzle","FossilizedHelix","downfall:HeartBlessingBlue","InkBottle","Letter Opener"],"acts_visited":["Exordium","TheCity","TheBeyond","TheEnding"],"potions_floor_usage":[55,55,55],"damage_taken":[{"damage":12,"enemies":"Small Slimes","floor":2,"turns":3},{"damage":11,"enemies":"Jaw Worm","floor":6,"turns":3},{"damage":16,"enemies":"Lagavulin","floor":9,"turns":3},{"damage":5,"enemies":"downfall:FleeingMerchant","floor":10,"turns":4},{"damage":0,"enemies":"Cultist","floor":11,"turns":2},{"damage":4,"enemies":"downfall:FleeingMerchant","floor":12,"turns":4},{"damage":17,"enemies":"downfall:Heads","floor":13,"turns":4},{"damage":0,"enemies":"3 Sentries","floor":14,"turns":4},{"damage":0,"enemies":"3 Louse","floor":15,"turns":1},{"damage":0,"enemies":"WA_ARCHETYPE_RETAIN","floor":16,"turns":4},{"damage":9,"enemies":"Shell Parasite","floor":21,"turns":8},{"damage":10,"enemies":"downfall:FleeingMerchant","floor":22,"turns":3},{"damage":0,"enemies":"Gremlin Leader","floor":23,"turns":3},{"damage":3,"enemies":"Slavers","floor":26,"turns":5},{"damage":0,"enemies":"Book of Stabbing","floor":30,"turns":3},{"damage":0,"enemies":"Spheric Guardian","floor":32,"turns":3},{"damage":2,"enemies":"IC_MUSHROOM_ARCHETYPE","floor":33,"turns":4},{"damage":0,"enemies":"3 Darklings","floor":36,"turns":1},{"damage":0,"enemies":"Orb Walker","floor":39,"turns":4},{"damage":0,"enemies":"Writhing Mass","floor":43,"turns":4},{"damage":0,"enemies":"2 Orb Walkers","floor":44,"turns":3},{"damage":1,"enemies":"4 Shapes","floor":45,"turns":3},{"damage":2,"enemies":"Nemesis","floor":47,"turns":5},{"damage":0,"enemies":"Spire Growth","floor":48,"turns":3},{"damage":0,"enemies":"Jaw Worm Horde","floor":49,"turns":4},{"damage":5,"enemies":"DF_ARCHETYPE_ORBS","floor":50,"turns":6},{"damage":0,"enemies":"downfall:CharBossMerchant","floor":52,"turns":7},{"damage":30,"enemies":"downfall:NeowBoss","floor":55,"turns":11},{"damage":48,"enemies":"downfall:NeowBossFinal","floor":56,"turns":9}],"seed_played":"3487824714083801317","potions_obtained":[{"floor":11,"key":"ColorlessPotion"},{"floor":13,"key":"AttackPotion"},{"floor":15,"key":"Explosive Potion"},{"floor":16,"key":"Slimebound:SlimyTonguePotion"},{"floor":21,"key":"Regen Potion"},{"floor":30,"key":"LiquidMemories"},{"floor":33,"key":"Slimebound:SlimyTonguePotion"},{"floor":48,"key":"CultistPotion"}],"is_trial":false,"path_per_floor":["R","M","?","T","?","M","T","?","E","$","M","$","?","E","M","B",null,"R","?","?","M","$","E","T","$","E","R","T","T","E","$","M","B",null,"R","M","?","?","M","R","T","?","M","?","M","R","E","M","M","B",null,"E","$","R","B","B",null],"character_chosen":"SLIMEBOUND","items_purchased":["expansioncontent:DashGenerateEvil","Omamori","Slimebound:RollThrough","OrangePellets","Toy Ornithopter","Sadistic Nature","Oddly Smooth Stone","expansioncontent:DashGenerateEvil+1"],"campfire_rested":0,"item_purchase_floors":[10,10,10,12,22,22,31,53],"current_hp_per_floor":[65,55,55,55,55,48,48,30,20,23,29,33,18,24,24,32,65,65,32,32,30,23,23,23,23,22,22,22,22,25,25,28,30,44,44,47,47,47,47,47,47,47,47,50,56,66,69,72,75,72,75,75,75,75,66,26],"gold":16,"neow_bonus":"THREE_RARE_CARDS","is_daily":false,"chose_seed":false,"campfire_upgraded":6,"win_rate":0.0,"timestamp":1613026806,"path_taken":["R","M","?","?","?","?","T","?","E","$","M","$","?","E","M","BOSS","R","?","?","?","$","E","T","?","E","R","?","?","E","$","M","BOSS","R","M","?","?","M","R","T","?","M","?","?","R","E","M","M","BOSS","E","$","R","BOSS","BOSS"],"items_purchased_type":["Card","Relic","Card","Relic","Relic","Card","Relic","Card"],"build_version":"2020-12-22","purchased_purges":2,"victory":true,"max_hp_per_floor":[65,65,65,65,65,65,65,65,65,65,65,65,65,65,65,65,65,65,32,32,35,38,38,38,38,38,38,38,38,41,41,44,44,44,44,47,47,47,47,47,47,47,47,50,56,66,69,72,75,75,75,75,75,75,75,75],"card_choices":[{"not_picked":["Slimebound:PrepareCrush","Slimebound:SelfFormingGoo"],"picked":"Slimebound:CheckThePlaybook","floor":0},{"not_picked":["Slimebound:LeechEnergy","Slimebound:SamplingLick"],"picked":"Slimebound:GrowthPunch","floor":2},{"not_picked":["Slimebound:SlimeBrawl","Slimebound:LevelUp"],"picked":"Slimebound:Schlurp","floor":6},{"not_picked":["Slimebound:AcidTongue","Slimebound:SamplingLick"],"picked":"Slimebound:BestDefense","floor":9},{"not_picked":["Slimebound:Nibble","Slimebound:SplitAcid"],"picked":"Slimebound:SplitMire","floor":10},{"not_picked":["Slimebound:Prepare","Slimebound:SlimeSpikes"],"picked":"Slimebound:Grow","floor":11},{"not_picked":["Slimebound:SplitAcid","Slimebound:ItLooksTasty","Slimebound:LeechingTouch"],"picked":"SKIP","floor":12},{"not_picked":["Slimebound:SplitLeeching","Slimebound:LeechEnergy"],"picked":"Slimebound:Chomp","floor":13},{"not_picked":["Slimebound:Grow","Slimebound:FirmFortitude","Slimebound:LeechingTouch"],"picked":"SKIP","floor":14},{"not_picked":["Slimebound:TongueLash","Slimebound:SamplingLick","Slimebound:ForwardTackle"],"picked":"SKIP","floor":15},{"not_picked":["Slimebound:SlimeSlap","Slimebound:PrepareCrush"],"picked":"Slimebound:MassFeed","floor":16},{"not_picked":[],"picked":"Slimebound:LeechEnergy+1","floor":21},{"not_picked":["Slimebound:HauntingLick"],"picked":"SKIP","floor":22},{"not_picked":[],"picked":"Slimebound:RainOfGoop","floor":23},{"not_picked":["Slimebound:DisruptingSlam"],"picked":"SKIP","floor":26},{"not_picked":["Slimebound:ItLooksTasty+1"],"picked":"SKIP","floor":30},{"not_picked":["Slimebound:ComboTackle"],"picked":"SKIP","floor":32},{"not_picked":["Slimebound:ItLooksTasty+1"],"picked":"SKIP","floor":36},{"not_picked":[],"picked":"Slimebound:SlimeSpikes+1","floor":39},{"not_picked":["Slimebound:GrowthPunch"],"picked":"SKIP","floor":43},{"not_picked":["Slimebound:TongueLash+1"],"picked":"SKIP","floor":45},{"not_picked":[],"picked":"Slimebound:SplitAcid+1","floor":47},{"not_picked":["Slimebound:Grow"],"picked":"SKIP","floor":48},{"not_picked":["Slimebound:SplitBruiser+1"],"picked":"SKIP","floor":49},{"not_picked":[],"picked":"Slimebound:SplitBruiser+1","floor":49},{"not_picked":[],"picked":"Slimebound:LivingWall+1","floor":52}],"player_experience":600112,"relics_obtained":[{"floor":4,"key":"Gremlin Horn"},{"floor":7,"key":"HornCleat"},{"floor":9,"key":"Pen Nib"},{"floor":14,"key":"Shuriken"},{"floor":23,"key":"PreservedInsect"},{"floor":24,"key":"Toxic Egg 2"},{"floor":26,"key":"Anchor"},{"floor":29,"key":"Vajra"},{"floor":30,"key":"Dream Catcher"},{"floor":41,"key":"Centennial Puzzle"},{"floor":44,"key":"FossilizedHelix"},{"floor":47,"key":"InkBottle"},{"floor":52,"key":"Letter Opener"}],"event_choices":[{"damage_healed":0,"gold_gain":0,"player_choice":"Became a Ghost","damage_taken":0,"max_hp_gain":0,"max_hp_loss":33,"event_name":"Ghosts","floor":19,"gold_loss":0,"cards_obtained":["Ghostly","Ghostly","Ghostly","Ghostly","Ghostly"]},{"cards_removed":["Slimebound:Chomp"],"damage_healed":0,"gold_gain":0,"player_choice":"Removed Attack","damage_taken":0,"max_hp_gain":0,"max_hp_loss":0,"event_name":"Falling","floor":38,"gold_loss":0},{"damage_healed":0,"gold_gain":0,"player_choice":"Fight","damage_taken":0,"max_hp_gain":0,"max_hp_loss":0,"event_name":"Mysterious Sphere","floor":44,"gold_loss":0}],"is_beta":false,"boss_relics":[{"not_picked":["Sozu","Pandora\u0027s Box"],"picked":"Busted Crown"},{"not_picked":["Velvet Choker","bronze:MakeshiftBattery"],"picked":"Cursed Key"}],"items_purged_floors":[10,22],"is_endless":false,"potions_floor_spawned":[11,13,15,16,21,30,33,39,43,45,48],"ascension_level":0}}