{"host":"ls51t9cob9m2p2s9","time":1613061417,"event":{"mods":["2.2 Compatiblity","AchievementEnabler","Bard","BaseMod","Beaked The Cultist","Become a monster ???","Better Third Choice","Challenge The Spire","Colored Powertips","Conspire","Downfall","Gremlin Mod","Hermit","Highlight Path","Lobotomy","Marisa????????","Mimic Mod","Minty Spire (QoL Compilation)","Quick Restart","Random Character Button","Rare Cards Sparkle","Reliquary","Replay The Spire","Shop Mod","StSLib","The Disciple","The Hierophant","TheBandit","TheHeartMod","Thieving Mod","Uncapped","Wandering Minibosses"],"gold_per_floor":[117,117,133,23,35,35,35,35],"floor_reached":7,"language":"ENG","playtime":1193,"items_purged":[],"score":41,"play_id":"c83279cd-ec0c-4f35-a835-20ece048c9f0","local_time":"20210211163657","is_ascension_mode":false,"campfire_choices":[{"data":"LockedBlood","floor":6,"key":"SMITH"}],"circlet_count":0,"master_deck":["Strike_Br","Strike_Br","Strike_Br","Strike_Br","Defend_Br","Defend_Br","Defend_Br","Defend_Br","SecondHand","PatternShift","FairyFestival","Accruing","PunishingBird","LockedWarPaint+1","Echoward","Allegro+1","CherryBlossoms","LockedBlood+1"],"relics":["Chronometer","CogitoBucket"],"acts_visited":["Exordium"],"potions_floor_usage":[],"damage_taken":[{"damage":9,"enemies":"Jaw Worm","floor":1,"turns":8},{"damage":8,"enemies":"Cultist","floor":3,"turns":5},{"damage":1,"enemies":"2 Louse","floor":5,"turns":3},{"damage":106,"enemies":"Lagavulin","floor":7,"turns":16}],"seed_played":"-2857039073980738427","potions_obtained":[{"floor":5,"key":"FearPotion"}],"is_trial":false,"path_per_floor":["M","?","M","$","M","R","E"],"character_chosen":"CHRONO_CLASS","items_purchased":["LockedWarPaint+1","Echoward"],"campfire_rested":0,"item_purchase_floors":[4,4],"current_hp_per_floor":[56,56,53,53,56,56,0,0],"gold":35,"neow_bonus":"","is_daily":false,"chose_seed":false,"campfire_upgraded":1,"win_rate":0.0,"timestamp":1613061417,"path_taken":["M","?","M","$","M","R","E"],"items_purchased_type":["Card","Card"],"build_version":"2020-12-22","purchased_purges":0,"victory":false,"max_hp_per_floor":[65,65,65,65,65,65,65,65],"card_choices":[{"not_picked":["LittlePrince","MHz"],"picked":"FairyFestival","floor":1},{"not_picked":["Goo","BlueShift"],"picked":"Accruing","floor":1},{"not_picked":["UniverseFragment","Murderer"],"picked":"PunishingBird","floor":3},{"not_picked":["FormalWear","AlternateTimeline"],"picked":"Tempo","floor":3},{"not_picked":["SpiderBud","CrumblingArmor"],"picked":"CherryBlossoms","floor":5},{"not_picked":["Keepsakes","CrunchTime"],"picked":"LockedBlood","floor":5}],"player_experience":437706,"relics_obtained":[],"event_choices":[{"damage_healed":0,"gold_gain":0,"player_choice":"Ignored","damage_taken":0,"max_hp_gain":0,"max_hp_loss":0,"event_name":"NoteForYourself","floor":2,"gold_loss":0}],"is_beta":false,"boss_relics":[],"items_purged_floors":[],"is_endless":false,"potions_floor_spawned":[5],"killed_by":"Lagavulin","ascension_level":0}}