{"host":"8is2j71l4wmybkoi","time":1613034124,"event":{"mods":["AchievementEnabler","BaseMod","Colored Map","Minty Spire (QoL Compilation)","Rare Cards Sparkle","StSLib","SuperFastMode"],"gold_per_floor":[114,7,7,22,22,51,51,70,70,83,102,138,138,162,162,251,251,271,287,202,202,7,37,37,71,140,12,12,31,46,71,71,142,142,153,163,163,176,176,204,204,231,300,300,314,360,385,166,166,166,166,166,21,56,56],"floor_reached":56,"language":"KOR","playtime":5901,"items_purged":["Strike_G","Strike_G"],"score":2109,"play_id":"9a7dbf42-0f0e-4842-b2cb-d066548c2dbb","local_time":"20210211180204","is_ascension_mode":true,"campfire_choices":[{"data":"Neutralize","floor":13.0,"key":"SMITH"},{"data":"Footwork","floor":15.0,"key":"SMITH"},{"data":"Doppelganger","floor":24.0,"key":"SMITH"},{"floor":28.0,"key":"REST"},{"data":"Tactician","floor":32.0,"key":"SMITH"},{"floor":41,"key":"RECALL"},{"floor":44,"key":"REST"},{"data":"Calculated Gamble","floor":49,"key":"SMITH"},{"data":"Concentrate","floor":52,"key":"SMITH"}],"circlet_count":0,"master_deck":["AscendersBane","Strike_G+1","Strike_G","Defend_G","Defend_G","Defend_G","Defend_G+1","Defend_G","Survivor","Neutralize+1","Quick Slash","Masterful Stab","Footwork+1","Tactician+1","Eviscerate","Dash","Dodge and Roll","Dagger Throw","Adrenaline","Caltrops+1","Reflex","Doppelganger+1","Underhanded Strike+1","Dagger Throw","Prepared+1","Corpse Explosion","Tactician+1","Blur+1","Calculated Gamble+1","Backflip","Concentrate+1","Bouncing Flask","PiercingWail","Malaise","Prepared+1","Backflip","Bullet Time","PiercingWail"],"relics":["Ring of the Snake","NeowsBlessing","HornCleat","Bloody Idol","Lantern","Vajra","Philosopher\u0027s Stone","Blood Vial","Lee\u0027s Waffle","Tiny Chest","Regal Pillow","White Beast Statue","Bird Faced Urn","Runic Pyramid","Nunchaku","Molten Egg 2","Pantograph","Tingsha","Dead Branch","Orrery","Pen Nib"],"acts_visited":["Exordium","TheCity","TheBeyond","TheEnding"],"potions_floor_usage":[35,38,42,42,46,55],"damage_taken":[{"damage":0.0,"enemies":"2 Louse","floor":1.0,"turns":1.0},{"damage":0.0,"enemies":"Jaw Worm","floor":4.0,"turns":1.0},{"damage":0.0,"enemies":"3 Sentries","floor":6.0,"turns":1.0},{"damage":0.0,"enemies":"Small Slimes","floor":8.0,"turns":2.0},{"damage":0.0,"enemies":"Blue Slaver","floor":10.0,"turns":3.0},{"damage":1.0,"enemies":"Gremlin Gang","floor":11.0,"turns":4.0},{"damage":0.0,"enemies":"Gremlin Nob","floor":12.0,"turns":3.0},{"damage":0.0,"enemies":"Large Slime","floor":14.0,"turns":4.0},{"damage":12.0,"enemies":"Slime Boss","floor":16.0,"turns":10.0},{"damage":9.0,"enemies":"3 Byrds","floor":18.0,"turns":5.0},{"damage":8.0,"enemies":"2 Thieves","floor":19.0,"turns":4.0},{"damage":25.0,"enemies":"Book of Stabbing","floor":23.0,"turns":5.0},{"damage":42.0,"enemies":"Gremlin Leader","floor":25.0,"turns":11.0},{"damage":0.0,"enemies":"Chosen and Byrds","floor":29.0,"turns":5.0},{"damage":8.0,"enemies":"Shelled Parasite and Fungi","floor":30.0,"turns":3.0},{"damage":0.0,"enemies":"Book of Stabbing","floor":31.0,"turns":6.0},{"damage":65.0,"enemies":"Champ","floor":33.0,"turns":10.0},{"damage":12,"enemies":"3 Darklings","floor":35,"turns":2},{"damage":1,"enemies":"Orb Walker","floor":36,"turns":3},{"damage":7,"enemies":"Transient","floor":38,"turns":5},{"damage":2,"enemies":"Nemesis","floor":40,"turns":7},{"damage":63,"enemies":"Giant Head","floor":42,"turns":10},{"damage":21,"enemies":"4 Shapes","floor":45,"turns":6},{"damage":25,"enemies":"2 Orb Walkers","floor":46,"turns":2},{"damage":0,"enemies":"Mind Bloom Boss Battle","floor":47,"turns":3},{"damage":43,"enemies":"Donu and Deca","floor":50,"turns":6},{"damage":14,"enemies":"Shield and Spear","floor":54,"turns":5},{"damage":41,"enemies":"The Heart","floor":55,"turns":10}],"seed_played":"1333348571720814539","potions_obtained":[{"floor":4.0,"key":"Ancient Potion"},{"floor":8.0,"key":"Energy Potion"},{"floor":10.0,"key":"DuplicationPotion"},{"floor":12.0,"key":"ColorlessPotion"},{"floor":16.0,"key":"BlessingOfTheForge"},{"floor":19.0,"key":"EssenceOfSteel"},{"floor":25.0,"key":"SpeedPotion"},{"floor":29.0,"key":"Energy Potion"},{"floor":30.0,"key":"BlessingOfTheForge"},{"floor":31.0,"key":"CultistPotion"},{"floor":33.0,"key":"PowerPotion"},{"floor":35,"key":"Strength Potion"},{"floor":36,"key":"LiquidMemories"},{"floor":38,"key":"BlessingOfTheForge"},{"floor":42,"key":"Poison Potion"},{"floor":45,"key":"SteroidPotion"},{"floor":46,"key":"Poison Potion"},{"floor":47,"key":"GhostInAJar"},{"floor":54,"key":"Block Potion"}],"is_trial":false,"path_per_floor":["M","$","?","M","?","E","?","M","T","M","M","E","R","M","R","B",null,"M","M","?","?","$","E","R","E","T","$","R","M","M","E","R","B",null,"M","M","?","M","T","E","R","E","T","R","M","?","?","$","R","B",null,"R","$","E","B",null],"character_chosen":"THE_SILENT","items_purchased":["Masterful Stab","Footwork","Lee\u0027s Waffle","FearPotion","Dagger Throw","Bouncing Flask","PiercingWail","Orrery"],"campfire_rested":2,"item_purchase_floors":[2,2,22,22,27,48,48,53],"current_hp_per_floor":[59,59,59,59,39,39,39,39,39,39,38,38,38,38,38,26,52,43,35,35,35,67,47,47,12,17,17,52,59,58,65,65,7,52,53,61,61,65,65,67,67,9,14,49,39,23,59,59,59,24,56,56,56,55,31],"gold":56,"neow_bonus":"THREE_ENEMY_KILL","is_daily":false,"chose_seed":false,"campfire_upgraded":6,"win_rate":0.0,"timestamp":1613034124,"path_taken":["M","$","?","M","?","E","?","M","T","?","M","E","R","M","R","BOSS","M","?","?","?","$","E","R","E","T","?","R","M","M","E","R","BOSS","M","M","?","?","?","E","R","E","T","R","?","?","?","$","R","BOSS","R","$","E","BOSS"],"items_purchased_type":["Card","Card","Relic","Potion","Card","Card","Card","Relic"],"build_version":"2020-12-22","purchased_purges":2,"victory":true,"max_hp_per_floor":[66,66,66,66,66,66,60,60,60,60,60,60,60,60,60,60,60,60,60,60,60,67,67,67,67,67,67,67,67,67,67,67,67,67,67,67,67,67,67,67,67,67,67,67,67,67,67,67,67,67,67,67,67,67,67],"card_choices":[{"not_picked":["Dodge and Roll","Riddle With Holes"],"picked":"Quick Slash","floor":1.0},{"not_picked":["Bane","Bouncing Flask"],"picked":"Tactician","floor":4.0},{"not_picked":["Tactician","Poisoned Stab"],"picked":"Eviscerate","floor":6.0},{"not_picked":["Underhanded Strike","Riddle With Holes","Cloak And Dagger"],"picked":"SKIP","floor":8.0},{"not_picked":["Choke","Flechettes"],"picked":"Dash","floor":10.0},{"not_picked":["Deflect","Night Terror"],"picked":"Dodge and Roll","floor":11.0},{"not_picked":["Endless Agony","Deflect"],"picked":"Dagger Throw","floor":12.0},{"not_picked":["All Out Attack","Quick Slash","Dagger Throw"],"picked":"SKIP","floor":14.0},{"not_picked":["Tools of the Trade","Grand Finale"],"picked":"Adrenaline","floor":16.0},{"not_picked":["Sucker Punch","Deadly Poison"],"picked":"Caltrops+1","floor":18.0},{"not_picked":["Crippling Poison","Dagger Spray"],"picked":"Reflex","floor":19.0},{"not_picked":["Eviscerate","All Out Attack"],"picked":"Doppelganger","floor":23.0},{"not_picked":["Flechettes","Predator"],"picked":"Underhanded Strike+1","floor":25.0},{"not_picked":["Flying Knee","Deflect","Expertise"],"picked":"SKIP","floor":29.0},{"not_picked":["Blade Dance","Infinite Blades"],"picked":"Prepared","floor":30.0},{"not_picked":["Flying Knee","Expertise","Deflect"],"picked":"SKIP","floor":31.0},{"not_picked":["Phantasmal Killer","Bullet Time"],"picked":"Corpse Explosion","floor":33.0},{"not_picked":["Poisoned Stab","Prepared","Caltrops+1"],"picked":"SKIP","floor":35},{"not_picked":["Underhanded Strike","Slice"],"picked":"Tactician+1","floor":36},{"not_picked":["Slice","Distraction+1"],"picked":"Blur+1","floor":38},{"not_picked":["Blade Dance+1","Dodge and Roll","Quick Slash+1"],"picked":"SKIP","floor":40},{"not_picked":["Cloak And Dagger","Backstab+1","Distraction"],"picked":"SKIP","floor":42},{"not_picked":["A Thousand Cuts","Setup+1"],"picked":"Calculated Gamble","floor":45},{"not_picked":["Calculated Gamble","Bane+1"],"picked":"Backflip","floor":46},{"not_picked":["Dash+1","Poisoned Stab+1"],"picked":"Concentrate","floor":47},{"not_picked":["Cloak And Dagger","Deadly Poison"],"picked":"Malaise","floor":53},{"not_picked":["Tactician","Concentrate"],"picked":"Prepared+1","floor":53},{"not_picked":["Heel Hook+1","Eviscerate+1"],"picked":"Backflip","floor":53},{"not_picked":["Dagger Spray+1","PiercingWail"],"picked":"Bullet Time","floor":53},{"not_picked":["Tactician","Blade Dance"],"picked":"PiercingWail","floor":53},{"not_picked":["Prepared+1","Bane+1","Deadly Poison"],"picked":"SKIP","floor":54}],"player_experience":1125418,"relics_obtained":[{"floor":6.0,"key":"HornCleat"},{"floor":9.0,"key":"Lantern"},{"floor":12.0,"key":"Vajra"},{"floor":23.0,"key":"Tiny Chest"},{"floor":25.0,"key":"Regal Pillow"},{"floor":26.0,"key":"White Beast Statue"},{"floor":31.0,"key":"Bird Faced Urn"},{"floor":40,"key":"Nunchaku"},{"floor":42,"key":"Molten Egg 2"},{"floor":43,"key":"Pantograph"},{"floor":46,"key":"Tingsha"},{"floor":47,"key":"Dead Branch"},{"floor":54,"key":"Pen Nib"}],"event_choices":[{"cards_removed":["Strike_G"],"damage_healed":0.0,"max_hp_gain":0.0,"max_hp_loss":0.0,"gold_gain":0.0,"event_name":"Living Wall","player_choice":"Forget","floor":3.0,"gold_loss":0.0,"damage_taken":0.0},{"damage_healed":0.0,"max_hp_gain":0.0,"max_hp_loss":0.0,"gold_gain":0.0,"event_name":"Shining Light","player_choice":"Entered Light","floor":5.0,"gold_loss":0.0,"damage_taken":20.0,"cards_upgraded":["Strike_G","Defend_G"]},{"damage_healed":0.0,"max_hp_gain":0.0,"max_hp_loss":6.0,"gold_gain":0.0,"event_name":"Golden Idol","player_choice":"Lose Max HP","floor":7.0,"gold_loss":0.0,"damage_taken":0.0,"relics_obtained":["Golden Idol"]},{"damage_healed":0.0,"max_hp_gain":0.0,"max_hp_loss":0.0,"gold_gain":0.0,"event_name":"Addict","player_choice":"Obtained Relic","floor":20.0,"gold_loss":85.0,"damage_taken":0.0,"relics_obtained":["Blood Vial"]},{"damage_healed":0.0,"max_hp_gain":0.0,"max_hp_loss":0.0,"gold_gain":0.0,"event_name":"Forgotten Altar","player_choice":"Gave Idol","floor":21.0,"relics_lost":["Golden Idol"],"gold_loss":0.0,"damage_taken":0.0,"relics_obtained":["Bloody Idol"]},{"damage_healed":0,"gold_gain":0,"player_choice":"Upgraded","damage_taken":0,"max_hp_gain":0,"max_hp_loss":0,"event_name":"Upgrade Shrine","floor":37,"gold_loss":0,"cards_upgraded":["Prepared"]},{"damage_healed":0,"gold_gain":0,"player_choice":"Fight","damage_taken":0,"max_hp_gain":0,"max_hp_loss":0,"event_name":"Mysterious Sphere","floor":46,"gold_loss":0},{"damage_healed":0,"gold_gain":0,"player_choice":"Fight","damage_taken":0,"max_hp_gain":0,"max_hp_loss":0,"event_name":"MindBloom","floor":47,"gold_loss":0}],"is_beta":false,"boss_relics":[{"not_picked":["Ring of the Serpent","Velvet Choker"],"picked":"Philosopher\u0027s Stone"},{"not_picked":["Sozu","Fusion Hammer"],"picked":"Runic Pyramid"}],"items_purged_floors":[27,48],"is_endless":false,"potions_floor_spawned":[4,8,10,12,16,19,25,29,30,31,33,35,36,38,40,42,45,46,47,54],"ascension_level":15}}