{"host":"3po7ngt2j61s4rmj","time":1613015885,"event":{"mods":["BaseMod","Minty Spire (QoL Compilation)","Relic Stats","Replay The Spire","StSLib"],"gold_per_floor":[119,138,155,175,175,175,175],"floor_reached":6,"language":"ENG","playtime":333,"items_purged":[],"score":76,"play_id":"2a107836-265a-482c-98d0-23a12bc05403","local_time":"20210210205805","is_ascension_mode":true,"campfire_choices":[],"circlet_count":0,"master_deck":["AscendersBane","Strike_B","Strike_B","Strike_B","Strike_B","Defend_B","Defend_B","Defend_B","Defend_B","Zap","Dualcast","Glacier","Streamline","Barrage","Ball Lightning","Stack"],"relics":["Cracked Core","Bird Faced Urn"],"acts_visited":["Exordium"],"potions_floor_usage":[],"damage_taken":[{"damage":4,"enemies":"Small Slimes","floor":1,"turns":3},{"damage":0,"enemies":"2 Louse","floor":2,"turns":3},{"damage":1,"enemies":"Cultist","floor":3,"turns":3},{"damage":0,"enemies":"3 Louse","floor":4,"turns":5},{"damage":57,"enemies":"Gremlin Nob","floor":6,"turns":4}],"seed_played":"5145494838385379324","potions_obtained":[],"is_trial":false,"path_per_floor":["M","M","M","M","?","E"],"character_chosen":"DEFECT","items_purchased":[],"campfire_rested":0,"item_purchase_floors":[],"current_hp_per_floor":[60,60,59,59,41,0,0],"gold":175,"neow_bonus":"THREE_CARDS","is_daily":false,"chose_seed":false,"campfire_upgraded":0,"win_rate":0.0,"timestamp":1613015885,"path_taken":["M","M","M","M","?","E"],"items_purchased_type":[],"build_version":"2020-12-22","purchased_purges":0,"victory":false,"max_hp_per_floor":[71,71,71,71,71,71,71],"relic_stats":{"counters":[5,18],"Bird Faced Urn":[0],"obtain_stats":[{"Bird Faced Urn":5,"Cracked Core":0},{"Bird Faced Urn":4,"Cracked Core":0},{"Bird Faced Urn":14,"Cracked Core":0}]},"card_choices":[{"not_picked":["Streamline","Stack"],"picked":"Glacier","floor":0},{"not_picked":["Beam Cell","Stack"],"picked":"Streamline","floor":1},{"not_picked":["Stack","BasicCrystalCard"],"picked":"Barrage","floor":2},{"not_picked":["Aggregate","Consume"],"picked":"Ball Lightning","floor":3},{"not_picked":["Streamline","Barrage"],"picked":"Stack","floor":4}],"player_experience":896695,"relics_obtained":[],"event_choices":[{"damage_healed":0,"gold_gain":0,"player_choice":"Success","damage_taken":18,"relics_obtained":["Bird Faced Urn"],"max_hp_gain":0,"max_hp_loss":0,"event_name":"Scrap Ooze","floor":5,"gold_loss":0}],"is_beta":false,"boss_relics":[],"items_purged_floors":[],"is_endless":false,"potions_floor_spawned":[],"killed_by":"Gremlin Nob","ascension_level":20}}