{"host":"c3lc60y5x60jlt1y","time":1613067374,"event":{"mods":["AchievementEnabler","BaseMod","Bestiary","Colored Map","Minty Spire (QoL Compilation)","Quick Restart","StSLib","ojb\u0027s Info Mod"],"gold_per_floor":[110,110,35,35,55,86,86,100,146,162,192,208,242,28,28,101,101,115,115,127,147,11,11,51,51,51],"floor_reached":25,"language":"ENG","playtime":3547,"items_purged":["Defend_P","Defend_P"],"score":557,"play_id":"06325d8d-cc6c-4671-9d7b-9b472961c264","local_time":"20210211201614","is_ascension_mode":true,"campfire_choices":[{"data":"Eruption","floor":7.0,"key":"SMITH"},{"data":"TalkToTheHand","floor":15.0,"key":"SMITH"},{"data":"Adaptation","floor":23.0,"key":"SMITH"}],"circlet_count":0,"master_deck":["AscendersBane","Strike_P","Strike_P","Defend_P","Eruption+1","Vigilance","TalkToTheHand+1","BattleHymn","CrushJoints","InnerPeace","Indignation","BowlingBash","LikeWater","Evaluate","Conclude","Bandage Up","DevaForm","CurseOfTheBell","SashWhip+1","FlurryOfBlows+1","Adaptation+1","Establishment"],"relics":["PureWater","NeowsBlessing","Nunchaku","Happy Flower","Pear","White Beast Statue","Calling Bell","Smiling Mask","Pantograph","Thread and Needle","CeramicFish"],"acts_visited":["Exordium","TheCity"],"potions_floor_usage":[24,25,25],"damage_taken":[{"damage":0.0,"enemies":"Jaw Worm","floor":1.0,"turns":1.0},{"damage":0.0,"enemies":"Small Slimes","floor":5.0,"turns":1.0},{"damage":0.0,"enemies":"3 Sentries","floor":6.0,"turns":2.0},{"damage":0.0,"enemies":"2 Louse","floor":8.0,"turns":2.0},{"damage":7.0,"enemies":"Gremlin Gang","floor":10.0,"turns":4.0},{"damage":16.0,"enemies":"Gremlin Nob","floor":11.0,"turns":3.0},{"damage":12.0,"enemies":"Lots of Slimes","floor":12.0,"turns":3.0},{"damage":15.0,"enemies":"3 Sentries","floor":13.0,"turns":6.0},{"damage":13.0,"enemies":"The Guardian","floor":16.0,"turns":9.0},{"damage":36.0,"enemies":"3 Byrds","floor":18.0,"turns":7.0},{"damage":0.0,"enemies":"Chosen","floor":20.0,"turns":3.0},{"damage":9.0,"enemies":"Centurion and Healer","floor":21.0,"turns":5.0},{"damage":37,"enemies":"Book of Stabbing","floor":24,"turns":6},{"damage":14,"enemies":"Chosen and Byrds","floor":25,"turns":5}],"seed_played":"-872518403773055165","potions_obtained":[{"floor":1.0,"key":"LiquidBronze"},{"floor":5.0,"key":"Dexterity Potion"},{"floor":11.0,"key":"Fruit Juice"},{"floor":16.0,"key":"Weak Potion"},{"floor":18.0,"key":"AttackPotion"},{"floor":20.0,"key":"SpeedPotion"},{"floor":24,"key":"Block Potion"}],"is_trial":false,"path_per_floor":["M","?","?","?","M","E","R","M","T","M","E","M","E","$","R","B",null,"M","?","M","M","$","R","E","M"],"character_chosen":"WATCHER","items_purchased":["Conclude","Bandage Up","Adaptation"],"campfire_rested":0,"item_purchase_floors":[14,14,22],"current_hp_per_floor":[61,66,66,66,66,66,66,66,66,59,53,41,26,26,26,22,72,40,40,44,39,39,39,6,0,0],"gold":51,"neow_bonus":"THREE_ENEMY_KILL","is_daily":false,"chose_seed":false,"campfire_upgraded":3,"win_rate":0.0,"timestamp":1613067374,"path_taken":["M","?","?","?","?","E","R","M","T","M","E","M","E","?","R","BOSS","M","?","?","?","$","R","E","M"],"items_purchased_type":["Card","Card","Card"],"build_version":"2020-12-22","purchased_purges":2,"victory":false,"max_hp_per_floor":[68,73,73,73,73,73,73,73,73,73,83,83,83,83,83,88,88,88,88,88,88,88,88,88,88,88],"card_choices":[{"not_picked":["WindmillStrike","SashWhip"],"picked":"TalkToTheHand","floor":1.0},{"not_picked":["CarveReality","ThirdEye"],"picked":"BattleHymn","floor":5.0},{"not_picked":["PathToVictory","Halt"],"picked":"CrushJoints","floor":6.0},{"not_picked":["SashWhip","FearNoEvil"],"picked":"InnerPeace","floor":8.0},{"not_picked":["FlyingSleeves","MasterReality"],"picked":"Indignation","floor":10.0},{"not_picked":["PathToVictory","FlyingSleeves"],"picked":"BowlingBash","floor":11.0},{"not_picked":["Halt","Fasting2"],"picked":"LikeWater","floor":12.0},{"not_picked":["WindmillStrike","ClearTheMind"],"picked":"Evaluate","floor":13.0},{"not_picked":["Vault","Establishment"],"picked":"DevaForm","floor":16.0},{"not_picked":["InnerPeace","EmptyFist"],"picked":"SashWhip+1","floor":18.0},{"not_picked":["FollowUp+1","PathToVictory","Consecrate"],"picked":"SKIP","floor":20.0},{"not_picked":["EmptyFist","Adaptation"],"picked":"FlurryOfBlows+1","floor":21.0},{"not_picked":["Protect","Consecrate"],"picked":"Establishment","floor":24}],"player_experience":9201295,"relics_obtained":[{"floor":6.0,"key":"Nunchaku"},{"floor":9.0,"key":"Happy Flower"},{"floor":11.0,"key":"Pear"},{"floor":13.0,"key":"White Beast Statue"},{"floor":17.0,"key":"Smiling Mask"},{"floor":17.0,"key":"Pantograph"},{"floor":17.0,"key":"Thread and Needle"},{"floor":24,"key":"CeramicFish"}],"event_choices":[{"damage_healed":0.0,"max_hp_gain":5.0,"max_hp_loss":0.0,"gold_gain":0.0,"event_name":"Big Fish","player_choice":"Donut","floor":2.0,"gold_loss":0.0,"damage_taken":0.0},{"cards_removed":["Defend_P"],"damage_healed":0.0,"max_hp_gain":0.0,"max_hp_loss":0.0,"gold_gain":0.0,"event_name":"The Cleric","player_choice":"Card Removal","floor":3.0,"gold_loss":75.0,"damage_taken":0.0},{"cards_removed":["Strike_P"],"damage_healed":0.0,"max_hp_gain":0.0,"max_hp_loss":0.0,"gold_gain":0.0,"event_name":"Purifier","player_choice":"Purged","floor":4.0,"gold_loss":0.0,"damage_taken":0.0},{"cards_removed":["Strike_P"],"damage_healed":0.0,"max_hp_gain":0.0,"max_hp_loss":0.0,"gold_gain":0.0,"event_name":"Purifier","player_choice":"Purged","floor":19.0,"gold_loss":0.0,"damage_taken":0.0}],"is_beta":false,"boss_relics":[{"not_picked":["Runic Dome","Busted Crown"],"picked":"Calling Bell"}],"items_purged_floors":[14,22],"is_endless":false,"potions_floor_spawned":[1,5,11,16,18,20,21,24],"killed_by":"Chosen and Byrds","ascension_level":20}}