{"host":"ecuvtzmejf7hhjpv","time":1613058511,"event":{"mods":["AchievementEnabler","Act Like it!","Aspiration","BaseMod","Better Altar","Better Match","Better Note","Better Sensory Stone","Better Skull","Better Third Choice","BetterRewards","Conspire","Custom Start","Downfall","Gensokyo","GifTheSpireLib","Hallownest","Hermit","Hubris","Kratos Character Expansion","Luminous","Marisa????????","Minty Spire (QoL Compilation)","Prisma Mod","Remilia??????","Replay The Spire","Robot Space Explorer","Spicy Shops","StSLib","The Animator","The Blackbeard","The Bug Knight","The Construct","The Cursed","The Disciple","The Dragon Tamer","The Forsaken","The Hierophant","The Jungle","The Marked","The Necromancer","The Poker Player","The Wild Card","TheSwordswoman"],"gold_per_floor":[167,231,301,396,396,500,500,634,684,740,370,447,508,577,577,779,779,895,965,1040,1040,851,851,851,941,941,1019,1088,1199,1199,1624,1624,1819,1819,1907,1907,1907,2020,1393,1393,766,849,917,917,993,1010,1024,1037,1037,1062,1062,1062,813,894,919],"floor_reached":56,"language":"ENG","playtime":2468,"items_purged":["PrismaMod:MiyuCommonAttack","PrismaMod:MiyuCommonAttack","PrismaMod:MiyuCommonAttack","Decay","theWildCard:Arsene","PrismaMod:MiyuEvokeBuffStr"],"score":1987,"play_id":"03a3ffb4-fb1d-4192-b6f4-7eba011f012c","local_time":"20210211094831","is_ascension_mode":true,"campfire_choices":[{"data":"Apotheosis","floor":7,"key":"SMITH"},{"data":"PrismaMod:MiyuCommonDefend","floor":15,"key":"PURGE"},{"data":"PrismaMod:MiyuCommonDefend","floor":23,"key":"PURGE"},{"data":"PrismaMod:MiyuCheapChannelDefend","floor":30,"key":"PURGE"},{"floor":32,"key":"RECALL"},{"data":"PrismaMod:MiyuUncommonPlate","floor":40,"key":"PURGE"},{"floor":49,"key":"DIG"},{"data":"PrismaMod:MiyuCheapDefend1","floor":52,"key":"SMITH"}],"circlet_count":0,"master_deck":["PrismaMod:MiyuCheapChannelAttack+1","PrismaMod:MiyuCheapChannelDefend+1","PrismaMod:MiyuUncommonAttack","PrismaMod:MiyuUncommonStrBuff","PrismaMod:MiyuEvokeBuffStr","PrismaMod:MiyuUncommonStrBuff","PrismaMod:MiyuUncommonDexBuff","PrismaMod:MiyuOrbIncreasePerm","PrismaMod:MiyuUncommonDexBuff+1","PrismaMod:MiyuCheapDefend1+1","Apotheosis+1","PrismaMod:MiyuUncommonStrBuff","PrismaMod:MiyuUncommonStrBuff","PrismaMod:MiyuOrbIncreasePerm","PrismaMod:MiyuUncommonPlate","PrismaMod:MiyuUncommonDefend","PrismaMod:MiyuOrbIncreasePerm","PrismaMod:MiyuUncommonDexBuff","PrismaMod:MiyuDefendChannelDefend+1","PrismaMod:MiyuOrbIncreasePerm","PrismaMod:MiyuUncommonDexBuff+1","PrismaMod:MiyuCheapPlate+1","PrismaMod:MiyuEvokeCheapAttack","PrismaMod:MiyuUncommonDexBuff","PrismaMod:MiyuAttackChannelAttack","ReplayTheSpireMod:Brewmster","PrismaMod:MiyuUncommonDexBuff"],"relics":["PrismaMod:PrismaSapphire","Membership Card","Lee\u0027s Waffle","War Paint","PreservedInsect","OrangePellets","DollysMirror","Omamori","Tiny Chest","Oddly Smooth Stone","Gremlin Food","Bag of Preparation","MealTicket","hubris:EmptyBottle","Peace Pipe","theForsaken:ScaryMask","Replay:Grab Bag","conspire:SeveredTorchhead","conspire:SlowCooker","Kintsugi","Mummified Hand","Quantum Egg","aspiration:Lifesprig","Old Coin","Black Star","ReplayTheSpireMod:Ninjato","Guide Book","CaptainsWheel","HornCleat","conspire:DeflatedDodgeball","Sling","Bronze Scales","Vajra","Darkstone Periapt","FossilizedHelix","Toy Ornithopter","Replay:Kaleidoscope","aspiration:StickyExplosives_weak","theForsaken:Kindling","aspiration:HiddenCompartment","Unceasing Top","theForsaken:Lifeblossom","conspire:TopHat","HandDrill","aspiration:ChemicalBlood","conspire:Dentures"],"acts_visited":["Exordium","TheCity","TheBeyond","TheEnding"],"potions_floor_usage":[28,29,33,42,42,45,45,46,46,47,47,48,48,50,50,50,50,54,54,55,55,55,55,55,55],"damage_taken":[{"damage":0,"enemies":"Jaw Worm","floor":1,"turns":7},{"damage":0,"enemies":"Small Slimes","floor":2,"turns":4},{"damage":5,"enemies":"2 Louse","floor":3,"turns":4},{"damage":0,"enemies":"Replay:BlueRogue","floor":6,"turns":5},{"damage":0,"enemies":"Lagavulin","floor":8,"turns":8},{"damage":0,"enemies":"3 Sentries","floor":10,"turns":6},{"damage":0,"enemies":"Exordium Wildlife","floor":13,"turns":10},{"damage":0,"enemies":"conspire:2 RoseBushes","floor":14,"turns":5},{"damage":9,"enemies":"The Guardian","floor":16,"turns":6},{"damage":0,"enemies":"conspire:FuzzyDice","floor":18,"turns":8},{"damage":2,"enemies":"3 Byrds","floor":19,"turns":5},{"damage":0,"enemies":"3 Cultists","floor":25,"turns":6},{"damage":0,"enemies":"HollowMod:Nosk","floor":27,"turns":7},{"damage":11,"enemies":"Snake Plant","floor":28,"turns":5},{"damage":1,"enemies":"Shelled Parasite and Fungi","floor":29,"turns":6},{"damage":31,"enemies":"conspire:Head Lice","floor":31,"turns":7},{"damage":0,"enemies":"Automaton","floor":33,"turns":8},{"damage":3,"enemies":"3 Darklings","floor":35,"turns":7},{"damage":11,"enemies":"Orb Walker","floor":38,"turns":8},{"damage":16,"enemies":"Giant Head","floor":42,"turns":6},{"damage":0,"enemies":"Nemesis","floor":45,"turns":7},{"damage":0,"enemies":"Transient","floor":46,"turns":5},{"damage":0,"enemies":"Writhing Mass","floor":47,"turns":5},{"damage":0,"enemies":"Maw","floor":48,"turns":5},{"damage":0,"enemies":"conspire:OrnateMirror","floor":50,"turns":7},{"damage":0,"enemies":"Shield and Spear","floor":54,"turns":6},{"damage":16,"enemies":"The Heart","floor":55,"turns":7}],"seed_played":"5931679537958190942","potions_obtained":[{"floor":1,"key":"Strength Potion"},{"floor":14,"key":"Swift Potion"},{"floor":19,"key":"Weak Potion"},{"floor":28,"key":"Energy Potion"},{"floor":29,"key":"DuplicationPotion"},{"floor":38,"key":"hexamod:SoulburnPotion"}],"is_trial":false,"path_per_floor":["M","M","M","?","?","E","R","E","T","E","$","T","M","M","R","B",null,"M","M","T","?","$","R","?","M","T","E","M","M","R","E","R","B",null,"M","?","T","M","$","R","$","E","T","?","E","M","M","M","R","B",null,"R","$","E","B",null],"character_chosen":"MIYU","items_purchased":["Membership Card","Lee\u0027s Waffle","PrismaMod:MiyuUncommonPlate","PrismaMod:MiyuUncommonAttack","War Paint","PrismaMod:MiyuUncommonStrBuff","PrismaMod:MiyuEvokeBuffStr","PreservedInsect","OrangePellets","DollysMirror","PrismaMod:MiyuCheapChannelDefend","PrismaMod:MiyuUncommonDexBuff","Omamori","PrismaMod:MiyuOrbIncreasePerm","PrismaMod:MiyuUncommonDexBuff+1","PrismaMod:MiyuCheapDefend1","Tiny Chest","Apotheosis","PrismaMod:MiyuUncommonStrBuff","hubris:EmptyBottle","PrismaMod:MiyuUncommonDefend","Peace Pipe","PrismaMod:MiyuCheapPlate+1","PrismaMod:MiyuUncommonDexBuff","PrismaMod:MiyuAttackChannelAttack","Guide Book","CaptainsWheel","HornCleat","conspire:DeflatedDodgeball","Sling","Bronze Scales","Vajra","ReplayTheSpireMod:Brewmster","Darkstone Periapt","FossilizedHelix","PrismaMod:MiyuUncommonDexBuff","theForsaken:Lifeblossom","conspire:TopHat","HandDrill"],"campfire_rested":0,"item_purchase_floors":[0,0,0,0,0,0,0,0,0,0,0,0,0,0,0,0,0,0,0,11,11,11,22,39,39,39,39,39,39,41,41,41,41,41,41,53,53,53,53],"current_hp_per_floor":[82,82,77,57,57,57,57,57,57,57,72,72,72,72,72,63,82,82,80,80,80,82,82,82,82,82,82,71,70,70,39,39,39,82,79,79,79,68,82,82,82,66,66,66,76,82,82,82,82,82,82,82,82,82,72],"gold":919,"neow_bonus":"","is_daily":false,"chose_seed":false,"campfire_upgraded":2,"win_rate":0.0,"timestamp":1613058511,"path_taken":["M","M","M","?","?","E","R","E","T","E","$","?","M","M","R","BOSS","M","M","?","?","$","R","?","M","T","E","M","M","R","E","R","BOSS","M","?","?","M","$","R","$","E","T","?","E","M","?","M","R","BOSS","R","$","E","BOSS"],"items_purchased_type":["Relic","Relic","Card","Card","Relic","Card","Card","Relic","Relic","Relic","Card","Card","Relic","Card","Card","Card","Relic","Card","Card","Relic","Card","Relic","Card","Card","Card","Relic","Relic","Relic","Relic","Relic","Relic","Relic","Card","Relic","Relic","Card","Relic","Relic","Relic"],"build_version":"2020-12-22","purchased_purges":6,"victory":true,"max_hp_per_floor":[82,82,82,82,82,82,82,82,82,82,82,82,82,82,82,82,82,82,82,82,82,82,82,82,82,82,82,82,82,82,82,82,82,82,82,82,82,82,82,82,82,82,82,82,82,82,82,82,82,82,82,82,82,82,82],"card_choices":[{"not_picked":["PrismaMod:MiyuUberAttack","PrismaMod:MiyuCheapChannelVul"],"picked":"PrismaMod:MiyuUncommonStrBuff","floor":1},{"not_picked":["PrismaMod:MiyuEvokeBuffDex","PrismaMod:MiyuUncommonDexBuff","PrismaMod:MiyuCommonAOEAttack"],"picked":"SKIP","floor":2},{"not_picked":["PrismaMod:MiyuChristmas","PrismaMod:MiyuCheapDexBuff","PrismaMod:MiyuUncommonAttack"],"picked":"SKIP","floor":3},{"not_picked":["PrismaMod:MiyuUncommonAttack","PrismaMod:MiyuCheapStrBuff"],"picked":"PrismaMod:MiyuOrbIncreasePerm","floor":4},{"not_picked":["PrismaMod:MiyuAttackChannelVul","PrismaMod:MiyuUberAttack"],"picked":"PrismaMod:MiyuEvokeBuffStr","floor":4},{"not_picked":["PrismaMod:MiyuChannelAttackEvoke","PrismaMod:MiyuUncommonAOEAttack","PrismaMod:MiyuEvokeCheapDefend"],"picked":"SKIP","floor":6},{"not_picked":["PrismaMod:MiyuCheapEvoke","PrismaMod:MiyuDefenseAbsorbMinor","PrismaMod:MiyuUncommonAttack"],"picked":"SKIP","floor":8},{"not_picked":["PrismaMod:MiyuCheapPlate","PrismaMod:MiyuCheapEvoke"],"picked":"PrismaMod:MiyuUncommonPlate","floor":10},{"not_picked":["PrismaMod:MiyuUberAttack","PrismaMod:MiyuCarnivalAttack"],"picked":"PrismaMod:MiyuOrbIncreasePerm","floor":13},{"not_picked":["PrismaMod:MiyuEvokeCheapAttack","PrismaMod:MiyuCheapAttack1"],"picked":"PrismaMod:MiyuUncommonDexBuff","floor":14},{"not_picked":["PrismaMod:MiyuCarnivalDefend","PrismaMod:MiyuChannelDefendEvoke"],"picked":"PrismaMod:MiyuDefendChannelDefend","floor":16},{"not_picked":["PrismaMod:MiyuCheapStrBuff+1","PrismaMod:MiyuCheapChannelVul+1"],"picked":"PrismaMod:MiyuOrbIncreasePerm","floor":18},{"not_picked":["PrismaMod:MiyuDefenseRemoval","PrismaMod:MiyuEvokeBuffDex"],"picked":"PrismaMod:MiyuUncommonDexBuff+1","floor":19},{"not_picked":["PrismaMod:MiyuDefenseRemoval","PrismaMod:MiyuCheapChannelDefend","PrismaMod:MiyuEvokeBuffDex"],"picked":"SKIP","floor":25},{"not_picked":["PrismaMod:MiyuAttackChannelAttack","PrismaMod:MiyuUberAOEAttack","PrismaMod:MiyuUberAttack"],"picked":"SKIP","floor":27},{"not_picked":["PrismaMod:MiyuCheapStrBuff","PrismaMod:MiyuCommonAOEAttack","PrismaMod:MiyuEvokeAllAttack"],"picked":"SKIP","floor":28},{"not_picked":["PrismaMod:MiyuCheapChannelHeal","PrismaMod:MiyuCheapChannelRandom","PrismaMod:MiyuEvokeBuffStr"],"picked":"SKIP","floor":29},{"not_picked":["PrismaMod:MiyuEvokeBuffDex","PrismaMod:MiyuDevil","PrismaMod:MiyuUberDefend"],"picked":"SKIP","floor":31},{"not_picked":["PrismaMod:MiyuCheapChannelAttack+1","PrismaMod:MiyuEvokeCheapDefend","PrismaMod:MiyuUncommonStrBuff"],"picked":"SKIP","floor":35},{"not_picked":["PrismaMod:MiyuEvokeCheapAttack+1","PrismaMod:MiyuCommonAOEAttack","PrismaMod:MiyuAttackChannelVul"],"picked":"SKIP","floor":38},{"not_picked":["PrismaMod:MiyuUncommonDexBuff","PrismaMod:MiyuEvokeCheapAttack","PrismaMod:MiyuChristmas"],"picked":"SKIP","floor":42},{"not_picked":["PrismaMod:MiyuCheapStrBuff+1","PrismaMod:MiyuAttackChannelWeak","PrismaMod:MiyuCommonAOEAttack"],"picked":"SKIP","floor":45},{"not_picked":["PrismaMod:MiyuEvokeAll","PrismaMod:MiyuDefenseExplosion+1","PrismaMod:MiyuEvokeCheapAttack+1"],"picked":"SKIP","floor":46},{"not_picked":["PrismaMod:MiyuCheapChannelRandom","PrismaMod:MiyuCarnivalAttack+1","PrismaMod:MiyuEvokeCheapAttack+1"],"picked":"SKIP","floor":47},{"not_picked":["PrismaMod:MiyuAttackChannelVul+1","PrismaMod:MiyuEvokeCheapDefend+1","PrismaMod:MiyuDefenseExplosion"],"picked":"SKIP","floor":48},{"not_picked":["PrismaMod:MiyuAttackChannelAttack+1","PrismaMod:MiyuCheapAttack2","PrismaMod:MiyuCheapChannelDefend"],"picked":"SKIP","floor":54}],"player_experience":1192308,"relics_obtained":[{"floor":4,"key":"Oddly Smooth Stone"},{"floor":6,"key":"Gremlin Food"},{"floor":8,"key":"Bag of Preparation"},{"floor":10,"key":"MealTicket"},{"floor":12,"key":"theForsaken:ScaryMask"},{"floor":20,"key":"Mummified Hand"},{"floor":26,"key":"Quantum Egg"},{"floor":27,"key":"aspiration:Lifesprig"},{"floor":31,"key":"Old Coin"},{"floor":37,"key":"ReplayTheSpireMod:Ninjato"},{"floor":42,"key":"Toy Ornithopter"},{"floor":42,"key":"Replay:Kaleidoscope"},{"floor":43,"key":"aspiration:StickyExplosives_weak"},{"floor":45,"key":"theForsaken:Kindling"},{"floor":45,"key":"aspiration:HiddenCompartment"},{"floor":49,"key":"Unceasing Top"},{"floor":54,"key":"aspiration:ChemicalBlood"},{"floor":54,"key":"conspire:Dentures"}],"event_choices":[{"damage_healed":0,"gold_gain":0,"player_choice":"Cursed","damage_taken":0,"max_hp_gain":0,"max_hp_loss":0,"event_name":"Wheel of Change","floor":21,"gold_loss":0,"cards_obtained":["Decay"]},{"damage_healed":0,"gold_gain":0,"player_choice":"Ignored","damage_taken":0,"max_hp_gain":0,"max_hp_loss":0,"event_name":"Duplicator","floor":24,"gold_loss":0}],"is_beta":false,"boss_relics":[{"not_picked":["Ectoplasm","Honey Jar"],"picked":"Replay:Grab Bag"},{"not_picked":["Philosopher\u0027s Stone","Runic Dome"],"picked":"conspire:SeveredTorchhead"},{"not_picked":["Painkiller Herb","conspire:RoyalGoblet"],"picked":"conspire:SlowCooker"},{"not_picked":["hubris:ScarierMask","hubris:HollowSoul"],"picked":"Kintsugi"},{"not_picked":["Replay:Ancient Bell","Tiny House"],"picked":"Black Star"}],"items_purged_floors":[0,11,11,22,22,39],"is_endless":false,"potions_floor_spawned":[1,14,19,27,28,29,38,42,45,54],"ascension_level":1}}