{"host":"5gc11emcm5chfr5t","time":1613006212,"event":{"mods":["2.2 Compatiblity","AchievementEnabler","BaseMod","Bestiary","Better Note","Colored Map","Colored Powertips","Downfall","Googly Eyes","Minty Spire (QoL Compilation)","Rare Cards Sparkle","StSLib"],"gold_per_floor":[99,119,132,147,167,180,180,280,280,280,180,205,105,105,121,121,121,121],"floor_reached":16,"language":"ENG","playtime":861,"items_purged":[],"score":304,"play_id":"abb8f22d-368a-47a4-96ac-bc8819c4463c","local_time":"20210210201652","is_ascension_mode":true,"campfire_choices":[{"floor":1,"key":"RECALL"},{"data":"sneckomod:MorePower","floor":11,"key":"SMITH"},{"floor":13,"key":"REST"}],"circlet_count":0,"master_deck":["AscendersBane","sneckomod:Strike","sneckomod:Strike","sneckomod:Strike","sneckomod:Defend","sneckomod:Defend","sneckomod:Defend","sneckomod:TailWhip","sneckomod:SnekBite","sneckomod:Unknown","sneckomod:Unknown","sneckomod:ImprovisedAttack","sneckomod:UnknownClassPURPLE","sneckomod:UnknownClassHEXA_GHOST_PURPLE","sneckomod:SoulRoll","sneckomod:UnknownWeak","Clumsy","sneckomod:MorePower+1","downfall:Aged","downfall:Malfunctioning","Writhe","Doubt","Regret","sneckomod:UnknownRareSkill+1","sneckomod:ImprovisedGuard","sneckomod:UnknownRareSkill+1","sneckomod:UnknownBoss+1","sneckomod:PureSnecko"],"relics":["SlaversCollar","Slimebound:PreparedRelic","downfall:ExtraCursedKey","Matryoshka","bronze:DecasWashers","downfall:HeartBlessingRed","Pen Nib","downfall:HeartBlessingGreen"],"acts_visited":["Exordium"],"potions_floor_usage":[6,12,12],"damage_taken":[{"damage":1,"enemies":"Cultist","floor":2,"turns":4},{"damage":13,"enemies":"2 Louse","floor":3,"turns":2},{"damage":4,"enemies":"Jaw Worm","floor":4,"turns":2},{"damage":10,"enemies":"Large Slime","floor":5,"turns":6},{"damage":10,"enemies":"Exordium Thugs","floor":6,"turns":2},{"damage":35,"enemies":"3 Sentries","floor":12,"turns":7},{"damage":0,"enemies":"2 Fungi Beasts","floor":15,"turns":2},{"damage":40,"enemies":"SI_SHIV_ARCHETYPE","floor":16,"turns":7}],"seed_played":"4505460971004759715","potions_obtained":[{"floor":2,"key":"GamblersBrew"},{"floor":4,"key":"DistilledChaos"},{"floor":6,"key":"champ:CounterPotion"}],"is_trial":false,"path_per_floor":["R","M","M","M","M","M","T","?","T","?","R","E","R","?","M","B"],"character_chosen":"THE_SNECKO","items_purchased":[],"campfire_rested":1,"item_purchase_floors":[],"current_hp_per_floor":[75,74,61,57,47,37,37,42,42,42,42,12,38,38,38,0,0,0],"gold":121,"neow_bonus":"BOSS_RELIC","is_daily":false,"chose_seed":false,"campfire_upgraded":1,"win_rate":0.0,"timestamp":1613006212,"path_taken":["R","M","?","M","M","M","T","?","?","?","R","E","R","?","M","BOSS"],"items_purchased_type":[],"build_version":"2020-12-22","purchased_purges":0,"victory":false,"max_hp_per_floor":[83,83,83,83,83,83,83,88,88,88,88,88,88,88,88,88,88,88],"card_choices":[{"not_picked":["sneckomod:SoulRoll","sneckomod:DiceCrush"],"picked":"sneckomod:ImprovisedAttack","floor":2},{"not_picked":["sneckomod:UnknownUncommonPower","sneckomod:DiceBlock"],"picked":"sneckomod:UnknownClassPURPLE","floor":3},{"not_picked":["sneckomod:Nope","sneckomod:Unknown1Cost"],"picked":"sneckomod:UnknownClassHEXA_GHOST_PURPLE","floor":4},{"not_picked":["sneckomod:UnknownUncommonPower","sneckomod:UnknownClassGUARDIAN"],"picked":"sneckomod:SoulRoll","floor":5},{"not_picked":["sneckomod:Memorize","sneckomod:UnknownClassRED"],"picked":"sneckomod:UnknownWeak","floor":6},{"not_picked":["sneckomod:UnknownClassTHE_BRONZE_AUTOMATON+1","sneckomod:Unknown0Cost+1"],"picked":"sneckomod:UnknownRareSkill+1","floor":12},{"not_picked":["sneckomod:UnknownClassSLIMEBOUND","sneckomod:Unknown1Cost"],"picked":"sneckomod:ImprovisedGuard","floor":12},{"not_picked":["sneckomod:UnknownClassTHE_CHAMP_GRAY+1","sneckomod:UnknownExhaust+1"],"picked":"sneckomod:UnknownBoss+1","floor":15},{"not_picked":["sneckomod:SoulDraw","sneckomod:Unknown1Cost"],"picked":"sneckomod:PureSnecko","floor":15}],"player_experience":598716,"relics_obtained":[{"floor":7,"key":"Slimebound:PreparedRelic"},{"floor":9,"key":"Matryoshka"},{"floor":12,"key":"Pen Nib"}],"event_choices":[{"damage_healed":0,"gold_gain":0,"player_choice":"Box","damage_taken":0,"relics_obtained":["bronze:DecasWashers"],"max_hp_gain":0,"max_hp_loss":0,"event_name":"Big Fish","floor":10,"gold_loss":0,"cards_obtained":["Regret"]}],"is_beta":false,"boss_relics":[],"items_purged_floors":[],"is_endless":false,"potions_floor_spawned":[2,4,6],"killed_by":"SI_SHIV_ARCHETYPE","ascension_level":20}}