{"host":"nia1zwr35jsu5y7h","time":1613057457,"event":{"mods":["2.2 Compatiblity","Abigail Mod","Bard","BaseMod","Colored Map","Conspire","Downfall","Friendly Minions","Hermit","Highlight Path","Hubris","Infinite Spire","Kiyohime????","Koishi","Marisa????????","Minty Spire (QoL Compilation)","Quick Restart","Replay The Spire","Shade Mod","Shop Mod","StSLib","The Animator","The Construct","The Cursed","The Disciple","The Mystic","The Necromancer","The Servant 0.9.4"],"gold_per_floor":[99,99,1,101,33,68,68,88,88,113,123,138,164,177,197,296,296,296,309,309,322,322,322,396,413,28,63,77,90,90,118,145,253,253,253,265,265,265,5,5,28,128,128,150,170,170,192,202,220,220,220,220],"floor_reached":50,"language":"ENG","playtime":3083,"items_purged":[],"score":676,"play_id":"63b5a04c-8e6f-4490-b4e8-c5668ad37392","local_time":"20210211073057","is_ascension_mode":true,"campfire_choices":[{"data":"hexamod:Float","floor":1,"key":"SMITH"},{"data":"hexamod:HexaLevel","floor":18,"key":"SMITH"},{"data":"hexamod:HexaLevel","floor":23,"key":"SMITH"},{"data":"hexamod:GhostOfSpirePast","floor":30,"key":"SMITH"},{"data":"hexamod:ForkedFlame","floor":35,"key":"SMITH"},{"floor":43,"key":"REST"},{"data":"expansioncontent:DashGenerateEvil","floor":46,"key":"SMITH"}],"circlet_count":0,"master_deck":["hexamod:Strike","hexamod:Strike","hexamod:Strike","hexamod:Strike","hexamod:Defend","hexamod:Defend","hexamod:Defend","hexamod:Defend","hexamod:Sear","hexamod:Float+1","hexamod:Hexaguard","hexamod:Incineration","expansioncontent:PrepareCrush","hexamod:TimeOfNeed","hexamod:ForkedFlame+1","hexamod:FlamesFromBeyond","hexamod:FastForward","hexamod:SoulSteal","hexamod:HeatShield","hexamod:HexaLevel+1","hexamod:PowerFromBeyond","hexamod:HexaLevel+1","hexamod:PhantomCloak+1","hexamod:FastForward","hexamod:RainOfEmbers","hexamod:FirstSeal","hexamod:ForkedFlame+1","hexamod:GhostOfSpireFuture","hexamod:GhostOfSpirePast+1","hexamod:Hexaguard","hexamod:ThirdSeal","hexamod:SecondSeal","hexamod:HeatShield+1","hexamod:GhostflameBarrier","hexamod:ApocalypseNow","hexamod:ApocalypseNow","hexamod:Hexaguard+1","hexamod:Again+1","Normality","hubris:Despair","ReplayTheSpireMod:??????????????????????","hexamod:FlamesFromBeyond+1","hexamod:RadiantFlame","expansioncontent:DashGenerateEvil+1","infinitespire:Gouge","hexamod:FlamesFromBeyond+1","hexamod:TimeOfNeed","hexamod:GhostOfSpirePast","hexamod:SpectralAdrenaline+1","hexamod:ExtraCrispy","hexamod:FastForward"],"relics":["hexamod:SpiritBrand","downfall:HeartsMalice","Vajra","Durian","infinitespire:WardingShard","conspire:TopHat","hubris:RunicObelisk","Replay:Bottled Flurry","Strawberry","Art of War","Calipers","conspire:SlowCooker","hubris:Icosahedron","Mummified Hand","ReplayTheSpireMod:Lightbulb","Girya"],"acts_visited":["Exordium","TheCity","TheBeyond"],"potions_floor_usage":[13,16,33,33,42,50,50],"damage_taken":[{"damage":0,"enemies":"Jaw Worm","floor":2,"turns":1},{"damage":0,"enemies":"downfall:FleeingMerchant","floor":3,"turns":1},{"damage":0,"enemies":"downfall:FleeingMerchant","floor":5,"turns":1},{"damage":8,"enemies":"conspire:MimicChest","floor":6,"turns":4},{"damage":0,"enemies":"Small Slimes","floor":8,"turns":3},{"damage":5,"enemies":"3 Sentries","floor":10,"turns":5},{"damage":0,"enemies":"Cultist","floor":11,"turns":2},{"damage":13,"enemies":"Exordium Wildlife","floor":12,"turns":3},{"damage":0,"enemies":"Lagavulin","floor":13,"turns":3},{"damage":2,"enemies":"Red Slaver","floor":14,"turns":4},{"damage":0,"enemies":"Exordium Thugs","floor":15,"turns":3},{"damage":23,"enemies":"DF_ARCHETYPE_STREAMLINE","floor":16,"turns":9},{"damage":6,"enemies":"Spheric Guardian","floor":19,"turns":5},{"damage":5,"enemies":"Shell Parasite","floor":21,"turns":4},{"damage":12,"enemies":"Snecko","floor":25,"turns":5},{"damage":0,"enemies":"downfall:FleeingMerchant","floor":26,"turns":4},{"damage":11,"enemies":"Replay:Snechameleon","floor":27,"turns":3},{"damage":0,"enemies":"Centurion and Healer","floor":28,"turns":4},{"damage":0,"enemies":"Snake Plant","floor":29,"turns":3},{"damage":13,"enemies":"conspire:Head Lice","floor":31,"turns":7},{"damage":4,"enemies":"Snecko","floor":32,"turns":5},{"damage":26,"enemies":"SI_MIRROR_ARCHETYPE","floor":33,"turns":10},{"damage":33,"enemies":"3 Shapes","floor":36,"turns":4},{"damage":0,"enemies":"downfall:FleeingMerchant","floor":39,"turns":4},{"damage":18,"enemies":"infinitespire:Three Voidlings","floor":42,"turns":5},{"damage":53,"enemies":"Nightmare_Alpha","floor":42,"turns":10},{"damage":0,"enemies":"Orb Walker","floor":44,"turns":3},{"damage":12,"enemies":"3 Darklings","floor":45,"turns":4},{"damage":27,"enemies":"Writhing Mass","floor":47,"turns":5},{"damage":6,"enemies":"Transient","floor":48,"turns":5},{"damage":0,"enemies":"Maw","floor":49,"turns":7},{"damage":54,"enemies":"WA_ARCHETYPE_DIVINITY","floor":50,"turns":3}],"seed_played":"-6116232978233172413","potions_obtained":[{"floor":8,"key":"LiquidBronze"},{"floor":9,"key":"Slimebound:ThreeZeroPotion"},{"floor":9,"key":"sneckomod:MuddlingPotion"},{"floor":12,"key":"hexamod:SoulburnPotion"},{"floor":16,"key":"Weak Potion"},{"floor":28,"key":"Milkshake"},{"floor":44,"key":"Strength Potion"},{"floor":47,"key":"Dexterity Potion"}],"is_trial":false,"path_per_floor":["R","M","$","?","$","?","T","M","?","E","M","M","E","M","M","B",null,"R","M","?","M","?","R","T","M","$","E","M","M","R","E","M","B",null,"R","M","?","?","$","T","T","?","R","M","M","R","M","M","M","B"],"character_chosen":"THE_SPIRIT","items_purchased":["expansioncontent:PrepareCrush","hexamod:ForkedFlame","hexamod:ForkedFlame","hexamod:GhostOfSpireFuture","Strawberry","hexamod:RadiantFlame","expansioncontent:DashGenerateEvil"],"campfire_rested":1,"item_purchase_floors":[3,5,26,26,26,39,39],"current_hp_per_floor":[70,70,70,70,70,62,67,67,67,62,62,49,49,47,47,24,75,75,69,69,64,64,64,64,52,59,48,55,62,62,56,52,33,82,82,56,56,56,63,63,63,28,52,52,47,47,27,28,35,0,0,0],"gold":220,"neow_bonus":"THREE_ENEMY_KILL","is_daily":false,"chose_seed":false,"campfire_upgraded":6,"win_rate":0.0,"timestamp":1613057457,"path_taken":["R","M","$","?","$","?","T","?","?","E","M","?","E","M","M","BOSS","R","M","?","M","?","R","T","M","$","E","?","M","R","E","M","BOSS","R","M","?","?","$","?","T","?","R","?","M","R","M","M","M","BOSS"],"items_purchased_type":["Card","Card","Card","Card","Relic","Card","Card"],"build_version":"2020-12-22","purchased_purges":0,"victory":false,"max_hp_per_floor":[70,70,70,70,70,70,75,75,75,75,75,75,75,75,75,75,75,75,75,75,75,75,75,75,75,82,82,82,82,82,82,82,82,82,82,82,82,82,82,82,82,82,82,82,82,82,82,82,82,82,82,82],"card_choices":[{"not_picked":["hexamod:ThermalTransfer","hexamod:PhantomFireball"],"picked":"hexamod:Hexaguard","floor":2},{"not_picked":["hexamod:GhostLash","hexamod:HeatShield"],"picked":"hexamod:Incineration","floor":3},{"not_picked":["hexamod:RadiantFlame","hexamod:HeatCrush"],"picked":"hexamod:TimeOfNeed","floor":5},{"not_picked":["hexamod:ThermalTransfer","hexamod:RecurringNightmare"],"picked":"hexamod:FlamesFromBeyond","floor":8},{"not_picked":["hexamod:SkipABeat","hexamod:Firestarter"],"picked":"hexamod:FastForward","floor":10},{"not_picked":["hexamod:AdvancingGuard","hexamod:RainOfEmbers"],"picked":"hexamod:SoulSteal","floor":11},{"not_picked":["hexamod:HauntingEcho","hexamod:Haunt"],"picked":"hexamod:HeatShield","floor":12},{"not_picked":["hexamod:HauntingEcho","hexamod:PowerFromBeyond"],"picked":"hexamod:HexaLevel","floor":13},{"not_picked":["hexamod:SwordOfDarkness","hexamod:SpectersWail","hexamod:GhostLash"],"picked":"SKIP","floor":14},{"not_picked":["hexamod:GhostShield","hexamod:ChargedBarrage"],"picked":"hexamod:PowerFromBeyond","floor":15},{"not_picked":["hexamod:FifthSeal","hexamod:WildfireWeapon"],"picked":"hexamod:HexaLevel","floor":16},{"not_picked":["hexamod:HeatMetal","hexamod:GhostShield"],"picked":"hexamod:PhantomCloak+1","floor":19},{"not_picked":["hexamod:InspiringFlames","hexamod:FlamesFromBeyond"],"picked":"hexamod:FastForward","floor":21},{"not_picked":["hexamod:FlamesFromBeyond","hexamod:Firestarter"],"picked":"hexamod:RainOfEmbers","floor":25},{"not_picked":["hexamod:ShieldOfDarkness","hexamod:NightmareStrike"],"picked":"hexamod:FirstSeal","floor":26},{"not_picked":["hexamod:HauntingEcho","hexamod:Haunt"],"picked":"hexamod:GhostOfSpirePast","floor":27},{"not_picked":["hexamod:NightmareGuise","hexamod:NightmareStrike"],"picked":"hexamod:Hexaguard","floor":28},{"not_picked":["hexamod:ThermalTransfer","hexamod:RadiantFlame"],"picked":"hexamod:ThirdSeal","floor":29},{"not_picked":["hexamod:SpectersWail","hexamod:UnleashSpirits"],"picked":"hexamod:SecondSeal","floor":31},{"not_picked":["hexamod:ThirdSeal","hexamod:PhantomFireball"],"picked":"hexamod:HeatShield+1","floor":31},{"not_picked":["hexamod:HeatMetal","hexamod:Hexaguard"],"picked":"hexamod:GhostflameBarrier","floor":32},{"not_picked":["hexamod:DynamicBlow","hexamod:HauntingEcho","hexamod:FlamesFromBeyond+1"],"picked":"SKIP","floor":32},{"not_picked":["hexamod:GhostflameInferno","hexamod:UnlimitedPower"],"picked":"hexamod:ApocalypseNow","floor":33},{"not_picked":["hexamod:TimeWarp","hexamod:TimeOfNeed"],"picked":"hexamod:ApocalypseNow","floor":33},{"not_picked":["hexamod:GhostLash","hexamod:SpectersWail"],"picked":"hexamod:Hexaguard+1","floor":36},{"not_picked":["hexamod:Hexaguard+1","hexamod:SkipABeat"],"picked":"hexamod:Again+1","floor":36},{"not_picked":["infinitespire:SevenWalls","infinitespire:Starlight"],"picked":"ReplayTheSpireMod:??????????????????????","floor":38},{"not_picked":["hexamod:StepThrough","hexamod:EtherealExpedition"],"picked":"hexamod:FlamesFromBeyond+1","floor":39},{"not_picked":["hubris:InfiniteBlow","ReplayTheSpireMod:Echoes of Time"],"picked":"infinitespire:Gouge","floor":42},{"not_picked":["hexamod:ShieldOfDarkness","hexamod:SoulSteal+1"],"picked":"hexamod:FlamesFromBeyond+1","floor":44},{"not_picked":["hexamod:BacktrackSmack","hexamod:HauntingEcho+1"],"picked":"hexamod:TimeOfNeed","floor":44},{"not_picked":["hexamod:RetreatToShadows","hexamod:SoulSteal+1"],"picked":"hexamod:GhostOfSpirePast","floor":45},{"not_picked":["hexamod:NightmareGuise+1","hexamod:StepThrough+1"],"picked":"hexamod:SpectralAdrenaline+1","floor":45},{"not_picked":["hexamod:HeatCrush","hexamod:HeatMetal+1","hexamod:SpectersWail+1"],"picked":"SKIP","floor":47},{"not_picked":["hexamod:SwordOfDarkness","hexamod:ThermalTransfer","hexamod:FirstSeal"],"picked":"SKIP","floor":47},{"not_picked":["hexamod:NightmareGuise+1","hexamod:FastForward+1"],"picked":"hexamod:ExtraCrispy","floor":48},{"not_picked":["hexamod:GhostLash+1","hexamod:SwordOfDarkness"],"picked":"hexamod:FastForward","floor":49},{"not_picked":["hexamod:Firestarter","hexamod:GhostShield","hexamod:StepThrough+1"],"picked":"SKIP","floor":49}],"player_experience":2186552,"relics_obtained":[{"floor":6,"key":"Vajra"},{"floor":7,"key":"Durian"},{"floor":10,"key":"infinitespire:WardingShard"},{"floor":13,"key":"conspire:TopHat"},{"floor":24,"key":"Replay:Bottled Flurry"},{"floor":27,"key":"Art of War"},{"floor":31,"key":"Calipers"},{"floor":40,"key":"Mummified Hand"},{"floor":41,"key":"ReplayTheSpireMod:Lightbulb"},{"floor":42,"key":"Girya"}],"event_choices":[{"damage_healed":0,"gold_gain":0,"player_choice":"Got Potions","damage_taken":0,"max_hp_gain":0,"max_hp_loss":0,"event_name":"Lab","floor":9,"gold_loss":0},{"damage_healed":0,"gold_gain":0,"player_choice":"Forge","damage_taken":0,"max_hp_gain":0,"max_hp_loss":0,"event_name":"Accursed Blacksmith","floor":22,"gold_loss":0,"cards_upgraded":["hexamod:ForkedFlame"]}],"is_beta":false,"boss_relics":[{"not_picked":["Replay:Wanted Poster","Velvet Choker"],"picked":"hubris:RunicObelisk"},{"not_picked":["hubris:ScarierMask","SlaversCollar"],"picked":"conspire:SlowCooker"}],"items_purged_floors":[],"is_endless":false,"potions_floor_spawned":[8,10,12,16,28,29,31,32,42,44,47],"killed_by":"WA_ARCHETYPE_DIVINITY","ascension_level":3}}