{"host":"f6w7z8zvb0mi4wy9","time":1613065711,"event":{"mods":["BaseMod","Colored Map","Minty Spire (QoL Compilation)","READ ME - Guardian Mod","StSLib","SuperFastMode","The Jungle"],"gold_per_floor":[118,92,92,267,278,313,340,340,417,454,454,199,227,254,254,360,360,379,62,62,86,108,144,144,179,179,179,205,205,245,245,245,352,379,398,24,40,58,58,94,94,121,121,121,155,155,185,185,185,185,185,185,22,49,49],"floor_reached":56,"language":"KOR","playtime":1959,"items_purged":["Doubt"],"score":1686,"play_id":"e6c3acde-bc66-4750-8f77-560a0e399474","local_time":"20210212024831","is_ascension_mode":true,"campfire_choices":[{"data":"Zap","floor":8.0,"key":"SMITH"},{"data":"Dualcast","floor":15.0,"key":"SMITH"},{"floor":29,"key":"RECALL"},{"data":"Skim","floor":32,"key":"SMITH"},{"data":"Madness","floor":41,"key":"SMITH"},{"data":"Defend_B","floor":44,"key":"PURGE"},{"data":"Defend_B","floor":46,"key":"PURGE"},{"data":"Defend_B","floor":49,"key":"PURGE"},{"data":"Defend_B","floor":52,"key":"PURGE"}],"circlet_count":0,"master_deck":["Strike_B+1","Zap+1","Dualcast+1","Go for the Eyes","Ball Lightning+1","Beam Cell+1","Go for the Eyes+1","Skim+1","Sweeping Beam+1","Self Repair+1","Echo Form+1","Storm+1","FTL+1","Buffer+1","Defragment+1","Heatsinks+1","Heatsinks+1","Cold Snap+1","Core Surge+1","Undo+1","Cold Snap+1","Darkness+1","Steam+1","Sadistic Nature+1","Glacier","Madness+1","Madness+1","Core Surge+1","Flash of Steel+1"],"relics":["Cracked Core","NeowsBlessing","Molten Egg 2","Mango","CeramicFish","Frozen Egg 2","Whetstone","Blood Vial","Black Star","Mummified Hand","Bag of Preparation","MealTicket","Bag of Marbles","Eternal Feather","Orichalcum","Bottled Tornado","Astrolabe","Potion Belt","Symbiotic Virus","Ornamental Fan","Peace Pipe","War Paint","Juzu Bracelet","TungstenRod","StrikeDummy","Torii","Art of War","Oddly Smooth Stone","Toy Ornithopter"],"acts_visited":["Exordium","TheCity","TheBeyond","TheEnding"],"potions_floor_usage":[25,50,55,55,55,55],"damage_taken":[{"damage":0.0,"enemies":"Jaw Worm","floor":1.0,"turns":1.0},{"damage":0.0,"enemies":"2 Louse","floor":5.0,"turns":1.0},{"damage":0.0,"enemies":"Gremlin Nob","floor":6.0,"turns":1.0},{"damage":14.0,"enemies":"3 Sentries","floor":10.0,"turns":5.0},{"damage":0.0,"enemies":"Cultist","floor":13.0,"turns":2.0},{"damage":4.0,"enemies":"3 Louse","floor":14.0,"turns":2.0},{"damage":37.0,"enemies":"The Guardian","floor":16.0,"turns":8.0},{"damage":12.0,"enemies":"3 Byrds","floor":18.0,"turns":4.0},{"damage":5.0,"enemies":"Shell Parasite","floor":21.0,"turns":4.0},{"damage":42.0,"enemies":"Shelled Parasite and Fungi","floor":22.0,"turns":4.0},{"damage":73.0,"enemies":"Slavers","floor":23.0,"turns":6.0},{"damage":12,"enemies":"Gremlin Leader","floor":25,"turns":4},{"damage":9,"enemies":"Snake Plant","floor":28,"turns":3},{"damage":0,"enemies":"Book of Stabbing","floor":30,"turns":2},{"damage":7,"enemies":"Champ","floor":33,"turns":6},{"damage":0,"enemies":"3 Darklings","floor":35,"turns":3},{"damage":0,"enemies":"3 Shapes","floor":37,"turns":2},{"damage":0,"enemies":"Nemesis","floor":40,"turns":7},{"damage":0,"enemies":"Giant Head","floor":42,"turns":8},{"damage":0,"enemies":"Reptomancer","floor":45,"turns":5},{"damage":3,"enemies":"Nemesis","floor":47,"turns":3},{"damage":0,"enemies":"Awakened One","floor":50,"turns":7},{"damage":0,"enemies":"Shield and Spear","floor":54,"turns":3},{"damage":20,"enemies":"The Heart","floor":55,"turns":9}],"seed_played":"-6182177797782873322","potions_obtained":[{"floor":5.0,"key":"Fire Potion"},{"floor":10.0,"key":"EssenceOfSteel"},{"floor":14.0,"key":"LiquidBronze"},{"floor":16.0,"key":"Fire Potion"},{"floor":21.0,"key":"Regen Potion"},{"floor":23.0,"key":"Regen Potion"},{"floor":25,"key":"Explosive Potion"},{"floor":33,"key":"Fire Potion"},{"floor":40,"key":"FocusPotion"},{"floor":45,"key":"DuplicationPotion"}],"is_trial":false,"path_per_floor":["M","$","?","?","M","E","T","R","T","E","?","$","M","M","R","B",null,"M","$","?","M","M","E","?","E","T","?","M","R","E","?","R","B",null,"M","$","M","?","$","E","R","E","T","R","E","R","E","?","R","B",null,"R","$","E","B",null],"character_chosen":"DEFECT","items_purchased":["Ball Lightning","Blood Vial","Skim","Mummified Hand","Self Repair+1","Sadistic Nature+1","Potion Belt","Glacier","Flash of Steel+1","LiquidBronze"],"campfire_rested":0,"item_purchase_floors":[2,12,12,19,19,36,36,36,53,53],"current_hp_per_floor":[75,75,68,68,68,82,82,82,82,68,68,68,70,68,68,43,89,87,87,87,89,67,31,31,63,63,63,76,89,89,72,87,94,94,94,94,94,82,94,94,94,94,94,94,94,94,94,94,94,94,94,94,94,94,89],"gold":49,"neow_bonus":"THREE_ENEMY_KILL","is_daily":false,"chose_seed":false,"campfire_upgraded":4,"win_rate":0.0,"timestamp":1613065711,"path_taken":["M","$","?","?","M","E","?","R","T","E","?","$","?","M","R","BOSS","M","$","?","M","M","E","?","E","T","?","M","R","E","?","R","BOSS","M","$","M","?","$","E","R","E","T","R","E","R","E","?","R","BOSS","R","$","E","BOSS"],"items_purchased_type":["Card","Relic","Card","Relic","Card","Card","Relic","Card","Card","Potion"],"build_version":"2020-12-22","purchased_purges":1,"victory":true,"max_hp_per_floor":[75,75,75,75,75,89,89,89,89,89,89,89,89,89,89,89,89,89,89,89,89,89,89,89,89,89,89,89,89,89,94,94,94,94,94,94,94,94,94,94,94,94,94,94,94,94,94,94,94,94,94,94,94,94,94],"card_choices":[{"not_picked":["Heatsinks","Reinforced Body"],"picked":"Go for the Eyes","floor":1.0},{"not_picked":["Barrage+1","Stack","Reinforced Body"],"picked":"SKIP","floor":5.0},{"not_picked":["Double Energy","Skim"],"picked":"Beam Cell+1","floor":6.0},{"not_picked":["Turbo","Fission"],"picked":"Go for the Eyes+1","floor":10.0},{"not_picked":["Turbo","Rip and Tear+1"],"picked":"Sweeping Beam+1","floor":13.0},{"not_picked":["Turbo","Go for the Eyes+1"],"picked":"Self Repair+1","floor":14.0},{"not_picked":["Thunder Strike+1","Buffer+1"],"picked":"Echo Form+1","floor":16.0},{"not_picked":["Recycle","Redo"],"picked":"Storm+1","floor":18.0},{"not_picked":["Cold Snap+1","Barrage+1"],"picked":"FTL+1","floor":21.0},{"not_picked":["Conserve Battery","Leap"],"picked":"Buffer+1","floor":22.0},{"not_picked":["Scrape+1","Leap"],"picked":"Defragment+1","floor":23.0},{"not_picked":["Compile Driver+1","Rainbow"],"picked":"Heatsinks+1","floor":25},{"not_picked":["Storm+1","Ball Lightning+1"],"picked":"Heatsinks+1","floor":28},{"not_picked":["Redo+1","Ball Lightning+1"],"picked":"Cold Snap+1","floor":30},{"not_picked":["Fission","Rainbow"],"picked":"Core Surge+1","floor":33},{"not_picked":["Tempest","Coolheaded"],"picked":"Steam","floor":35},{"not_picked":["Rebound+1","Redo","Conserve Battery"],"picked":"SKIP","floor":37},{"not_picked":["Leap+1","FTL+1"],"picked":"Core Surge+1","floor":40},{"not_picked":["Ball Lightning+1","Conserve Battery","Cold Snap+1"],"picked":"SKIP","floor":42},{"not_picked":["Fission","Turbo+1","Genetic Algorithm"],"picked":"SKIP","floor":45},{"not_picked":["Biased Cognition+1","Cold Snap+1","Sunder+1"],"picked":"SKIP","floor":47},{"not_picked":["Melter+1","Cold Snap+1","Streamline+1"],"picked":"SKIP","floor":54}],"player_experience":931005,"relics_obtained":[{"floor":6.0,"key":"Mango"},{"floor":7.0,"key":"CeramicFish"},{"floor":9.0,"key":"Frozen Egg 2"},{"floor":10.0,"key":"Whetstone"},{"floor":23.0,"key":"Bag of Preparation"},{"floor":23.0,"key":"MealTicket"},{"floor":25,"key":"Bag of Marbles"},{"floor":25,"key":"Eternal Feather"},{"floor":30,"key":"Orichalcum"},{"floor":30,"key":"Bottled Tornado"},{"floor":40,"key":"Symbiotic Virus"},{"floor":40,"key":"Ornamental Fan"},{"floor":42,"key":"Peace Pipe"},{"floor":42,"key":"War Paint"},{"floor":43,"key":"Juzu Bracelet"},{"floor":45,"key":"TungstenRod"},{"floor":45,"key":"StrikeDummy"},{"floor":47,"key":"Torii"},{"floor":47,"key":"Art of War"},{"floor":54,"key":"Oddly Smooth Stone"},{"floor":54,"key":"Toy Ornithopter"}],"event_choices":[{"damage_healed":0.0,"max_hp_gain":0.0,"max_hp_loss":0.0,"gold_gain":0.0,"event_name":"Scrap Ooze","player_choice":"Success","floor":3.0,"gold_loss":0.0,"damage_taken":7.0,"relics_obtained":["Molten Egg 2"]},{"damage_healed":0.0,"max_hp_gain":0.0,"max_hp_loss":0.0,"gold_gain":175.0,"event_name":"Liars Game","player_choice":"AGREE","floor":4.0,"gold_loss":0.0,"damage_taken":0.0,"cards_obtained":["Doubt"]},{"damage_healed":0.0,"max_hp_gain":0.0,"max_hp_loss":0.0,"gold_gain":0.0,"event_name":"NoteForYourself","player_choice":"Ignored","floor":11.0,"gold_loss":0.0,"damage_taken":0.0},{"damage_healed":0,"gold_gain":0,"player_choice":"Ignored","damage_taken":0,"max_hp_gain":0,"max_hp_loss":0,"event_name":"The Mausoleum","floor":24,"gold_loss":0},{"damage_healed":0,"gold_gain":0,"player_choice":"Ignored","damage_taken":0,"max_hp_gain":0,"max_hp_loss":0,"event_name":"Cursed Tome","floor":27,"gold_loss":0},{"damage_healed":0,"gold_gain":0,"player_choice":"Shed Blood","damage_taken":22,"max_hp_gain":5,"max_hp_loss":0,"event_name":"Forgotten Altar","floor":31,"gold_loss":0},{"damage_healed":0,"gold_gain":0,"player_choice":"Embrace Madness","damage_taken":12,"max_hp_gain":0,"max_hp_loss":0,"event_name":"Winding Halls","floor":38,"gold_loss":0,"cards_obtained":["Madness","Madness"]},{"cards_removed":["Self Repair"],"damage_healed":0,"gold_gain":0,"player_choice":"Removed Power","damage_taken":0,"max_hp_gain":0,"max_hp_loss":0,"event_name":"Falling","floor":48,"gold_loss":0}],"is_beta":false,"boss_relics":[{"not_picked":["Busted Crown","Coffee Dripper"],"picked":"Black Star"},{"not_picked":["Pandora\u0027s Box","Fusion Hammer"],"picked":"Astrolabe"}],"items_purged_floors":[12],"is_endless":false,"potions_floor_spawned":[5,10,14,16,21,23,25,33,40,45],"ascension_level":1}}