{"host":"yans4pr1zf0lm9bx","time":1613002198,"event":{"mods":["AchievementEnabler","BaseMod","Minty Spire (QoL Compilation)","Replay The Spire","StSLib","SuperFastMode","slay the spire mod where everything is the same but ironclad has a cowboy hat"],"gold_per_floor":[114,114,5,17,341,341,376,376,376,388,423,423,473,117,117,234,234,268,268,309,369,44,111,111,25,25,85,126,184,184,231,231,390,390,428,463,521,224,276,342,342,380,380,426,28,28,105,160,160,186],"floor_reached":51,"language":"ENG","playtime":3987,"items_purged":["Strike_G","Strike_G","Strike_G","Strike_G"],"score":1132,"play_id":"a83245a5-501f-4e4a-9c9c-c25bae58ebbc","local_time":"20210210190958","is_ascension_mode":true,"campfire_choices":[{"data":"Infinite Blades","floor":6,"key":"SMITH"},{"data":"Acrobatics","floor":12,"key":"SMITH"},{"data":"Tactician","floor":15,"key":"SMITH"},{"floor":24,"key":"DIG"},{"floor":32,"key":"DIG"},{"data":"Calculated Gamble","floor":46,"key":"SMITH"},{"floor":49,"key":"DIG"}],"circlet_count":0,"master_deck":["Strike_G","Defend_G","Defend_G","Defend_G","Defend_G","Defend_G","Survivor","Neutralize","Slice","Infinite Blades+1","Blade Dance","Infinite Blades","Cloak And Dagger","Acrobatics+1","Tactician+1","Calculated Gamble+1","Unload","Slice","Cloak And Dagger+1","ReplayTheSpireMod:Scrap Shanks+1","Backstab","Thinking Ahead","Thinking Ahead","Swift Strike","Infinite Blades","Deep Breath","Tools of the Trade","Reflex+1","After Image+1","ReplayTheSpireMod:The Works+1","Underhanded Strike","Concentrate+1","Escape Plan","After Image+1"],"relics":["Ring of the Snake","NeowsBlessing","Bird Faced Urn","Old Coin","Mirror","Gambling Chip","Replay:Bandana","Replay:Wax Seal","Iron Hammer","WristBlade","Red Mask","ReplayTheSpireMod:ShopPack","Shovel","MealTicket","Mango","FossilizedHelix","Vampiric Spirits","NlothsMask","Golden Egg","Philosopher\u0027s Stone","Pen Nib","Boot","Kunai","Sling","Peace Pipe","Replay:Bottled Flurry","Centennial Puzzle"],"acts_visited":["Exordium","TheCity","TheBeyond"],"potions_floor_usage":[11,16,27,28,29,40],"damage_taken":[{"damage":0,"enemies":"2 Louse","floor":1,"turns":1},{"damage":0,"enemies":"Jaw Worm","floor":4,"turns":1},{"damage":0,"enemies":"Lagavulin","floor":7,"turns":1},{"damage":0,"enemies":"Small Slimes","floor":10,"turns":3},{"damage":17,"enemies":"3 Sentries","floor":11,"turns":9},{"damage":13,"enemies":"Replay:BlueRogue","floor":13,"turns":5},{"damage":20,"enemies":"The Guardian","floor":16,"turns":12},{"damage":3,"enemies":"2 Thieves","floor":18,"turns":3},{"damage":3,"enemies":"Shell Parasite","floor":20,"turns":3},{"damage":3,"enemies":"Masked Bandits","floor":21,"turns":3},{"damage":4,"enemies":"Book of Stabbing","floor":23,"turns":3},{"damage":24,"enemies":"Replay:Snechameleon","floor":27,"turns":3},{"damage":6,"enemies":"Shelled Parasite and Fungi","floor":28,"turns":3},{"damage":21,"enemies":"Book of Stabbing","floor":29,"turns":4},{"damage":0,"enemies":"3 Cultists","floor":31,"turns":2},{"damage":15,"enemies":"Pondfish","floor":33,"turns":6},{"damage":6,"enemies":"3 Darklings","floor":35,"turns":4},{"damage":0,"enemies":"3 Shapes","floor":36,"turns":2},{"damage":0,"enemies":"Maw","floor":37,"turns":5},{"damage":10,"enemies":"3 Darklings","floor":39,"turns":3},{"damage":0,"enemies":"Nemesis","floor":40,"turns":5},{"damage":0,"enemies":"4 Shapes","floor":42,"turns":3},{"damage":0,"enemies":"Jaw Worm Horde","floor":44,"turns":2},{"damage":0,"enemies":"2 Orb Walkers","floor":47,"turns":3},{"damage":0,"enemies":"R_Hoarder","floor":48,"turns":6},{"damage":0,"enemies":"Donu and Deca","floor":50,"turns":8}],"seed_played":"1097369598200770671","potions_obtained":[{"floor":7,"key":"Flashbang"},{"floor":8,"key":"ColorlessPotion"},{"floor":8,"key":"Fire Potion"},{"floor":11,"key":"AttackPotion"},{"floor":20,"key":"Strength Potion"},{"floor":28,"key":"SkillPotion"},{"floor":31,"key":"Doom Potion"},{"floor":33,"key":"Regen Potion"},{"floor":39,"key":"Weak Potion"},{"floor":42,"key":"Milkshake"},{"floor":44,"key":"Swift Potion"}],"is_trial":false,"path_per_floor":["M","?","$","M","?","R","E","?","T","M","E","R","E","$","R","B",null,"M","?","M","?","$","E","R","$","T","E","M","E","?","M","R","B",null,"M","M","M","$","M","E","?","M","T","M","$","R","?","E","R","B",null],"character_chosen":"THE_SILENT","items_purchased":["Infinite Blades","Iron Hammer","Backstab","ReplayTheSpireMod:ShopPack","Deep Breath","Pen Nib","Kunai","Sling"],"campfire_rested":0,"item_purchase_floors":[3,14,22,22,25,38,45,45],"current_hp_per_floor":[70,67,67,67,67,67,69,69,69,70,55,55,46,46,46,30,70,67,67,67,66,66,64,64,70,84,61,65,52,52,75,75,73,84,78,84,84,84,76,84,80,80,80,80,80,80,80,80,80,80],"gold":186,"neow_bonus":"THREE_ENEMY_KILL","is_daily":false,"chose_seed":false,"campfire_upgraded":4,"win_rate":0.0,"timestamp":1613002198,"path_taken":["M","?","$","M","?","R","E","?","T","?","E","R","E","?","R","BOSS","M","?","M","?","$","E","R","$","T","E","M","E","?","?","R","BOSS","M","M","M","$","M","E","?","M","T","M","$","R","?","E","R","BOSS"],"items_purchased_type":["Card","Relic","Card","Relic","Card","Relic","Relic","Relic"],"build_version":"2020-12-22","purchased_purges":4,"victory":true,"max_hp_per_floor":[70,70,70,70,70,70,70,70,70,70,70,70,70,70,70,70,70,70,70,70,70,70,70,70,70,84,84,84,84,84,84,84,84,84,84,84,84,84,84,84,80,80,80,80,80,80,80,80,80,80],"card_choices":[{"not_picked":["Dagger Spray","Cloak And Dagger"],"picked":"Slice","floor":1},{"not_picked":["Deflect","Hidden Blade"],"picked":"Blade Dance","floor":4},{"not_picked":["Leg Sweep","Outmaneuver"],"picked":"Infinite Blades","floor":5},{"not_picked":["Backstab","Deflect"],"picked":"Cloak And Dagger","floor":7},{"not_picked":["Deadly Poison","PiercingWail"],"picked":"Acrobatics","floor":10},{"not_picked":["Bane","ReplayTheSpireMod:The Works"],"picked":"Tactician","floor":11},{"not_picked":["Toxin Wave","Deflect"],"picked":"Calculated Gamble","floor":13},{"not_picked":["Night Terror","Doppelganger"],"picked":"Unload","floor":16},{"not_picked":["Dash","Dagger Throw"],"picked":"Slice","floor":18},{"not_picked":["Skewer","Flechettes+1"],"picked":"Cloak And Dagger+1","floor":20},{"not_picked":["Sucker Punch+1","Cloak And Dagger+1"],"picked":"ReplayTheSpireMod:Scrap Shanks+1","floor":21},{"not_picked":["Chrysalis","Mayhem"],"picked":"Thinking Ahead","floor":22},{"not_picked":["ReplayUltimateDefense","Transmutation"],"picked":"Thinking Ahead","floor":22},{"not_picked":["Deep Breath","Mayhem"],"picked":"Swift Strike","floor":22},{"not_picked":["Flying Knee","All Out Attack+1"],"picked":"Infinite Blades","floor":23},{"not_picked":["Prepared","Grand Finale"],"picked":"Tools of the Trade","floor":27},{"not_picked":["Outmaneuver","Footwork"],"picked":"Reflex+1","floor":28},{"not_picked":["Crippling Poison","Bane","Dagger Spray"],"picked":"SKIP","floor":29},{"not_picked":["Dagger Throw","Sucker Punch","Flying Knee"],"picked":"SKIP","floor":31},{"not_picked":["Wraith Form v2","Atom Bomb"],"picked":"After Image","floor":33},{"not_picked":["Endless Agony","Blade Dance"],"picked":"ReplayTheSpireMod:The Works+1","floor":35},{"not_picked":["Prepared","Heel Hook+1"],"picked":"Underhanded Strike","floor":36},{"not_picked":["Dodge and Roll","Hidden Blade"],"picked":"Concentrate+1","floor":37},{"not_picked":["ReplayTheSpireMod:Speed Training+1","Prepared","Draining Mist"],"picked":"SKIP","floor":39},{"not_picked":["Cloak And Dagger","Deflect"],"picked":"Escape Plan","floor":40},{"not_picked":["Replay:Poison Smokescreen+1","Poisoned Stab","ReplayTheSpireMod:Tripwire+1"],"picked":"SKIP","floor":42},{"not_picked":["Dodge and Roll","Concentrate","Deadly Poison+1"],"picked":"SKIP","floor":44},{"not_picked":["Prepared","Deadly Poison+1"],"picked":"After Image","floor":47},{"not_picked":["Bane","Caltrops+1","Predator+1"],"picked":"SKIP","floor":48}],"player_experience":265111,"relics_obtained":[{"floor":5,"key":"Old Coin"},{"floor":7,"key":"Mirror"},{"floor":9,"key":"Gambling Chip"},{"floor":11,"key":"Replay:Bandana"},{"floor":13,"key":"Replay:Wax Seal"},{"floor":21,"key":"Red Mask"},{"floor":23,"key":"Shovel"},{"floor":24,"key":"MealTicket"},{"floor":26,"key":"Mango"},{"floor":27,"key":"FossilizedHelix"},{"floor":29,"key":"Vampiric Spirits"},{"floor":32,"key":"Golden Egg"},{"floor":40,"key":"Boot"},{"floor":47,"key":"Peace Pipe"},{"floor":48,"key":"Replay:Bottled Flurry"},{"floor":49,"key":"Centennial Puzzle"}],"event_choices":[{"damage_healed":0,"gold_gain":0,"player_choice":"Success","damage_taken":3,"relics_obtained":["Bird Faced Urn"],"max_hp_gain":0,"max_hp_loss":0,"event_name":"Scrap Ooze","floor":2,"gold_loss":0},{"damage_healed":0,"gold_gain":0,"player_choice":"Got Potions","damage_taken":0,"max_hp_gain":0,"max_hp_loss":0,"event_name":"Lab","floor":8,"gold_loss":0},{"damage_healed":0,"gold_gain":0,"player_choice":"Ignored","damage_taken":0,"max_hp_gain":0,"max_hp_loss":0,"event_name":"Ghosts","floor":19,"gold_loss":0},{"damage_healed":0,"gold_gain":0,"player_choice":"Fought Bandits","damage_taken":0,"max_hp_gain":0,"max_hp_loss":0,"event_name":"Masked Bandits","floor":21,"gold_loss":0},{"damage_healed":0,"gold_gain":0,"player_choice":"Trade","damage_taken":0,"relics_obtained":["NlothsMask"],"max_hp_gain":0,"max_hp_loss":0,"event_name":"FaceTrader","floor":30,"gold_loss":0},{"damage_healed":0,"gold_gain":0,"player_choice":"Max HP","damage_taken":0,"max_hp_gain":0,"max_hp_loss":4,"event_name":"Winding Halls","floor":41,"gold_loss":0},{"damage_healed":0,"gold_gain":0,"player_choice":"Fight","damage_taken":0,"max_hp_gain":0,"max_hp_loss":0,"event_name":"Mysterious Sphere","floor":47,"gold_loss":0}],"is_beta":false,"boss_relics":[{"not_picked":["Coffee Dripper","Replay:Grab Bag"],"picked":"WristBlade"},{"not_picked":["Astrolabe","Runic Pyramid"],"picked":"Philosopher\u0027s Stone"}],"items_purged_floors":[3,14,22,38],"is_endless":false,"potions_floor_spawned":[7,11,13,20,28,31,33,35,39,42,44,47],"ascension_level":4}}