{"host":"4eao2pkwlmv012cz","time":1613008870,"event":{"mods":["BaseMod","Colored Powertips","Minty Spire (QoL Compilation)","Permanent Neow","Quick Restart","Random Character Button","StSLib"],"gold_per_floor":[119,194,36,52,52,81,81,99,99,99,133,133,149,149,149,225,225,225,150,150,70,70,70,70],"floor_reached":23,"language":"ENG","playtime":579,"items_purged":[],"score":394,"play_id":"2f20800b-8c23-4f7d-b43a-813136029cd5","local_time":"20210210210110","is_ascension_mode":true,"campfire_choices":[{"floor":7,"key":"REST"},{"data":"Zap","floor":12,"key":"SMITH"},{"data":"Static Discharge","floor":15,"key":"SMITH"}],"circlet_count":0,"master_deck":["AscendersBane","Strike_B","Strike_B","Defend_B","Defend_B","Defend_B","Defend_B","Zap+1","Dualcast","Cold Snap","Conserve Battery","Static Discharge+1","BootSequence","Machine Learning","Static Discharge+1","Meteor Strike","Conserve Battery+1","Electrodynamics","Hologram+1"],"relics":["Cracked Core","Orichalcum","TungstenRod","Dead Branch","Pear","Ectoplasm","Red Mask"],"acts_visited":["Exordium","TheCity"],"potions_floor_usage":[6,16,20,23],"damage_taken":[{"damage":4.0,"enemies":"2 Louse","floor":1.0,"turns":3.0},{"damage":6,"enemies":"Jaw Worm","floor":4,"turns":3},{"damage":39,"enemies":"Gremlin Nob","floor":6,"turns":5},{"damage":0,"enemies":"Small Slimes","floor":8,"turns":3},{"damage":10,"enemies":"Lagavulin","floor":11,"turns":7},{"damage":0,"enemies":"Red Slaver","floor":13,"turns":3},{"damage":36,"enemies":"Slime Boss","floor":16,"turns":7},{"damage":22,"enemies":"Shell Parasite","floor":18,"turns":3},{"damage":34,"enemies":"Masked Bandits","floor":20,"turns":3},{"damage":7,"enemies":"2 Thieves","floor":21,"turns":3},{"damage":18,"enemies":"Book of Stabbing","floor":23,"turns":2}],"seed_played":"8537409415442094296","potions_obtained":[{"floor":1.0,"key":"Dexterity Potion"},{"floor":11,"key":"Dexterity Potion"},{"floor":13,"key":"Regen Potion"},{"floor":20,"key":"CultistPotion"}],"is_trial":false,"path_per_floor":["M","?","$","M","?","E","R","M","T","?","E","R","M","?","R","B",null,"M","?","?","M","?","E"],"character_chosen":"DEFECT","items_purchased":["Orichalcum"],"campfire_rested":1,"item_purchase_floors":[3],"current_hp_per_floor":[60,49,49,43,66,27,48,48,48,48,48,48,48,42,42,6,62,40,40,18,11,11,0,0],"gold":70,"neow_bonus":"THREE_CARDS","is_daily":false,"chose_seed":false,"campfire_upgraded":2,"win_rate":0.0,"timestamp":1613008870,"path_taken":["M","?","$","M","?","E","R","M","T","?","E","R","M","?","R","BOSS","M","?","?","M","?","E"],"items_purchased_type":["Relic"],"build_version":"2020-12-22","purchased_purges":0,"victory":false,"max_hp_per_floor":[71,71,71,71,71,71,71,71,71,71,81,81,81,81,81,81,81,81,81,81,81,81,81,81],"card_choices":[{"not_picked":["Beam Cell","Aggregate"],"picked":"Cold Snap","floor":0.0},{"not_picked":["Consume","Rebound"],"picked":"Conserve Battery","floor":1.0},{"not_picked":["Melter","Barrage"],"picked":"Static Discharge","floor":4},{"not_picked":["Reprogram","Auto Shields"],"picked":"BootSequence","floor":6},{"not_picked":["Stack","Streamline","Redo"],"picked":"SKIP","floor":8},{"not_picked":["Hologram","Heatsinks"],"picked":"Machine Learning","floor":11},{"not_picked":["Barrage","Steam"],"picked":"Static Discharge","floor":13},{"not_picked":["Reboot","Creative AI"],"picked":"Meteor Strike","floor":16},{"not_picked":["Doom and Gloom","Compile Driver"],"picked":"Conserve Battery+1","floor":18},{"not_picked":["Redo","FTL+1"],"picked":"Electrodynamics","floor":20},{"not_picked":["Ball Lightning","Go for the Eyes"],"picked":"Hologram+1","floor":21}],"player_experience":2919289,"relics_obtained":[{"floor":6,"key":"TungstenRod"},{"floor":9,"key":"Dead Branch"},{"floor":11,"key":"Pear"},{"floor":20,"key":"Red Mask"}],"event_choices":[{"damage_healed":0.0,"max_hp_gain":0.0,"max_hp_loss":0.0,"gold_gain":75.0,"event_name":"World of Goop","player_choice":"Gather Gold","floor":2.0,"gold_loss":0.0,"damage_taken":11.0},{"damage_healed":23,"gold_gain":0,"player_choice":"Banana","damage_taken":0,"max_hp_gain":0,"max_hp_loss":0,"event_name":"Big Fish","floor":5,"gold_loss":0},{"damage_healed":0,"gold_gain":0,"player_choice":"Grow","damage_taken":0,"max_hp_gain":0,"max_hp_loss":0,"event_name":"Living Wall","floor":10,"gold_loss":0,"cards_upgraded":["Static Discharge"]},{"cards_removed":["Strike_B"],"damage_healed":0,"gold_gain":0,"player_choice":"Card Removal","damage_taken":7,"max_hp_gain":0,"max_hp_loss":0,"event_name":"Golden Wing","floor":14,"gold_loss":0},{"cards_removed":["Strike_B"],"damage_healed":0,"gold_gain":0,"player_choice":"Gave Gold","damage_taken":0,"max_hp_gain":0,"max_hp_loss":0,"event_name":"Beggar","floor":19,"gold_loss":75},{"damage_healed":0,"gold_gain":0,"player_choice":"Fought Bandits","damage_taken":0,"max_hp_gain":0,"max_hp_loss":0,"event_name":"Masked Bandits","floor":20,"gold_loss":0},{"damage_healed":0,"gold_gain":0,"player_choice":"Ignored","damage_taken":0,"max_hp_gain":0,"max_hp_loss":0,"event_name":"Cursed Tome","floor":22,"gold_loss":0}],"is_beta":false,"boss_relics":[{"not_picked":["FrozenCore","Pandora\u0027s Box"],"picked":"Ectoplasm"}],"items_purged_floors":[],"is_endless":false,"potions_floor_spawned":[1,11,13,20],"killed_by":"Book of Stabbing","ascension_level":20}}