{"host":"9bcvatsnbq1a3xq4","time":1613065225,"event":{"mods":["BaseMod","Bestiary","Block Reminder","Highlight Path","Minty Spire (QoL Compilation)","Relic Stats"],"gold_per_floor":[115,115,75,89,99,99,99,129,211,240,240,240,266,280,280,355,355,366,366,366,25,25,25,54,54,54,81,109,125,145,174,174,174,174],"floor_reached":33,"language":"ENG","playtime":2143,"items_purged":["Strike_G"],"score":828,"play_id":"2d43b9d5-c87a-4ea6-9c5d-776b5afc5fb8","local_time":"20210211184025","is_ascension_mode":true,"campfire_choices":[{"data":"Predator","floor":6,"key":"SMITH"},{"data":"Caltrops","floor":11,"key":"SMITH"},{"data":"Deadly Poison","floor":12,"key":"SMITH"},{"data":"Bouncing Flask","floor":15,"key":"SMITH"},{"floor":23,"key":"REST"},{"floor":25,"key":"REST"},{"floor":32,"key":"REST"}],"circlet_count":0,"master_deck":["AscendersBane","Strike_G","Strike_G","Strike_G","Strike_G","Defend_G","Defend_G","Defend_G","Defend_G","Defend_G","Survivor","Neutralize","Blade Dance","Blade Dance","Predator+1","Caltrops+1","Deadly Poison+1","Burst","Bouncing Flask+1","Malaise","Ghostly","Ghostly","Ghostly","RitualDagger","Purity","Concentrate+1","Well Laid Plans","PiercingWail"],"relics":["Ring of the Snake","Tiny Chest","Pocketwatch","PreservedInsect","Blue Candle","WingedGreaves","Oddly Smooth Stone","Fusion Hammer","Lantern","Enchiridion","Orichalcum","Pear","Boot","Frozen Egg 2"],"acts_visited":["Exordium","TheCity"],"potions_floor_usage":[8,13,16,28,29],"damage_taken":[{"damage":3,"enemies":"2 Louse","floor":1,"turns":4},{"damage":0,"enemies":"Small Slimes","floor":4,"turns":4},{"damage":0,"enemies":"Cultist","floor":5,"turns":3},{"damage":3,"enemies":"Gremlin Nob","floor":8,"turns":3},{"damage":7,"enemies":"3 Sentries","floor":10,"turns":5},{"damage":13,"enemies":"Lagavulin","floor":13,"turns":5},{"damage":0,"enemies":"2 Fungi Beasts","floor":14,"turns":4},{"damage":25,"enemies":"Hexaghost","floor":16,"turns":6},{"damage":6,"enemies":"Shell Parasite","floor":18,"turns":5},{"damage":0,"enemies":"Book of Stabbing","floor":24,"turns":6},{"damage":0,"enemies":"Gremlin Leader","floor":27,"turns":6},{"damage":1,"enemies":"Slavers","floor":28,"turns":5},{"damage":5,"enemies":"2 Thieves","floor":29,"turns":3},{"damage":4,"enemies":"3 Cultists","floor":30,"turns":5},{"damage":0,"enemies":"Book of Stabbing","floor":31,"turns":4},{"damage":54,"enemies":"Collector","floor":33,"turns":8}],"seed_played":"-1009693428350031398","potions_obtained":[{"floor":3,"key":"EssenceOfSteel"},{"floor":3,"key":"FearPotion"},{"floor":8,"key":"AttackPotion"},{"floor":16,"key":"Explosive Potion"},{"floor":18,"key":"Fire Potion"}],"is_trial":false,"path_per_floor":["M","?","?","M","M","R","T","E","T","E","R","R","E","M","R","B",null,"M","?","?","$","?","R","E","R","T","E","E","M","M","E","R","B"],"character_chosen":"THE_SILENT","items_purchased":["Lantern","Purity"],"campfire_rested":3,"item_purchase_floors":[21,21],"current_hp_per_floor":[56,56,56,56,56,56,56,53,53,46,46,46,33,33,33,8,52,46,33,27,27,6,15,15,24,24,34,33,28,24,24,36,0,0],"gold":174,"neow_bonus":"RANDOM_COMMON_RELIC","is_daily":false,"chose_seed":false,"campfire_upgraded":4,"win_rate":0.0,"timestamp":1613065225,"path_taken":["M","?","?","?","M","R","?","E","T","E","R","R","E","M","R","BOSS","M","?","?","$","?","R","E","R","T","E","E","M","M","E","R","BOSS"],"items_purchased_type":["Relic","Card"],"build_version":"2020-12-22","purchased_purges":1,"victory":false,"max_hp_per_floor":[66,66,66,66,66,66,66,66,66,66,66,66,66,66,66,66,66,66,33,33,33,33,33,33,33,33,43,43,43,43,43,43,43,43],"relic_stats":{"counters":[16,76],"Blue Candle":[0],"Tiny Chest":1,"PreservedInsect":240,"Orichalcum":[138],"Boot":[21],"obtain_stats":[{"Lantern":21,"Pear":27,"Blue Candle":9,"Oddly Smooth Stone":13,"Enchiridion":22,"PreservedInsect":8,"Orichalcum":24,"Frozen Egg 2":31,"Boot":28,"Tiny Chest":0,"WingedGreaves":10,"Fusion Hammer":17,"Ring of the Snake":0,"Pocketwatch":7},{"Lantern":9,"Pear":11,"Blue Candle":4,"Oddly Smooth Stone":6,"Enchiridion":9,"PreservedInsect":4,"Orichalcum":10,"Frozen Egg 2":15,"Boot":12,"Tiny Chest":0,"WingedGreaves":5,"Fusion Hammer":8,"Ring of the Snake":0,"Pocketwatch":3},{"Lantern":39,"Pear":51,"Blue Candle":14,"Oddly Smooth Stone":24,"Enchiridion":39,"PreservedInsect":14,"Orichalcum":45,"Frozen Egg 2":68,"Boot":56,"Tiny Chest":0,"WingedGreaves":19,"Fusion Hammer":34,"Ring of the Snake":0,"Pocketwatch":11}],"Ring of the Snake":[32],"Pocketwatch":[93]},"card_choices":[{"not_picked":["Outmaneuver","Deadly Poison"],"picked":"Blade Dance","floor":1},{"not_picked":["Deadly Poison","Cloak And Dagger"],"picked":"Blade Dance","floor":4},{"not_picked":["All Out Attack","Bane"],"picked":"Predator","floor":5},{"not_picked":["Dodge and Roll","Finisher"],"picked":"Caltrops","floor":8},{"not_picked":["Dodge and Roll","Deflect"],"picked":"Deadly Poison","floor":10},{"not_picked":["Backflip","Underhanded Strike"],"picked":"Burst","floor":13},{"not_picked":["Sucker Punch","Poisoned Stab"],"picked":"Bouncing Flask","floor":14},{"not_picked":["A Thousand Cuts","Envenom"],"picked":"Malaise","floor":16},{"not_picked":["Heel Hook","Poisoned Stab+1","Eviscerate+1"],"picked":"SKIP","floor":18},{"not_picked":["Outmaneuver","Endless Agony","Deflect"],"picked":"SKIP","floor":24},{"not_picked":["Acrobatics","Dagger Throw"],"picked":"Concentrate+1","floor":27},{"not_picked":["Grand Finale","Blade Dance","Accuracy"],"picked":"SKIP","floor":28},{"not_picked":["PiercingWail","Underhanded Strike"],"picked":"Well Laid Plans","floor":29},{"not_picked":["Underhanded Strike","Prepared"],"picked":"PiercingWail","floor":30},{"not_picked":["Backflip","Heel Hook","Poisoned Stab"],"picked":"SKIP","floor":31}],"player_experience":835749,"relics_obtained":[{"floor":7,"key":"Pocketwatch"},{"floor":8,"key":"PreservedInsect"},{"floor":9,"key":"Blue Candle"},{"floor":10,"key":"WingedGreaves"},{"floor":13,"key":"Oddly Smooth Stone"},{"floor":22,"key":"Enchiridion"},{"floor":24,"key":"Orichalcum"},{"floor":27,"key":"Pear"},{"floor":28,"key":"Boot"},{"floor":31,"key":"Frozen Egg 2"}],"event_choices":[{"damage_healed":0,"gold_gain":0,"player_choice":"Ignored","damage_taken":0,"max_hp_gain":0,"max_hp_loss":0,"event_name":"Liars Game","floor":2,"gold_loss":0},{"damage_healed":0,"gold_gain":0,"player_choice":"Bought 3 Potions","damage_taken":0,"max_hp_gain":0,"max_hp_loss":0,"event_name":"The Woman in Blue","floor":3,"gold_loss":0},{"damage_healed":0,"gold_gain":0,"player_choice":"Became a Ghost","damage_taken":0,"max_hp_gain":0,"max_hp_loss":33,"event_name":"Ghosts","floor":19,"gold_loss":0,"cards_obtained":["Ghostly","Ghostly","Ghostly"]},{"damage_healed":0,"gold_gain":0,"player_choice":"Joined the Cult","damage_taken":6,"max_hp_gain":0,"max_hp_loss":0,"event_name":"Nest","floor":20,"gold_loss":0,"cards_obtained":["RitualDagger"]},{"damage_healed":0,"gold_gain":0,"player_choice":"Obtained Book","damage_taken":21,"max_hp_gain":0,"max_hp_loss":0,"event_name":"Cursed Tome","floor":22,"gold_loss":0}],"is_beta":false,"boss_relics":[{"not_picked":["Coffee Dripper","Ring of the Serpent"],"picked":"Fusion Hammer"}],"items_purged_floors":[21],"is_endless":false,"potions_floor_spawned":[5,8,16,18,27],"killed_by":"Collector","ascension_level":20}}