{"host":"0hb9w7uizu7y13wj","time":1613061060,"event":{"mods":["Act Like it!","Aspiration","BaseMod","BetterRewards","Colored Map","Conspire","Downfall","Energized Spire","FTL Soundtrack","Friendly Minions","Halation","Hubris","Infinite Spire","Minty Spire (QoL Compilation)","Quick Restart","Replay The Spire","StSLib","Synergy Search","The Hierophant","The Jungle","The Poker Player","Trackpad","everything is the same but u backflip on backflip"],"gold_per_floor":[116,134,134,134,148,148,176,226,226,226,254,276,295,319,319,400,400,423,441,468,468,497,497,536,536,561,561,561,606,640,665,665,757,757,786,786,814,832,685,685,703,703,703,703,744,774,774,774,774,794,794,794,1106,2257,2273],"floor_reached":56,"language":"ENG","playtime":8249,"items_purged":["Strike_B"],"score":2423,"play_id":"b4496c57-4bfa-4079-a99f-3dedb19bc0fc","local_time":"20210211163100","is_ascension_mode":true,"campfire_choices":[{"floor":6.0,"key":"REST"},{"floor":15.0,"key":"REST"},{"data":"hubris:PowerSurge","floor":23.0,"key":"SMITH"},{"data":"FIFO Queue","floor":25.0,"key":"SMITH"},{"floor":27.0,"key":"REST"},{"data":"ReplayTheSpireMod:Echoes of Time","floor":32.0,"key":"SMITH"},{"data":"Consume","floor":40.0,"key":"SMITH"},{"floor":44.0,"key":"REST"},{"floor":47,"key":"RECALL"},{"data":"Sickly","floor":49,"key":"PURGE"},{"data":"infinitespire:Collect","floor":52,"key":"SMITH"}],"circlet_count":0,"master_deck":["AscendersBane","Strike_B","Strike_B","Strike_B","Defend_B","Defend_B","Defend_B","Defend_B","Zap+1","Dualcast+1","FIFO Queue+1","Crystallizer+1","hubris:PowerSurge+1","Doom and Gloom","Ball Lightning","Loop","Loop","Loop","Core Surge","Coolheaded","Cold Snap","Consume+1","Barrage","CurseOfTheBell","Crystallizer+1","ReplayTheSpireMod:Echoes of Time+1","Conserve Battery+1","Mirror Shield+1","ReplayTheSpireMod:Reroute Power","infinitespire:Collect+1","Sunder","Heatsinks","ReplaySolidLightProjector","Panache","Survey Options","Turbo+1"],"relics":["Cracked Core","Replay:Baseball","trackpad:ZombieHeart","trackpad:SneckoScepter","Runic Capacitor","Strawberry","halation:LettersToHer","Replay:Bandana","Prayer Wheel","Busted Crown","Calling Bell","MealTicket","hubris:RGBLights","hubris:CuriousFeather","Boot","PreservedInsect","trackpad:CultistFigurine","Cursed Key","War Paint","Blue Doll","Smiling Mask","hubris:NiceRug","Toy Ornithopter","hubris:EmptyBottle","trackpad:GuardianSpirit"],"acts_visited":["Exordium","TheCity","TheBeyond","TheEnding"],"potions_floor_usage":[55,55,55,55],"damage_taken":[{"damage":0.0,"enemies":"Small Slimes","floor":1.0,"turns":2.0},{"damage":3.0,"enemies":"Jaw Worm","floor":2.0,"turns":3.0},{"damage":1.0,"enemies":"2 Louse","floor":5.0,"turns":2.0},{"damage":26.0,"enemies":"Lagavulin","floor":7.0,"turns":4.0},{"damage":7.0,"enemies":"Gremlin Gang","floor":11.0,"turns":3.0},{"damage":10.0,"enemies":"Exordium Wildlife","floor":12.0,"turns":3.0},{"damage":1.0,"enemies":"Exordium Thugs","floor":13.0,"turns":3.0},{"damage":9.0,"enemies":"Blue Slaver","floor":14.0,"turns":2.0},{"damage":8.0,"enemies":"Hexaghost","floor":16.0,"turns":6.0},{"damage":32.0,"enemies":"2 Thieves","floor":18.0,"turns":4.0},{"damage":1.0,"enemies":"Spheric Guardian","floor":19.0,"turns":3.0},{"damage":4.0,"enemies":"Centurion and Healer","floor":20.0,"turns":7.0},{"damage":18.0,"enemies":"3 Cultists","floor":22.0,"turns":5.0},{"damage":5.0,"enemies":"conspire:SneckoGhost","floor":24.0,"turns":5.0},{"damage":0.0,"enemies":"Nightmare","floor":29.0,"turns":7.0},{"damage":9.0,"enemies":"Snecko","floor":30.0,"turns":3.0},{"damage":14.0,"enemies":"Chosen and Byrds","floor":31.0,"turns":4.0},{"damage":37.0,"enemies":"hubris:MusketHawk","floor":33.0,"turns":7.0},{"damage":18.0,"enemies":"3 Shapes","floor":35.0,"turns":4.0},{"damage":49.0,"enemies":"3 Darklings","floor":37.0,"turns":5.0},{"damage":6.0,"enemies":"Maw","floor":38.0,"turns":6.0},{"damage":14.0,"enemies":"Spire Growth","floor":41.0,"turns":4.0},{"damage":13.0,"enemies":"Giant Head","floor":45.0,"turns":5.0},{"damage":13,"enemies":"4 Shapes","floor":46,"turns":8},{"damage":42,"enemies":"Donu and Deca","floor":50,"turns":7},{"damage":19,"enemies":"hubris:Merchant","floor":53,"turns":5},{"damage":41,"enemies":"Shield and Spear","floor":54,"turns":9},{"damage":10,"enemies":"The Heart","floor":55,"turns":8}],"seed_played":"-5926259256046388035","potions_obtained":[{"floor":1.0,"key":"Swift Potion"},{"floor":7.0,"key":"Reflective Coating"},{"floor":12.0,"key":"SkillPotion"},{"floor":13.0,"key":"Weak Potion"},{"floor":16.0,"key":"EssenceOfDarkness"},{"floor":53,"key":"Dexterity Potion"}],"is_trial":false,"path_per_floor":["M","M","?","$","M","R","E","T","T","?","M","M","M","M","R","B",null,"M","M","M","AVR","M","R","E","R","T","R","?","NM","M","M","R","B",null,"M","?","M","M","$","R","M","AVR","T","R","E","M","R","?","R_BF","B",null,"R","$","E","B",null],"character_chosen":"DEFECT","items_purchased":["Replay:Baseball","trackpad:ZombieHeart","FIFO Queue","Runic Capacitor","Crystallizer","hubris:PowerSurge","War Paint"],"campfire_rested":4,"item_purchase_floors":[0,0,0,0,0,0,39],"current_hp_per_floor":[25,23,16,16,17,41,23,23,23,23,20,12,13,5,34,27,80,50,50,48,48,33,33,29,29,29,61,61,62,54,42,42,6,86,71,71,29,24,39,39,26,26,26,63,51,42,42,113,113,73,105,105,99,62,73],"gold":2273,"neow_bonus":"","is_daily":false,"chose_seed":false,"campfire_upgraded":5,"win_rate":0.0,"timestamp":1613061060,"path_taken":["M","M","?","$","M","R","E","?","T","?","M","M","M","M","R","BOSS","M","M","?","AVR","M","R","E","R","T","R","?","NM","?","M","R","BOSS","M","?","M","?","?","R","M","AVR","T","R","E","M","R","?","R_BF","BOSS","R","$","E","BOSS"],"items_purchased_type":["Relic","Relic","Card","Relic","Card","Card","Relic"],"build_version":"2020-12-22","purchased_purges":1,"victory":true,"max_hp_per_floor":[77,78,78,78,80,80,88,88,88,88,92,94,96,97,97,98,98,100,101,103,103,106,106,107,107,107,107,107,108,109,111,111,112,112,115,115,122,123,123,123,124,124,124,124,125,129,129,113,113,115,115,115,118,122,123],"card_choices":[{"not_picked":["Streamline","Turbo"],"picked":"Doom and Gloom","floor":1.0},{"not_picked":["Streamline","Barrage"],"picked":"Ball Lightning","floor":2.0},{"not_picked":["Sweeping Beam","Streamline"],"picked":"Loop","floor":5.0},{"not_picked":["Conserve Battery","aspiration:Polymerization"],"picked":"ReplayTheSpireMod:Fabricate Wheel","floor":7.0},{"not_picked":["Beam Cell","Turbo","Stack"],"picked":"SKIP","floor":11.0},{"not_picked":["ReplayTheSpireMod:System Scan","Coolheaded"],"picked":"Loop","floor":12.0},{"not_picked":["Ball Lightning","conspire:Rain","Steam"],"picked":"SKIP","floor":12.0},{"not_picked":["Double Energy","Steam"],"picked":"Loop","floor":13.0},{"not_picked":["Hyperbeam","Barrage","BasicCrystalCard"],"picked":"SKIP","floor":13.0},{"not_picked":["Sweeping Beam","Time Bomb","Go for the Eyes"],"picked":"SKIP","floor":14.0},{"not_picked":["Genetic Algorithm","Streamline","Beam Cell"],"picked":"SKIP","floor":14.0},{"not_picked":["Machine Learning","Mirror Shield"],"picked":"Core Surge","floor":16.0},{"not_picked":[],"picked":"Coolheaded","floor":18.0},{"not_picked":[],"picked":"Cold Snap","floor":18.0},{"not_picked":["Turbo"],"picked":"SKIP","floor":19.0},{"not_picked":["Streamline"],"picked":"SKIP","floor":19.0},{"not_picked":[],"picked":"Consume","floor":20.0},{"not_picked":[],"picked":"Barrage","floor":20.0},{"not_picked":["ReplayTheSpireMod:GoodbyeWorld"],"picked":"SKIP","floor":22.0},{"not_picked":["Rebound"],"picked":"SKIP","floor":22.0},{"not_picked":[],"picked":"Crystallizer+1","floor":24.0},{"not_picked":["Replay:Fractal Strike","infinitespire:FutureSight"],"picked":"ReplayTheSpireMod:Echoes of Time","floor":29.0},{"not_picked":[],"picked":"Conserve Battery+1","floor":29.0},{"not_picked":["Steam Power"],"picked":"SKIP","floor":30.0},{"not_picked":["Turbo"],"picked":"SKIP","floor":30.0},{"not_picked":["Go for the Eyes"],"picked":"SKIP","floor":31.0},{"not_picked":["Darkness"],"picked":"SKIP","floor":31.0},{"not_picked":[],"picked":"Mirror Shield","floor":33.0},{"not_picked":["Force Field"],"picked":"SKIP","floor":35.0},{"not_picked":["Hologram"],"picked":"SKIP","floor":35.0},{"not_picked":["Streamline"],"picked":"SKIP","floor":37.0},{"not_picked":["Barrage"],"picked":"SKIP","floor":37.0},{"not_picked":[],"picked":"ReplayTheSpireMod:Reroute Power","floor":38.0},{"not_picked":["Ball Lightning"],"picked":"SKIP","floor":38.0},{"not_picked":["Doom and Gloom+1"],"picked":"SKIP","floor":41.0},{"not_picked":["BasicCrystalCard"],"picked":"SKIP","floor":41.0},{"not_picked":["Turbo"],"picked":"SKIP","floor":45.0},{"not_picked":["ReplayTheSpireMod:Reroute Power"],"picked":"SKIP","floor":46},{"not_picked":["Leap"],"picked":"SKIP","floor":46},{"not_picked":[],"picked":"Sunder","floor":53},{"not_picked":[],"picked":"Heatsinks","floor":53},{"not_picked":[],"picked":"ReplaySolidLightProjector","floor":53},{"not_picked":[],"picked":"Panache","floor":53},{"not_picked":[],"picked":"Survey Options","floor":53},{"not_picked":[],"picked":"Turbo+1","floor":53},{"not_picked":["Blizzard"],"picked":"SKIP","floor":53},{"not_picked":["Stack+1"],"picked":"SKIP","floor":54}],"player_experience":980090,"relics_obtained":[{"floor":7.0,"key":"Strawberry"},{"floor":8.0,"key":"halation:LettersToHer"},{"floor":9.0,"key":"halation:LettersToHer"},{"floor":9.0,"key":"Replay:Bandana"},{"floor":21.0,"key":"MealTicket"},{"floor":21.0,"key":"hubris:RGBLights"},{"floor":21.0,"key":"hubris:CuriousFeather"},{"floor":24.0,"key":"Boot"},{"floor":26.0,"key":"halation:LettersToHer"},{"floor":26.0,"key":"PreservedInsect"},{"floor":29.0,"key":"trackpad:CultistFigurine"},{"floor":43.0,"key":"halation:LettersToHer"},{"floor":45.0,"key":"Smiling Mask"},{"floor":53,"key":"Toy Ornithopter"},{"floor":53,"key":"hubris:EmptyBottle"},{"floor":54,"key":"trackpad:GuardianSpirit"}],"event_choices":[{"damage_healed":0.0,"max_hp_gain":0.0,"max_hp_loss":0.0,"gold_gain":0.0,"event_name":"Scrap Ooze","player_choice":"Fled","floor":3.0,"gold_loss":0.0,"damage_taken":7.0},{"damage_healed":0.0,"max_hp_gain":0.0,"max_hp_loss":0.0,"gold_gain":0.0,"event_name":"Upgrade Shrine","player_choice":"Upgraded","floor":10.0,"gold_loss":0.0,"damage_taken":0.0,"cards_upgraded":["Zap"]},{"damage_healed":0.0,"max_hp_gain":0.0,"max_hp_loss":0.0,"gold_gain":0.0,"event_name":"Upgrade Shrine","player_choice":"Upgraded","floor":28.0,"gold_loss":0.0,"damage_taken":0.0,"cards_upgraded":["Crystallizer"]},{"damage_healed":0.0,"max_hp_gain":0.0,"max_hp_loss":0.0,"gold_gain":0.0,"event_name":"SecretPortal","player_choice":"Ignored","floor":36.0,"gold_loss":0.0,"damage_taken":0.0},{"damage_healed":113,"gold_gain":0,"player_choice":"Heal","damage_taken":0,"max_hp_gain":0,"max_hp_loss":16,"event_name":"The Moai Head","floor":48,"gold_loss":0}],"is_beta":false,"boss_relics":[{"not_picked":["Ectoplasm","hubris:TerracottaHorce"],"picked":"Busted Crown"},{"not_picked":["Inserter","halation:SmartPhone"],"picked":"Cursed Key"}],"items_purged_floors":[42],"is_endless":false,"potions_floor_spawned":[1,7,12,13,16,19,20,22,30,37,38,45,46],"ascension_level":13}}