{"host":"1izdfj84a6wseks8","time":1613037690,"event":{"mods":["2.2 Compatiblity","ATMod(阿瑾Mod)","Act Like it!","Arknights","BaseMod","Better Vampires","Challenge The Spire","Colored Map","Colored Powertips","Curses Come First","Energized Spire","Gensokyo","Good Game Mod","Highlight Path","KinomotoSakuraMod(木之本樱)","Koishi","KomeijiMod","LagranYue(拉格朗・月)","Lobotomy","LobotomyExtend","Luminous","Marisa（F雨　魔理沙）","Minty Spire (QoL Compilation)","Potion Indicator Mod","Reimu（博丽灵梦）","Relic Filter Mod","Relic Stats","Reliquary","Remilia（蕾米莉亚）","Shop Mod","Slay the Relics Exporter","StSLib","TestMod","The Alterego","The Animator","The Bug Knight","The Servant 0.9.4","Waifu the Spire","WarShipGirlsR/战舰少女R mod","Warlord Emblem","Yakumo Yukari mod","Youmu（魂魄妖梦）","Yuyuko","【功能Mod】混沌之环修复补丁","篝火指南"],"gold_per_floor":[113,68,82,96,29,60,79,79,79,9,28,254,254,269,39,145,145,162,185,69,87,104,140,140,161,161,175,190,203,233,249,268,315,327,29,29,86,124,124,223,223,223,22,54,71],"floor_reached":22,"language":"ZHS","playtime":5429,"items_purged":["Clumsy","LagranYue:BaseDefendCard","LagranYue:BaseDefendCard"],"score":779,"play_id":"db7f5af0-9748-4368-b8b6-cc299adf74b5","local_time":"20210211180130","is_ascension_mode":false,"campfire_choices":[{"floor":8.0,"key":"RECALL"},{"data":"LagranYue:TestChooseCard","floor":24.0,"key":"SMITH"},{"data":"LagranYue:AttackSummerCard","floor":12.0,"key":"SMITH"},{"data":"LagranYue:AttackSummerCard","floor":15.0,"key":"SMITH"},{"data":"LagranYue:AttackFutureCard","floor":18.0,"key":"SMITH"}],"circlet_count":0,"master_deck":["LagranYue:BaseAttackCard","LagranYue:BaseAttackCard","LagranYue:BaseAttackCard","LagranYue:BaseDefendCard","LagranYue:AttackTopazCard+1","LagranYue:SkillBrokenSwordCard","Gensokyo:RisingWorld","AT_FamilyPortrait","LagranYue:SkillGaeBolgCard","LagranYue:ForgingCard","LagranYue:AttackCrowCrossbowCard","LagranYue:SkillDeadlyBloomCard","LagranYue:AttackSummerCard+1","LagranYue:TestChooseCard+1","LagranYue:RoseCard","LagranYue:PowerDarkTempleCard","LagranYue:SkillWoodSpearCard","LagranYue:AttackFutureCard+1","LagranYue:AttackEmeraldCard","LagranYue:AttackSummerCard+1","LagranYue:AttackMagicSwordCard","LagranYue:SkillBrokenShieldCard+1","LagranYue:PowerRemoveArmorCard","LagranYue:ProjectionCard","LagranYue:RoseCard","LagranYue:AttackFlintCard","LagranYue:AttackDevilCard+1","LagranYue:AttackGoldCard","LagranYue:BraveTemperamentCard","LagranYue:PurpleNightmareCard","LagranYue:AttackKillerCard","LagranYue:AttackSummerCard+1","LagranYue:SkillIncompleteArchCard","LagranYue:AttackGalacticZeroCard","LagranYue:SkillWoodSpearCard","LagranYue:SapphirePrayerCard","Secret Weapon","LagranYue:SkillHeartWaterCard","LagranYue:AttackSummerCard+1","LagranYue:AttackEngravingRoseCard"],"relics":["LagranYue:ArmsProficiencyRelics","AT_ATBox","testmod-TestBox","testmod-ObsoleteBoomerang","AT_BladeRuinedKing","Vajra","testmod-BouquetWithThorns","Gensokyo:NagashiBinaDoll","MerchantsRug","testmod-Acrobat","testmod-SaigiyounoYou","Strawberry","LagranYue:GungnirRelics","ShedSkin_r","MagicBullet_r","LetterFromLob","testmod-TestBox","testmod-Alchemist","LagranYue:DarkRelics","DollysMirror","reliquary:TatteredRug","InkBottle"],"acts_visited":["Gensokyo:Gensokyo","TheCity","TheEnding"],"potions_floor_usage":[],"damage_taken":[{"damage":4.0,"enemies":"Gensokyo:2_Kodama","floor":1.0,"turns":2.0},{"damage":5.0,"enemies":"Gensokyo:3_Fairies","floor":3.0,"turns":3.0},{"damage":0.0,"enemies":"Gensokyo:Python","floor":4.0,"turns":2.0},{"damage":10.0,"enemies":"Gensokyo:Mamizou","floor":6.0,"turns":5.0},{"damage":2.0,"enemies":"Gensokyo:2_Rabbits","floor":7.0,"turns":2.0},{"damage":0.0,"enemies":"Gensokyo:Python_and_Kodama","floor":11.0,"turns":2.0},{"damage":5.0,"enemies":"Gensokyo:Cirno","floor":12.0,"turns":5.0},{"damage":0.0,"enemies":"Gensokyo:5_Fairies","floor":14.0,"turns":2.0},{"damage":19.0,"enemies":"Gensokyo:Kokoro","floor":16.0,"turns":5.0},{"damage":7.0,"enemies":"3 Byrds","floor":18.0,"turns":3.0},{"damage":5.0,"enemies":"Chosen","floor":19.0,"turns":3.0},{"damage":10.0,"enemies":"Sentry and Sphere","floor":21.0,"turns":3.0},{"damage":19.0,"enemies":"Centurion and Healer","floor":22.0,"turns":9.0},{"damage":46.0,"enemies":"Book of Stabbing","floor":23.0,"turns":4.0},{"damage":0.0,"enemies":"Cultist","floor":1.0,"turns":1.0},{"damage":0.0,"enemies":"Small Slimes","floor":3.0,"turns":1.0},{"damage":0.0,"enemies":"Jaw Worm","floor":4.0,"turns":1.0},{"damage":6.0,"enemies":"Looter","floor":5.0,"turns":2.0},{"damage":0.0,"enemies":"Gremlin Nob","floor":6.0,"turns":2.0},{"damage":0.0,"enemies":"Exordium Thugs","floor":7.0,"turns":2.0},{"damage":41.0,"enemies":"Gremlin Gang","floor":8.0,"turns":2.0},{"damage":0.0,"enemies":"3 Louse","floor":10.0,"turns":1.0},{"damage":0.0,"enemies":"3 Sentries","floor":13.0,"turns":2.0},{"damage":2.0,"enemies":"3 Sentries","floor":14.0,"turns":2.0},{"damage":0.0,"enemies":"Slime Boss","floor":16.0,"turns":1.0},{"damage":21,"enemies":"Shield and Spear","floor":20,"turns":3},{"damage":36,"enemies":"The Heart","floor":21,"turns":5}],"seed_played":"-4419472024451705298","potions_obtained":[{"floor":7.0,"key":"Fruit Juice"},{"floor":11.0,"key":"Dexterity Potion"},{"floor":14.0,"key":"Dexterity Potion"},{"floor":16.0,"key":"DuplicationPotion"},{"floor":19.0,"key":"FearPotion"},{"floor":3.0,"key":"SteroidPotion"},{"floor":6.0,"key":"GrandPatriotsElixir:ReiMu"},{"floor":10.0,"key":"Block Potion"},{"floor":13.0,"key":"Swift Potion"},{"floor":14.0,"key":"FearPotion"},{"floor":20,"key":"ColorlessPotion"},{"floor":20,"key":"SteroidPotion"}],"is_trial":false,"path_per_floor":["M","$","M","M","COS","E","M","R","T","?","M","E","?","M","R","B",null,"M","M","$","M","M","E","R","E","M","?","M","M","M","E","M","M","T","M","$","R","?","E","R","B",null,"R","$","E","B",null],"character_chosen":"LagranYueCharacter","items_purchased":["LagranYue:SkillDeadlyBloomCard","MerchantsRug","LagranYue:AttackSummerCard","testmod-Acrobat","LagranYue:ProjectionCard","LagranYue:SapphirePrayerCard","Secret Weapon","DollysMirror"],"campfire_rested":0,"item_purchase_floors":[2,15,15,15,20,11,11,19],"current_hp_per_floor":[50,50,45,45,45,35,38,38,38,38,38,33,33,33,33,14,80,83,83,83,79,90,69,69,94,94,94,94,90,97,100,85,85,95,95,95,103,103,103,103,103,103,103,103,103],"gold":71,"neow_bonus":"TRANSFORM_TWO_CARDS","is_daily":false,"chose_seed":false,"campfire_upgraded":4,"win_rate":0.0,"timestamp":1613037690,"path_taken":["M","?","M","M","COS","E","M","R","T","?","M","E","?","?","R","BOSS","M","M","$","M","M","E","R","E","M","?","M","M","M","E","M","M","T","M","$","R","?","E","R","BOSS","R","$","E","BOSS"],"items_purchased_type":["Card","Relic","Card","Relic","Card","Card","Card","Relic"],"build_version":"2020-12-22","purchased_purges":3,"victory":true,"max_hp_per_floor":[75,75,75,75,75,75,80,80,80,80,80,80,80,80,80,80,80,83,83,83,83,90,93,93,94,94,94,94,94,97,100,103,103,103,103,103,103,103,103,103,103,103,103,103,103],"relic_stats":{"counters":[27,75],"obtain_stats":[{"MerchantsRug":15,"AT_ATBox":0,"testmod-TestBox":0,"LagranYue:RandomDrawCardRelic":0,"MagicBullet_r":25,"Vajra":7,"LagranYue:GungnirRelics":23,"Eternal Feather":13,"AT_BladeRuinedKing":6,"Gensokyo:NagashiBinaDoll":13,"reliquary:TatteredRug":20,"testmod-BouquetWithThorns":12,"testmod-SaigiyounoYou":17,"REME:ComplimentaryCards":0,"testmod-Alchemist":6,"DollysMirror":19,"testmod-Acrobat":15,"Strawberry":22,"LagranYue:DarkRelics":9,"LagranYue:ArmsProficiencyRelics":0,"testmod-ObsoleteBoomerang":0,"LetterFromLob":1,"ShedSkin_r":25,"InkBottle":20},{"MerchantsRug":8,"AT_ATBox":0,"testmod-TestBox":0,"LagranYue:RandomDrawCardRelic":0,"MagicBullet_r":14,"Vajra":5,"LagranYue:GungnirRelics":14,"Eternal Feather":23,"AT_BladeRuinedKing":4,"Gensokyo:NagashiBinaDoll":7,"reliquary:TatteredRug":26,"testmod-BouquetWithThorns":7,"testmod-SaigiyounoYou":9,"REME:ComplimentaryCards":0,"testmod-Alchemist":19,"DollysMirror":25,"testmod-Acrobat":8,"Strawberry":13,"LagranYue:DarkRelics":21,"LagranYue:ArmsProficiencyRelics":0,"testmod-ObsoleteBoomerang":0,"LetterFromLob":1,"ShedSkin_r":14,"InkBottle":26},{"MerchantsRug":23,"AT_ATBox":0,"testmod-TestBox":0,"LagranYue:RandomDrawCardRelic":0,"MagicBullet_r":50,"Vajra":13,"LagranYue:GungnirRelics":50,"Eternal Feather":64,"AT_BladeRuinedKing":12,"Gensokyo:NagashiBinaDoll":21,"reliquary:TatteredRug":70,"testmod-BouquetWithThorns":21,"testmod-SaigiyounoYou":28,"REME:ComplimentaryCards":0,"testmod-Alchemist":57,"DollysMirror":67,"testmod-Acrobat":23,"Strawberry":46,"LagranYue:DarkRelics":61,"LagranYue:ArmsProficiencyRelics":0,"testmod-ObsoleteBoomerang":0,"LetterFromLob":2,"ShedSkin_r":50,"InkBottle":70}],"InkBottle":[3]},"card_choices":[{"not_picked":["LagranYue:BraveTemperamentCard","LagranYue:AttackRubyCard"],"picked":"LagranYue:AttackCrowCrossbowCard","floor":1.0},{"not_picked":["LagranYue:FantasyCard","LagranYue:SkillDevilKissCard"],"picked":"LagranYue:AttackSummerCard","floor":3.0},{"not_picked":["LagranYue:EatTigerCard","LagranYue:PowerTwelveTrialsCard"],"picked":"LagranYue:TestChooseCard","floor":4.0},{"not_picked":["LagranYue:SkillGaeBolgCard","LagranYue:SkillWoodSpearCard"],"picked":"LagranYue:RoseCard","floor":6.0},{"not_picked":["LagranYue:AttackDevilCard","LagranYue:AttackFaithCard"],"picked":"LagranYue:PowerDarkTempleCard","floor":7.0},{"not_picked":["LagranYue:EmeraldRemorseCard","LagranYue:AttackSapphireCard"],"picked":"LagranYue:SkillWoodSpearCard","floor":11.0},{"not_picked":["LagranYue:AttackFaithCard","LagranYue:AttackIceCard"],"picked":"LagranYue:AttackFutureCard","floor":12.0},{"not_picked":["LagranYue:SkillWoodSpearCard","LagranYue:PrematureBurialCard"],"picked":"LagranYue:AttackEmeraldCard","floor":14.0},{"not_picked":["LagranYue:AttackEmeraldCard","LagranYue:AttackLakeCard"],"picked":"LagranYue:AttackMagicSwordCard","floor":16.0},{"not_picked":["LagranYue:AttackFaithCard","LagranYue:EmeraldRemorseCard"],"picked":"LagranYue:SkillBrokenShieldCard+1","floor":18.0},{"not_picked":["LagranYue:SapphirePrayerCard","LagranYue:SkillEightFeetJadeCard"],"picked":"LagranYue:PowerRemoveArmorCard","floor":19.0},{"not_picked":["LagranYue:SkillDeadlyBloomCard","LagranYue:EatTigerCard"],"picked":"LagranYue:RoseCard","floor":21.0},{"not_picked":["LagranYue:EatTigerCard","LagranYue:SkillTestamentCard+1"],"picked":"LagranYue:AttackFlintCard","floor":22.0},{"not_picked":["LagranYue:SkillFalseAerialAceCard","LagranYue:SkillWoodSpearCard+1"],"picked":"LagranYue:AttackDevilCard+1","floor":23.0},{"not_picked":["LagranYue:SkillGaeBolgCard","LagranYue:AttackRubyCard"],"picked":"LagranYue:AttackGoldCard","floor":1.0},{"not_picked":["LagranYue:SkillLiberationCard","LagranYue:SkillCocoonEvolutionCard"],"picked":"LagranYue:BraveTemperamentCard","floor":3.0},{"not_picked":["LagranYue:AttackSummerCard","LagranYue:AttackFaithCard"],"picked":"LagranYue:PurpleNightmareCard","floor":4.0},{"not_picked":["LagranYue:AttackDivineGuidanceCard","LagranYue:AttackSummerCard"],"picked":"LagranYue:AttackKillerCard","floor":5.0},{"not_picked":["LagranYue:RoseCard","LagranYue:PowerRemoveArmorCard"],"picked":"LagranYue:AttackSummerCard","floor":6.0},{"not_picked":["LagranYue:PowerRemoveArmorCard","LagranYue:PrematureBurialCard"],"picked":"LagranYue:SkillIncompleteArchCard","floor":7.0},{"not_picked":["LagranYue:SkillDeadlyBloomCard","LagranYue:AttackRubyCard"],"picked":"LagranYue:AttackGalacticZeroCard","floor":8.0},{"not_picked":["LagranYue:AttackTopazCard","LagranYue:SkillIncompleteArchCard"],"picked":"LagranYue:SkillWoodSpearCard","floor":10.0},{"not_picked":["LagranYue:SkillFalseAerialAceCard","LagranYue:SkillDeadlyBloomCard"],"picked":"LagranYue:SkillHeartWaterCard","floor":14.0},{"not_picked":["LagranYue:SkillBrokenSwordCard","LagranYue:SkillTestamentCard"],"picked":"LagranYue:AttackEngravingRoseCard","floor":20}],"player_experience":22198,"relics_obtained":[{"floor":1.0,"key":"LetterFromLob"},{"floor":6.0,"key":"AT_BladeRuinedKing"},{"floor":12.0,"key":"testmod-BouquetWithThorns"},{"floor":22.0,"key":"Strawberry"},{"floor":23.0,"key":"LagranYue:GungnirRelics"},{"floor":1.0,"key":"LetterFromLob"},{"floor":6.0,"key":"testmod-Alchemist"},{"floor":9.0,"key":"LagranYue:DarkRelics"},{"floor":13.0,"key":"Eternal Feather"},{"floor":20,"key":"reliquary:TatteredRug"},{"floor":20,"key":"InkBottle"}],"event_choices":[{"damage_healed":0.0,"max_hp_gain":0.0,"max_hp_loss":0.0,"gold_gain":0.0,"event_name":"给自己的盒子","player_choice":"Swap Relic","floor":2.0,"relics_lost":["REME:ComplimentaryCards"],"gold_loss":0.0,"damage_taken":0.0,"relics_obtained":["testmod-TestBox"]},{"damage_healed":0.0,"max_hp_gain":0.0,"max_hp_loss":0.0,"gold_gain":0.0,"event_name":"Dead Adventurer","player_choice":"Searched \u00272\u0027 times","floor":13.0,"gold_loss":0.0,"damage_taken":0.0}],"is_beta":false,"boss_relics":[{"not_picked":["Black Star","energizedSpire:DeadBattery"],"picked":"testmod-SaigiyounoYou"}],"items_purged_floors":[20,11,19],"is_endless":false,"potions_floor_spawned":[7,11,14,16,19,3,6,10,13,14,20],"ascension_level":0}}