{"host":"rolltorest","time":1613006346,"event":{"mods":["BaseMod","Minty Spire (QoL Compilation)","Relic Stats","Slay the Relics Exporter","StSLib"],"gold_per_floor":[109,123,198,259,259,259,291,53,100,114,134,134,166,182,182,259,259,269,269,298,85,95,95,15,15,60,89,101,139,52,71,71,142,142,160,185,185,185],"floor_reached":37,"language":"ENG","playtime":1300,"items_purged":["MasterReality"],"score":940,"play_id":"5e3be83e-6f89-454e-83f4-9b665d4fc24e","local_time":"20210210171906","is_ascension_mode":true,"campfire_choices":[{"data":"Alpha","floor":6,"key":"SMITH"},{"floor":12,"key":"REST"},{"data":"Omniscience","floor":15,"key":"SMITH"},{"data":"Vault","floor":23,"key":"SMITH"},{"data":"Scrawl","floor":25,"key":"SMITH"},{"data":"TalkToTheHand","floor":32,"key":"SMITH"}],"circlet_count":0,"master_deck":["AscendersBane","Vigilance","Wireheading","Alpha+1","MasterReality","Scrawl+1","Perseverance","Omniscience+1","EmptyBody+1","SandsOfTime","DeusExMachina","Prostrate","BowlingBash","TalkToTheHand+1","TalkToTheHand+1","Vault+1","EmptyBody+1","DeusExMachina+1","WaveOfTheHand","Adaptation","FlyingSleeves","Tantrum","ThirdEye","Master of Strategy+1","CutThroughFate","LessonLearned","CutThroughFate","InnerPeace","Nirvana","Wallop"],"relics":["Pandora\u0027s Box","Eternal Feather","Mercury Hourglass","Bag of Preparation","Centennial Puzzle","Philosopher\u0027s Stone","Red Mask","MawBank","War Paint","Coffee Dripper","Ginger"],"acts_visited":["Exordium","TheCity","TheBeyond"],"potions_floor_usage":[11,13,16,20,29,33,37],"damage_taken":[{"damage":7,"enemies":"Cultist","floor":1,"turns":4},{"damage":5,"enemies":"Jaw Worm","floor":2,"turns":4},{"damage":39,"enemies":"Gremlin Nob","floor":7,"turns":4},{"damage":0,"enemies":"2 Louse","floor":10,"turns":2},{"damage":3,"enemies":"2 Fungi Beasts","floor":11,"turns":3},{"damage":3,"enemies":"3 Sentries","floor":13,"turns":3},{"damage":7,"enemies":"Exordium Thugs","floor":14,"turns":3},{"damage":0,"enemies":"Slime Boss","floor":16,"turns":5},{"damage":13,"enemies":"Shell Parasite","floor":18,"turns":4},{"damage":17,"enemies":"Masked Bandits","floor":20,"turns":4},{"damage":2,"enemies":"2 Thieves","floor":22,"turns":4},{"damage":4,"enemies":"Snake Plant","floor":27,"turns":3},{"damage":24,"enemies":"Slavers","floor":29,"turns":6},{"damage":7,"enemies":"Sentry and Sphere","floor":31,"turns":6},{"damage":11,"enemies":"Automaton","floor":33,"turns":5},{"damage":17,"enemies":"Orb Walker","floor":35,"turns":4},{"damage":0,"enemies":"Mind Bloom Boss Battle","floor":36,"turns":5},{"damage":49,"enemies":"2 Orb Walkers","floor":37,"turns":4}],"seed_played":"-765417474507778414","potions_obtained":[{"floor":1,"key":"Swift Potion"},{"floor":11,"key":"Fire Potion"},{"floor":13,"key":"ColorlessPotion"},{"floor":16,"key":"DuplicationPotion"},{"floor":20,"key":"LiquidBronze"},{"floor":28,"key":"GamblersBrew"}],"is_trial":false,"path_per_floor":["M","M","?","?","T","R","E","$","T","M","M","R","E","M","R","B",null,"M","?","?","$","M","R","$","R","T","M","?","E","$","M","R","B",null,"M","?","?"],"character_chosen":"WATCHER","items_purchased":["BottledMiracle","Prostrate","BowlingBash","ThirdEye","Master of Strategy","LessonLearned","Nirvana","PowerPotion"],"campfire_rested":1,"item_purchase_floors":[8,8,8,21,21,24,30,30],"current_hp_per_floor":[54,49,38,38,38,44,5,5,5,5,2,31,28,21,30,30,59,46,46,29,29,27,42,42,57,57,53,53,29,29,22,37,26,58,41,41,0,0],"gold":185,"neow_bonus":"BOSS_RELIC","is_daily":false,"chose_seed":false,"campfire_upgraded":5,"win_rate":0.0,"timestamp":1613006346,"path_taken":["M","M","?","?","?","R","E","$","T","M","M","R","E","M","R","BOSS","M","?","?","$","M","R","$","R","T","?","?","E","?","M","R","BOSS","M","?","?"],"items_purchased_type":["Potion","Card","Card","Card","Card","Card","Card","Potion"],"build_version":"2020-12-18","purchased_purges":1,"victory":false,"max_hp_per_floor":[68,68,68,68,68,68,68,68,68,68,68,68,68,68,68,68,68,68,68,68,68,68,68,68,68,68,68,68,68,68,68,68,68,68,68,68,68,68],"relic_stats":{"Centennial Puzzle":[33],"counters":[18,73],"Pandora\u0027s Box":["Wireheading","Alpha","MasterReality","Brilliance","Scrawl","MasterReality","Perseverance","Omniscience"],"Eternal Feather":69,"Bag of Preparation":[32],"Ginger":[0],"War Paint":["EmptyBody","EmptyBody"],"MawBank":48,"obtain_stats":[{"Centennial Puzzle":13,"Pandora\u0027s Box":0,"Eternal Feather":5,"Philosopher\u0027s Stone":17,"Bag of Preparation":9,"Red Mask":20,"Coffee Dripper":34,"Ginger":36,"PureWater":0,"War Paint":29,"MawBank":26,"Mercury Hourglass":7},{"Centennial Puzzle":6,"Pandora\u0027s Box":0,"Eternal Feather":2,"Philosopher\u0027s Stone":8,"Bag of Preparation":3,"Red Mask":10,"Coffee Dripper":15,"Ginger":17,"PureWater":0,"War Paint":13,"MawBank":11,"Mercury Hourglass":3},{"Centennial Puzzle":20,"Pandora\u0027s Box":0,"Eternal Feather":8,"Philosopher\u0027s Stone":28,"Bag of Preparation":12,"Red Mask":36,"Coffee Dripper":60,"Ginger":69,"PureWater":0,"War Paint":49,"MawBank":40,"Mercury Hourglass":12}],"Mercury Hourglass":[258]},"card_choices":[{"not_picked":["Worship","Halt"],"picked":"EmptyBody","floor":1},{"not_picked":["Protect","Crescendo"],"picked":"SandsOfTime","floor":2},{"not_picked":["Fasting2","MentalFortress"],"picked":"DeusExMachina","floor":7},{"not_picked":["SandsOfTime","Crescendo"],"picked":"TalkToTheHand","floor":10},{"not_picked":["SashWhip","FollowUp"],"picked":"TalkToTheHand","floor":11},{"not_picked":["MentalFortress","Collect"],"picked":"Vault","floor":13},{"not_picked":["Halt","ForeignInfluence"],"picked":"EmptyBody","floor":14},{"not_picked":["MasterReality","Devotion"],"picked":"DeusExMachina","floor":16},{"not_picked":["JustLucky+1","FlurryOfBlows"],"picked":"WaveOfTheHand","floor":18},{"not_picked":["SashWhip","Wallop"],"picked":"Tantrum","floor":20},{"not_picked":["Conclude","PathToVictory"],"picked":"CutThroughFate","floor":22},{"not_picked":["Halt","JustLucky"],"picked":"CutThroughFate","floor":27},{"not_picked":["ForeignInfluence","Prostrate"],"picked":"InnerPeace","floor":29},{"not_picked":["Crescendo","InnerPeace","EmptyBody"],"picked":"SKIP","floor":31},{"not_picked":["InnerPeace","JustLucky+1","MentalFortress"],"picked":"SKIP","floor":35},{"not_picked":["Protect","ReachHeaven+1"],"picked":"Wallop","floor":36}],"player_experience":1941311,"relics_obtained":[{"floor":5,"key":"Eternal Feather"},{"floor":7,"key":"Mercury Hourglass"},{"floor":9,"key":"Bag of Preparation"},{"floor":13,"key":"Centennial Puzzle"},{"floor":20,"key":"Red Mask"},{"floor":26,"key":"MawBank"},{"floor":29,"key":"War Paint"},{"floor":36,"key":"Ginger"}],"event_choices":[{"damage_healed":0,"gold_gain":75,"player_choice":"Gather Gold","damage_taken":11,"max_hp_gain":0,"max_hp_loss":0,"event_name":"World of Goop","floor":3,"gold_loss":0},{"damage_healed":0,"gold_gain":61,"player_choice":"Gained Gold","damage_taken":0,"max_hp_gain":0,"max_hp_loss":0,"event_name":"Golden Wing","floor":4,"gold_loss":0},{"damage_healed":0,"gold_gain":0,"cards_transformed":["Brilliance","Eruption"],"player_choice":"Became Test Subject","damage_taken":0,"max_hp_gain":0,"max_hp_loss":0,"event_name":"Drug Dealer","floor":19,"gold_loss":0,"cards_obtained":["Adaptation","FlyingSleeves"]},{"damage_healed":0,"gold_gain":0,"player_choice":"Fought Bandits","damage_taken":0,"max_hp_gain":0,"max_hp_loss":0,"event_name":"Masked Bandits","floor":20,"gold_loss":0},{"damage_healed":0,"gold_gain":0,"player_choice":"Got Potions","damage_taken":0,"max_hp_gain":0,"max_hp_loss":0,"event_name":"Lab","floor":28,"gold_loss":0},{"damage_healed":0,"gold_gain":0,"player_choice":"Fight","damage_taken":0,"max_hp_gain":0,"max_hp_loss":0,"event_name":"MindBloom","floor":36,"gold_loss":0},{"damage_healed":0,"gold_gain":0,"player_choice":"Fight","damage_taken":0,"max_hp_gain":0,"max_hp_loss":0,"event_name":"Mysterious Sphere","floor":37,"gold_loss":0}],"is_beta":true,"boss_relics":[{"not_picked":["Busted Crown","Velvet Choker"],"picked":"Philosopher\u0027s Stone"},{"not_picked":["Astrolabe","Tiny House"],"picked":"Coffee Dripper"}],"items_purged_floors":[8],"is_endless":false,"potions_floor_spawned":[1,11,13,14,16,18,20,31],"killed_by":"2 Orb Walkers","ascension_level":20}}