{"host":"r20plk0ye00cesdc","time":1613044299,"event":{"mods":["BaseMod","Better Third Choice","Colored Powertips","Downfall","GifTheSpireLib","Jorbs\u0027s Wanderer Trilogy","Minty Spire (QoL Compilation)","Quick Restart","StSLib"],"gold_per_floor":[119,131,143,154,193,193,227,227,227,227,246,256,318,336,336,437,437,451,84,102,112,122,148,148,148,148,148,74,90,50,77,89,199,211,241,269,281,309,339,351,375,399,411,441,481,573,585,613,625,637,637],"floor_reached":50,"language":"ENG","playtime":3305,"items_purged":["stsjorbsmod:Strike_Wanderer"],"score":572,"play_id":"5cefaedf-aa0d-4ecc-897e-3223714da51f","local_time":"20210211065139","is_ascension_mode":false,"campfire_choices":[{"data":"stsjorbsmod:EyeOfTheStorm","floor":6,"key":"SMITH"},{"data":"stsjorbsmod:TrueStrike","floor":8,"key":"SMITH"},{"floor":10,"key":"REST"},{"floor":15,"key":"REST"},{"floor":25,"key":"REST"},{"data":"stsjorbsmod:FindFamiliar","floor":27,"key":"SMITH"},{"floor":32,"key":"REST"},{"floor":40,"key":"REST"},{"floor":47,"key":"RECALL"},{"floor":49,"key":"REST"}],"circlet_count":0,"master_deck":["stsjorbsmod:ForbiddenGrimoire+1","stsjorbsmod:Strike_Wanderer","stsjorbsmod:Strike_Wanderer+1","stsjorbsmod:Strike_Wanderer+1","stsjorbsmod:Defend_Wanderer","stsjorbsmod:Defend_Wanderer","stsjorbsmod:Defend_Wanderer","stsjorbsmod:Defend_Wanderer","stsjorbsmod:FreshAdventure+1","stsjorbsmod:EyeOfTheStorm+1","stsjorbsmod:ChainLightning+1","stsjorbsmod:BookOfTongues","stsjorbsmod:Firebolt","stsjorbsmod:Prepare","stsjorbsmod:Prepare","stsjorbsmod:TrueStrike+1","stsjorbsmod:HedgeWizard","stsjorbsmod:Channel","stsjorbsmod:MagicMirror","stsjorbsmod:Thorns","stsjorbsmod:Fireball+1","stsjorbsmod:ScorchingRay","stsjorbsmod:FindFamiliar+1","stsjorbsmod:FracturedMind+1","stsjorbsmod:Will","stsjorbsmod:Patron+1","stsjorbsmod:ColorSpray+1","stsjorbsmod:Rediscovery+1","stsjorbsmod:ArcaneWeapon+1","stsjorbsmod:HedgeWizard","stsjorbsmod:ArcaneWeapon","stsjorbsmod:RayOfFrost+1","stsjorbsmod:HedgeWizard+1","stsjorbsmod:Mending","stsjorbsmod:ThirstingSword+1","stsjorbsmod:SmithingStrike+1","stsjorbsmod:WeightOfMemory+1","stsjorbsmod:Channel+1","stsjorbsmod:ParryingBlow+1","stsjorbsmod:BurningFlask+1","stsjorbsmod:BurningFlask+1","downfall:Bewildered","downfall:Icky","stsjorbsmod:WanderingMind","stsjorbsmod:ScorchingRay","downfall:Malfunctioning","downfall:Malfunctioning","stsjorbsmod:FlameWard+1"],"relics":["stsjorbsmod:GrimoireRelic","Whetstone","Molten Egg 2","Sundial","Sozu","ClockworkSouvenir","Pen Nib","Shuriken","MawBank","bronze:MakeshiftBattery","downfall:ExtraCursedKey","Orichalcum","Question Card"],"acts_visited":["Exordium","TheCity","TheBeyond"],"potions_floor_usage":[16,31],"damage_taken":[{"damage":0,"enemies":"Cultist","floor":1,"turns":5},{"damage":1,"enemies":"Jaw Worm","floor":2,"turns":5},{"damage":0,"enemies":"2 Louse","floor":3,"turns":4},{"damage":5,"enemies":"Red Slaver","floor":4,"turns":6},{"damage":11,"enemies":"Exordium Wildlife","floor":5,"turns":4},{"damage":29,"enemies":"Lagavulin","floor":7,"turns":7},{"damage":2,"enemies":"Looter","floor":11,"turns":3},{"damage":0,"enemies":"3 Louse","floor":12,"turns":2},{"damage":20,"enemies":"Lagavulin Event","floor":13,"turns":7},{"damage":10,"enemies":"2 Fungi Beasts","floor":14,"turns":4},{"damage":28,"enemies":"The Guardian","floor":16,"turns":10},{"damage":15,"enemies":"2 Thieves","floor":18,"turns":3},{"damage":2,"enemies":"3 Byrds","floor":20,"turns":2},{"damage":21,"enemies":"Shelled Parasite and Fungi","floor":21,"turns":7},{"damage":16,"enemies":"Snake Plant","floor":22,"turns":4},{"damage":13,"enemies":"Gremlin Leader","floor":23,"turns":5},{"damage":0,"enemies":"Cultist and Chosen","floor":29,"turns":5},{"damage":20,"enemies":"Book of Stabbing","floor":31,"turns":6},{"damage":36,"enemies":"Collector","floor":33,"turns":8},{"damage":17,"enemies":"Orb Walker","floor":35,"turns":5},{"damage":9,"enemies":"3 Shapes","floor":36,"turns":2},{"damage":14,"enemies":"Transient","floor":38,"turns":5},{"damage":26,"enemies":"3 Darklings","floor":39,"turns":5},{"damage":2,"enemies":"Spire Growth","floor":41,"turns":5},{"damage":12,"enemies":"4 Shapes","floor":42,"turns":2},{"damage":8,"enemies":"Sphere and 2 Shapes","floor":44,"turns":3},{"damage":50,"enemies":"Reptomancer","floor":45,"turns":7},{"damage":6,"enemies":"Maw","floor":48,"turns":6},{"damage":90,"enemies":"Awakened One","floor":50,"turns":3}],"seed_played":"492270423382704208","potions_obtained":[{"floor":1,"key":"DistilledChaos"},{"floor":4,"key":"SpeedPotion"},{"floor":5,"key":"EssenceOfSteel"},{"floor":12,"key":"BlessingOfTheForge"}],"is_trial":false,"path_per_floor":["M","M","M","M","M","R","E","R","T","R","M","M","?","M","R","B",null,"M","$","M","M","M","E","?","R","T","R","$","M","?","E","R","B",null,"M","M","?","M","M","R","M","M","T","M","E","T","R","M","R","B"],"character_chosen":"WANDERER","items_purchased":["stsjorbsmod:FindFamiliar","stsjorbsmod:FracturedMind+1","stsjorbsmod:Will","ClockworkSouvenir","stsjorbsmod:ArcaneWeapon","stsjorbsmod:RayOfFrost+1"],"campfire_rested":6,"item_purchase_floors":[19,19,19,19,28,28],"current_hp_per_floor":[74,74,74,71,62,62,33,33,33,55,54,54,36,27,49,21,74,61,61,59,38,25,14,14,36,36,36,36,40,40,23,45,9,74,59,51,51,40,18,40,53,58,58,53,31,31,31,47,67,0,0],"gold":637,"neow_bonus":"TEN_PERCENT_HP_BONUS","is_daily":false,"chose_seed":false,"campfire_upgraded":3,"win_rate":0.0,"timestamp":1613044299,"path_taken":["M","M","M","M","M","R","E","R","T","R","M","M","?","M","R","BOSS","M","$","M","M","M","E","?","R","T","R","$","M","?","E","R","BOSS","M","M","?","M","M","R","M","M","T","M","E","?","R","M","R","BOSS"],"items_purchased_type":["Card","Card","Card","Relic","Card","Card"],"build_version":"2020-12-22","purchased_purges":1,"victory":false,"max_hp_per_floor":[74,74,74,74,74,74,74,74,74,74,74,74,74,74,74,74,74,74,74,74,74,74,74,74,74,74,74,74,74,74,74,74,74,74,74,74,74,74,74,74,72,70,70,70,70,70,70,68,68,68,68],"card_choices":[{"not_picked":["stsjorbsmod:Mending","stsjorbsmod:ChatteringStrike"],"picked":"stsjorbsmod:ChainLightning","floor":1},{"not_picked":["stsjorbsmod:FaerieFire","stsjorbsmod:ChainLightning"],"picked":"stsjorbsmod:BookOfTongues","floor":2},{"not_picked":["stsjorbsmod:Channel","stsjorbsmod:Message"],"picked":"stsjorbsmod:Firebolt","floor":3},{"not_picked":["stsjorbsmod:Materialize","stsjorbsmod:SchoolsOfMagic"],"picked":"stsjorbsmod:Prepare","floor":4},{"not_picked":["stsjorbsmod:DisguiseSelf","stsjorbsmod:FracturedMind"],"picked":"stsjorbsmod:Prepare","floor":5},{"not_picked":["stsjorbsmod:MagicMissiles","stsjorbsmod:WeightOfMemory"],"picked":"stsjorbsmod:TrueStrike","floor":7},{"not_picked":["stsjorbsmod:IvoryTower","stsjorbsmod:DisguiseSelf"],"picked":"stsjorbsmod:HedgeWizard","floor":11},{"not_picked":["stsjorbsmod:Index","stsjorbsmod:BlackTentacles+1"],"picked":"stsjorbsmod:Channel","floor":12},{"not_picked":["stsjorbsmod:Will","stsjorbsmod:RayOfFrost+1"],"picked":"stsjorbsmod:MagicMirror","floor":13},{"not_picked":["stsjorbsmod:ChainLightning+1","stsjorbsmod:DisguiseSelf"],"picked":"stsjorbsmod:Thorns","floor":14},{"not_picked":["stsjorbsmod:Feast","stsjorbsmod:SiphonEnergy"],"picked":"stsjorbsmod:Fireball+1","floor":16},{"not_picked":["stsjorbsmod:BlackTentacles+1","stsjorbsmod:ChainLightning+1"],"picked":"stsjorbsmod:ScorchingRay","floor":18},{"not_picked":["stsjorbsmod:Channel","stsjorbsmod:Prepare"],"picked":"stsjorbsmod:Patron+1","floor":20},{"not_picked":["stsjorbsmod:Materialize+1","stsjorbsmod:MagicMissiles+1"],"picked":"stsjorbsmod:ColorSpray+1","floor":21},{"not_picked":["stsjorbsmod:Materialize","stsjorbsmod:Will"],"picked":"stsjorbsmod:Rediscovery","floor":22},{"not_picked":["stsjorbsmod:MistyStep+1","stsjorbsmod:Index+1"],"picked":"stsjorbsmod:ArcaneWeapon+1","floor":23},{"not_picked":["stsjorbsmod:RayOfFrost+1","stsjorbsmod:Index"],"picked":"stsjorbsmod:HedgeWizard+1","floor":29},{"not_picked":["stsjorbsmod:MistyStep+1","stsjorbsmod:WanderingMind"],"picked":"stsjorbsmod:Mending","floor":31},{"not_picked":["stsjorbsmod:PurgeMind+1","stsjorbsmod:Trauma+1"],"picked":"stsjorbsmod:ThirstingSword+1","floor":33},{"not_picked":["stsjorbsmod:FracturedMind+1","stsjorbsmod:ParryingBlow+1"],"picked":"stsjorbsmod:SmithingStrike+1","floor":35},{"not_picked":["stsjorbsmod:Message","stsjorbsmod:UnseenServant"],"picked":"stsjorbsmod:WeightOfMemory+1","floor":36},{"not_picked":["stsjorbsmod:TrueStrike+1","stsjorbsmod:Message"],"picked":"stsjorbsmod:Channel+1","floor":38},{"not_picked":["stsjorbsmod:Materialize","stsjorbsmod:AnimateObjects+1"],"picked":"stsjorbsmod:ParryingBlow+1","floor":39},{"not_picked":["stsjorbsmod:LoseGrip","stsjorbsmod:BlackTentacles+1"],"picked":"stsjorbsmod:BurningFlask+1","floor":41},{"not_picked":["stsjorbsmod:UnseenServant","stsjorbsmod:Firebolt+1"],"picked":"stsjorbsmod:BurningFlask+1","floor":42},{"not_picked":["stsjorbsmod:FracturedMind+1","stsjorbsmod:Prepare+1"],"picked":"stsjorbsmod:WanderingMind","floor":44},{"not_picked":["stsjorbsmod:RayOfFrost+1","stsjorbsmod:ChatteringStrike+1"],"picked":"stsjorbsmod:ScorchingRay","floor":45},{"not_picked":["stsjorbsmod:MageArmor","stsjorbsmod:ColorSpray+1","stsjorbsmod:BurningFlask"],"picked":"stsjorbsmod:FlameWard+1","floor":48}],"player_experience":272886,"relics_obtained":[{"floor":7,"key":"Whetstone"},{"floor":9,"key":"Molten Egg 2"},{"floor":13,"key":"Sundial"},{"floor":23,"key":"Pen Nib"},{"floor":26,"key":"Shuriken"},{"floor":31,"key":"MawBank"},{"floor":45,"key":"Orichalcum"},{"floor":46,"key":"Question Card"}],"event_choices":[{"damage_healed":0,"gold_gain":0,"player_choice":"Searched \u00271\u0027 times","damage_taken":0,"max_hp_gain":0,"max_hp_loss":0,"event_name":"Dead Adventurer","floor":13,"gold_loss":0},{"damage_healed":0,"gold_gain":0,"player_choice":"Read","damage_taken":0,"max_hp_gain":0,"max_hp_loss":0,"event_name":"The Library","floor":24,"gold_loss":0,"cards_obtained":["stsjorbsmod:HedgeWizard"]},{"damage_healed":0,"gold_gain":0,"player_choice":"Upgrade","damage_taken":0,"max_hp_gain":0,"max_hp_loss":0,"event_name":"Designer","floor":30,"gold_loss":40,"cards_upgraded":["stsjorbsmod:Rediscovery"]}],"is_beta":false,"boss_relics":[{"not_picked":["Tiny House","Snecko Eye"],"picked":"Sozu"},{"not_picked":["Velvet Choker","Busted Crown"],"picked":"bronze:MakeshiftBattery"}],"items_purged_floors":[19],"is_endless":false,"potions_floor_spawned":[1,4,5,12,14,20,23,29,31,35,41,45,48],"killed_by":"Awakened One","ascension_level":0}}