{"host":"phy652c7lim9lcu2","time":1613017184,"event":{"mods":["BaseMod","Colored Powertips","Downfall","Googly Eyes","Hubris","Minty Spire (QoL Compilation)","Relic Stats","Spicy Shops","StSLib","everything is the same but u backflip on backflip"],"gold_per_floor":[14,30,44,64,79,79,79,79,79,104,104,104,29,49,49,49,49],"floor_reached":16,"language":"ENG","playtime":491,"items_purged":["Strike_B"],"score":163,"play_id":"9666361a-4fe4-4a80-83f1-0ce0fc034523","local_time":"20210211141944","is_ascension_mode":true,"campfire_choices":[{"data":"Creative AI","floor":6,"key":"SMITH"},{"data":"Dualcast","floor":8,"key":"SMITH"},{"floor":12,"key":"REST"},{"data":"Tempest","floor":15,"key":"SMITH"}],"circlet_count":0,"master_deck":["AscendersBane","Strike_B","Strike_B","Strike_B","Defend_B","Defend_B","Defend_B","Defend_B","Zap","Dualcast+1","Creative AI+1","Storm","Conserve Battery","Ball Lightning","Tempest+1"],"relics":["Cracked Core","Art of War","Frozen Egg 2","Golden Idol"],"acts_visited":["Exordium"],"potions_floor_usage":[10,16],"damage_taken":[{"damage":0,"enemies":"2 Louse","floor":1,"turns":3},{"damage":13,"enemies":"Small Slimes","floor":2,"turns":4},{"damage":0,"enemies":"Cultist","floor":3,"turns":3},{"damage":14,"enemies":"2 Fungi Beasts","floor":4,"turns":5},{"damage":12,"enemies":"3 Louse","floor":5,"turns":4},{"damage":28,"enemies":"Gremlin Nob","floor":10,"turns":4},{"damage":4,"enemies":"Blue Slaver","floor":14,"turns":3},{"damage":47,"enemies":"The Guardian","floor":16,"turns":11}],"seed_played":"-7123346331514281289","potions_obtained":[{"floor":1,"key":"DuplicationPotion"},{"floor":5,"key":"Strength Potion"},{"floor":10,"key":"Guardian:BlockOnCardUsePotion"}],"is_trial":false,"path_per_floor":["M","M","M","M","M","R","?","R","T","E","?","R","$","M","R","B"],"character_chosen":"DEFECT","items_purchased":[],"campfire_rested":1,"item_purchase_floors":[],"current_hp_per_floor":[68,55,55,41,29,29,29,29,29,1,1,21,21,17,17,0,0],"gold":49,"neow_bonus":"THREE_RARE_CARDS","is_daily":false,"chose_seed":false,"campfire_upgraded":3,"win_rate":0.0,"timestamp":1613017184,"path_taken":["M","M","M","M","M","R","?","R","T","E","?","R","$","M","R","BOSS"],"items_purchased_type":[],"build_version":"2020-12-22","purchased_purges":1,"victory":false,"max_hp_per_floor":[75,75,75,75,75,75,75,75,75,75,69,69,69,69,69,69,69],"relic_stats":{"counters":[8,37],"Golden Idol":4,"Art of War":[9],"obtain_stats":[{"Golden Idol":11,"Art of War":9,"Frozen Egg 2":10,"Cracked Core":0},{"Golden Idol":6,"Art of War":5,"Frozen Egg 2":6,"Cracked Core":0},{"Golden Idol":23,"Art of War":19,"Frozen Egg 2":23,"Cracked Core":0}]},"card_choices":[{"not_picked":["Thunder Strike","Buffer"],"picked":"Creative AI","floor":0},{"not_picked":["Static Discharge","Leap"],"picked":"Storm","floor":1},{"not_picked":["Ball Lightning","Chaos"],"picked":"Conserve Battery","floor":2},{"not_picked":["Steam","Conserve Battery","Reprogram"],"picked":"SKIP","floor":3},{"not_picked":["Compile Driver","Gash"],"picked":"Ball Lightning","floor":4},{"not_picked":["Go for the Eyes","Redo","Rebound"],"picked":"SKIP","floor":5},{"not_picked":["Leap","Redo"],"picked":"Tempest","floor":10},{"not_picked":["Barrage","Stack","Recycle"],"picked":"SKIP","floor":14}],"player_experience":321167,"relics_obtained":[{"floor":9,"key":"Art of War"},{"floor":10,"key":"Frozen Egg 2"}],"event_choices":[{"damage_healed":0,"gold_gain":0,"player_choice":"Ignored","damage_taken":0,"max_hp_gain":0,"max_hp_loss":0,"event_name":"Liars Game","floor":7,"gold_loss":0},{"damage_healed":0,"gold_gain":0,"player_choice":"Lose Max HP","damage_taken":0,"relics_obtained":["Golden Idol"],"max_hp_gain":0,"max_hp_loss":6,"event_name":"Golden Idol","floor":11,"gold_loss":0}],"is_beta":false,"boss_relics":[],"items_purged_floors":[13],"is_endless":false,"potions_floor_spawned":[1,5,10],"killed_by":"The Guardian","ascension_level":12}}