{"host":"5z7rhcocprldured","time":1613001636,"event":{"mods":["2.2 Compatiblity","AchievementEnabler","BaseMod","Best Route Mod","Better Altar","Better Match","Better Note","Better Sensory Stone","Better Skull","Better Third Choice","BetterRewards","Block Reminder","Colored Map","Colored Powertips","Emptier Cage","Googly Eyes","Hermit","Marisa????????","Minty Spire (QoL Compilation)","Permanent Neow","Potionbrewer","Rare Cards Sparkle","StSLib","Synergy Search","The Cursed","The Hierophant","The Runesmith","Unceasing Turn Reminder"],"gold_per_floor":[111,126,144,144,69,99,99,64,91,91,123,141,176,33,33,128,128,68,68,68,68,68,68,68,68,68,68,68,68,68,68,68,68,68,68,68,68,68,68,68,68,68,68],"floor_reached":42,"language":"ENG","playtime":1806,"items_purged":[],"score":432,"play_id":"819bf6e2-ebc9-40f3-a625-df8853813e70","local_time":"20210211000036","is_ascension_mode":false,"campfire_choices":[{"data":"Eruption","floor":7,"key":"SMITH"},{"data":"Ragnarok","floor":10,"key":"SMITH"},{"floor":15,"key":"REST"},{"floor":25,"key":"REST"},{"floor":30,"key":"REST"},{"data":"Establishment","floor":32,"key":"SMITH"},{"data":"DevaForm","floor":40,"key":"SMITH"}],"circlet_count":0,"master_deck":["Strike_P+1","Strike_P","Defend_P","Defend_P","Defend_P","Eruption+1","Vigilance+1","Ragnarok+1","Nirvana","FlurryOfBlows","Protect","SandsOfTime","LessonLearned+1","MasterReality+1","Brilliance+1","FlyingSleeves+1","Evaluate","ThirdEye","FlurryOfBlows","ConjureBlade","Crescendo","FlurryOfBlows","DevaForm+1","ClearTheMind","Blasphemy","Study+1","Ragnarok+1","CutThroughFate+1","Evaluate+1","Establishment+1","LessonLearned","Madness","Madness","Adaptation+1"],"relics":["PureWater","TungstenRod","Runesmith:AutoHammer","Ancient Tea Set","Regal Pillow","StoneCalendar","Orrery","Ectoplasm","FaceOfCleric","potionbrewer:WarMedal","Damaru","SacredBark","WingedGreaves"],"acts_visited":["Exordium","TheCity","TheBeyond"],"potions_floor_usage":[13,16,31,31,33],"damage_taken":[{"damage":0,"enemies":"2 Louse","floor":1,"turns":3},{"damage":5,"enemies":"Jaw Worm","floor":2,"turns":3},{"damage":0,"enemies":"Cultist","floor":3,"turns":2},{"damage":19,"enemies":"3 Sentries","floor":6,"turns":6},{"damage":27,"enemies":"Lagavulin","floor":11,"turns":6},{"damage":0,"enemies":"Looter","floor":12,"turns":1},{"damage":10,"enemies":"Gremlin Nob","floor":13,"turns":3},{"damage":36,"enemies":"The Guardian","floor":16,"turns":6},{"damage":16,"enemies":"2 Thieves","floor":18,"turns":3},{"damage":43,"enemies":"Book of Stabbing","floor":24,"turns":4},{"damage":5,"enemies":"Shell Parasite","floor":27,"turns":3},{"damage":17,"enemies":"Shelled Parasite and Fungi","floor":28,"turns":3},{"damage":0,"enemies":"Sentry and Sphere","floor":29,"turns":1},{"damage":17,"enemies":"Centurion and Healer","floor":31,"turns":5},{"damage":22,"enemies":"Champ","floor":33,"turns":7},{"damage":9,"enemies":"Orb Walker","floor":35,"turns":3},{"damage":28,"enemies":"Mind Bloom Boss Battle","floor":38,"turns":5},{"damage":44,"enemies":"3 Darklings","floor":41,"turns":5},{"damage":8,"enemies":"Jaw Worm Horde","floor":42,"turns":2}],"seed_played":"3824605873795678225","potions_obtained":[{"floor":1,"key":"PowerPotion"},{"floor":6,"key":"SkillPotion"},{"floor":16,"key":"potionbrewer:ToxicPotion"},{"floor":24,"key":"ColorlessPotion"},{"floor":28,"key":"Explosive Potion"},{"floor":35,"key":"DuplicationPotion"}],"is_trial":false,"path_per_floor":["M","M","M","?","?","E","R","?","T","R","E","M","E","$","R","B",null,"M","?","?","?","?","$","E","R","T","M","M","M","R","M","R","B",null,"M","?","?","?","?","R","M","M"],"character_chosen":"WATCHER","items_purchased":["Ragnarok","Nirvana","Orrery"],"campfire_rested":3,"item_purchase_floors":[0,0,14],"current_hp_per_floor":[58,53,53,47,47,28,28,44,44,44,17,17,7,7,42,6,67,51,51,51,51,46,46,4,39,39,35,19,20,56,40,40,19,73,65,57,57,30,66,66,23,15,15],"gold":68,"neow_bonus":"","is_daily":false,"chose_seed":false,"campfire_upgraded":4,"win_rate":0.0,"timestamp":1613001636,"path_taken":["M","M","M","?","?","E","R","?","T","R","E","M","E","?","R","BOSS","M","?","?","?","?","?","E","R","T","M","M","M","R","M","R","BOSS","M","?","?","?","?","R","M","M"],"items_purchased_type":["Card","Card","Relic"],"build_version":"2020-12-22","purchased_purges":0,"victory":false,"max_hp_per_floor":[67,67,67,67,67,67,67,67,67,67,67,67,67,67,67,67,67,67,67,67,67,67,67,68,68,68,69,70,71,71,72,72,73,73,74,74,74,75,66,66,67,67,67],"card_choices":[{"not_picked":["Evaluate","Vengeance"],"picked":"FlurryOfBlows","floor":1},{"not_picked":["Sanctity","PathToVictory"],"picked":"Protect","floor":2},{"not_picked":["ThirdEye","Swivel"],"picked":"SandsOfTime","floor":3},{"not_picked":["Establishment+1","MasterReality+1"],"picked":"LessonLearned+1","floor":5},{"not_picked":["Judgement+1","Ragnarok+1"],"picked":"MasterReality+1","floor":5},{"not_picked":["Establishment+1","SpiritShield+1"],"picked":"Brilliance+1","floor":5},{"not_picked":["SashWhip","ThirdEye"],"picked":"FlyingSleeves","floor":6},{"not_picked":["SashWhip","PathToVictory"],"picked":"Evaluate","floor":11},{"not_picked":["SpiritShield","FlyingSleeves"],"picked":"ThirdEye","floor":12},{"not_picked":["EmptyFist","Conclude"],"picked":"FlurryOfBlows","floor":13},{"not_picked":["CarveReality","Omniscience"],"picked":"ConjureBlade","floor":14},{"not_picked":["JustLucky","FlyingSleeves"],"picked":"Crescendo","floor":14},{"not_picked":["SashWhip","Adaptation"],"picked":"FlurryOfBlows","floor":14},{"not_picked":["EmptyMind","PathToVictory"],"picked":"DevaForm","floor":14},{"not_picked":["Worship","ThirdEye"],"picked":"ClearTheMind","floor":14},{"not_picked":["Omniscience","Vault"],"picked":"Blasphemy","floor":16},{"not_picked":["Consecrate","Weave+1"],"picked":"Study+1","floor":18},{"not_picked":["CrushJoints+1","Sanctity","Crescendo"],"picked":"SKIP","floor":24},{"not_picked":["Nirvana","FlurryOfBlows"],"picked":"CutThroughFate+1","floor":27},{"not_picked":["EmptyBody","ClearTheMind"],"picked":"Evaluate","floor":28},{"not_picked":["Wireheading","SignatureMove","Swivel"],"picked":"SKIP","floor":29},{"not_picked":["Prostrate","ClearTheMind"],"picked":"Establishment","floor":31},{"not_picked":["Establishment","Ragnarok"],"picked":"LessonLearned","floor":33},{"not_picked":["Consecrate","Meditate","ReachHeaven"],"picked":"SKIP","floor":35},{"not_picked":["Prostrate+1","CrushJoints+1"],"picked":"Adaptation+1","floor":41}],"player_experience":173076,"relics_obtained":[{"floor":6,"key":"Runesmith:AutoHammer"},{"floor":9,"key":"Ancient Tea Set"},{"floor":11,"key":"Regal Pillow"},{"floor":13,"key":"StoneCalendar"},{"floor":24,"key":"potionbrewer:WarMedal"},{"floor":26,"key":"Damaru"},{"floor":38,"key":"WingedGreaves"}],"event_choices":[{"cards_removed":["Strike_P"],"damage_healed":0,"gold_gain":0,"player_choice":"Card Removal","damage_taken":7,"max_hp_gain":0,"max_hp_loss":0,"event_name":"Golden Wing","floor":4,"gold_loss":0},{"damage_healed":0,"gold_gain":0,"player_choice":"3","damage_taken":0,"max_hp_gain":0,"max_hp_loss":0,"event_name":"betterMatch:BetterMatch","floor":5,"gold_loss":0,"cards_obtained":["betterMatch:RareCard"]},{"damage_healed":16,"gold_gain":0,"player_choice":"Healed","damage_taken":0,"max_hp_gain":0,"max_hp_loss":0,"event_name":"The Cleric","floor":8,"gold_loss":35},{"damage_healed":0,"gold_gain":0,"player_choice":"Trade","damage_taken":0,"relics_obtained":["FaceOfCleric"],"max_hp_gain":0,"max_hp_loss":0,"event_name":"FaceTrader","floor":19,"gold_loss":0},{"damage_healed":0,"gold_gain":0,"player_choice":"Copied","damage_taken":0,"max_hp_gain":0,"max_hp_loss":0,"event_name":"Duplicator","floor":20,"gold_loss":0,"cards_obtained":["Ragnarok"]},{"cards_removed":["Strike_P"],"damage_healed":0,"gold_gain":0,"player_choice":"Purged","damage_taken":0,"max_hp_gain":0,"max_hp_loss":0,"event_name":"Purifier","floor":21,"gold_loss":0},{"damage_healed":0,"gold_gain":0,"player_choice":"Stopped","damage_taken":9,"max_hp_gain":0,"max_hp_loss":0,"event_name":"Cursed Tome","floor":22,"gold_loss":0},{"damage_healed":0,"gold_gain":0,"player_choice":"Embrace Madness","damage_taken":9,"max_hp_gain":0,"max_hp_loss":0,"event_name":"Winding Halls","floor":36,"gold_loss":0,"cards_obtained":["Madness","Madness"]},{"cards_removed":["Defend_P"],"damage_healed":0,"gold_gain":0,"player_choice":"Removed Skill","damage_taken":0,"max_hp_gain":0,"max_hp_loss":0,"event_name":"Falling","floor":37,"gold_loss":0},{"damage_healed":0,"gold_gain":0,"player_choice":"Fight","damage_taken":0,"max_hp_gain":0,"max_hp_loss":0,"event_name":"MindBloom","floor":38,"gold_loss":0},{"damage_healed":66,"gold_gain":0,"player_choice":"Heal","damage_taken":0,"max_hp_gain":0,"max_hp_loss":9,"event_name":"The Moai Head","floor":39,"gold_loss":0}],"is_beta":false,"boss_relics":[{"not_picked":["Runesmith:UraniumAnvil","Philosopher\u0027s Stone"],"picked":"Ectoplasm"},{"not_picked":["Runic Dome","Pandora\u0027s Box"],"picked":"SacredBark"}],"items_purged_floors":[],"is_endless":false,"potions_floor_spawned":[1,6,16,24,28,35],"killed_by":"Jaw Worm Horde","ascension_level":0}}