{"host":"37ccm3d17clopct7","time":1613043659,"event":{"mods":["BaseMod","GungeonMod","Hermit","Lobotomy","Minty Spire (QoL Compilation)","StSLib","The Bug Knight","The Cursed","The Hierophant","The Jungle","The Runesmith"],"gold_per_floor":[217,217,235,235,235,235,70,70,70,70,88,104,124,159,159,257,257,275,308,308,320,20,45,63,80,80,80,99,99,99,99,99,200,500,510,510,510,529,539,539,156,156,156,173,198,420,431,13,13,13,13,13,13,13,13,13],"floor_reached":55,"language":"KOR","playtime":2721,"items_purged":["TheCursedMod:Defend_TheCursed","TheCursedMod:Strike_TheCursed"],"score":715,"play_id":"f647a0e6-d9bf-44c1-8815-d877c9159769","local_time":"20210211204059","is_ascension_mode":false,"campfire_choices":[{"floor":6,"key":"RECALL"},{"data":"TheCursedMod:CursedWand","floor":8,"key":"SMITH"},{"data":"TheCursedMod:SmokeScreen","floor":10,"key":"SMITH"},{"floor":15,"key":"REST"},{"floor":27,"key":"REST"},{"data":"TheCursedMod:NeowsMight","floor":29,"key":"SMITH"},{"data":"TheCursedMod:Obscuration","floor":32,"key":"SMITH"},{"floor":40,"key":"REST"},{"data":"TheCursedMod:DemonicPact","floor":42,"key":"SMITH"},{"floor":49,"key":"REST"},{"data":"TheCursedMod:Obscuration","floor":53,"key":"SMITH"}],"circlet_count":0,"master_deck":["TheCursedMod:Strike_TheCursed","TheCursedMod:Defend_TheCursed","TheCursedMod:Defend_TheCursed","TheCursedMod:CursedWand+1","TheCursedMod:CleanUpWorkshop","TheCursedMod:Dregs","TheCursedMod:CircleOfFlame","TheCursedMod:SmokeScreen+1","Sadistic Nature","TheCursedMod:Mangle","TheCursedMod:CursedShiv","TheCursedMod:Obscuration+1","TheCursedMod:TacticalStrike","TheCursedMod:NeowsMight+1","TheCursedMod:CursedBoomerang+1","TheCursedMod:CollectTribute+1","TheCursedMod:SoulCrush+1","TheCursedMod:Obscuration+1","Shame","TheCursedMod:Stretching+1","TheCursedMod:TroublousMinions+1","TheCursedMod:HellfireBreathing+1","TheCursedMod:Stretching+1","TheCursedMod:Grudge+1","TheCursedMod:SurpriseAttack","TheCursedMod:DemonicPact+1","CurseOfTheBell","TheCursedMod:ReleasedKnowledge+1","Good Instincts+1","TheCursedMod:BloodBarrier+1","TheCursedMod:StingEye+1","TheCursedMod:VoidForm","TheCursedMod:Torture+1","The Bomb+1"],"relics":["TheCursedMod:BlackMagic101","Sundial","DemoMod:OrangeGuonStone","Eternal Feather","Astrolabe","Red Mask","Toxic Egg 2","Ice Cream","Shuriken","DemoMod:DecoyRelic","Calling Bell","Regal Pillow","Gremlin Horn","Old Coin","Gambling Chip","Question Card","Ornamental Fan","Vajra"],"acts_visited":["Exordium","TheCity","TheBeyond","TheEnding"],"potions_floor_usage":[33],"damage_taken":[{"damage":0,"enemies":"Jaw Worm","floor":1,"turns":5},{"damage":0,"enemies":"Small Slimes","floor":3,"turns":3},{"damage":0,"enemies":"Cultist","floor":11,"turns":3},{"damage":9,"enemies":"Blue Slaver","floor":12,"turns":3},{"damage":1,"enemies":"2 Fungi Beasts","floor":13,"turns":3},{"damage":17,"enemies":"Lagavulin","floor":14,"turns":10},{"damage":23,"enemies":"The Guardian","floor":16,"turns":14},{"damage":5,"enemies":"Shell Parasite","floor":18,"turns":4},{"damage":6,"enemies":"Masked Bandits","floor":19,"turns":4},{"damage":0,"enemies":"Chosen","floor":21,"turns":3},{"damage":9,"enemies":"Gremlin Leader","floor":23,"turns":7},{"damage":5,"enemies":"Centurion and Healer","floor":24,"turns":5},{"damage":4,"enemies":"Snake Plant","floor":25,"turns":5},{"damage":10,"enemies":"Cultist and Chosen","floor":28,"turns":6},{"damage":51,"enemies":"Champ","floor":33,"turns":12},{"damage":0,"enemies":"Orb Walker","floor":35,"turns":4},{"damage":27,"enemies":"3 Shapes","floor":38,"turns":6},{"damage":39,"enemies":"Transient","floor":39,"turns":5},{"damage":19,"enemies":"Spire Growth","floor":44,"turns":5},{"damage":3,"enemies":"Reptomancer","floor":45,"turns":5},{"damage":5,"enemies":"Jaw Worm Horde","floor":47,"turns":4},{"damage":30,"enemies":"Time Eater","floor":50,"turns":10},{"damage":71,"enemies":"Shield and Spear","floor":55,"turns":6}],"seed_played":"-5778410791705276490","potions_obtained":[{"floor":11,"key":"Ancient Potion"},{"floor":13,"key":"GamblersBrew"},{"floor":14,"key":"ColorlessPotion"},{"floor":25,"key":"Energy Potion"},{"floor":35,"key":"DuplicationPotion"}],"is_trial":false,"path_per_floor":["M","?","M","?","T","R","$","R","T","R","M","M","M","E","R","B",null,"M","?","?","M","$","E","M","M","T","R","M","R","?","?","R","B",null,"M","?","?","M","M","R","$","R","T","M","E","?","M","$","R","B",null,null,"R","$","E"],"character_chosen":"THE_CURSED","items_purchased":["Sadistic Nature","Ice Cream","Gambling Chip","Vajra","The Bomb+1"],"campfire_rested":4,"item_purchase_floors":[7,22,41,48,48],"current_hp_per_floor":[75,75,75,68,68,68,68,68,68,68,68,59,58,41,72,49,75,70,64,64,64,64,55,50,46,46,75,65,75,75,75,75,24,75,75,75,71,44,5,59,59,71,71,52,49,49,44,44,71,41,41,71,71,71,0,0],"gold":13,"neow_bonus":"HUNDRED_GOLD","is_daily":false,"chose_seed":false,"campfire_upgraded":6,"win_rate":0.0,"timestamp":1613043659,"path_taken":["M","?","M","?","?","R","$","R","T","R","M","M","M","E","R","BOSS","M","?","?","M","$","E","M","?","T","R","?","R","?","?","R","BOSS","M","?","?","M","M","R","$","R","T","M","E","?","M","$","R","BOSS","R","$","E"],"items_purchased_type":["Card","Relic","Relic","Relic","Card"],"build_version":"2020-12-22","purchased_purges":2,"victory":false,"max_hp_per_floor":[75,75,75,75,75,75,75,75,75,75,75,75,75,75,75,75,75,75,75,75,75,75,75,75,75,75,75,75,75,75,75,75,75,75,75,75,71,71,71,71,71,71,71,71,71,71,71,71,71,71,71,71,71,71,71,71],"card_choices":[{"not_picked":["TheCursedMod:CursedBlade","TheCursedMod:Evocation"],"picked":"TheCursedMod:CircleOfFlame","floor":1},{"not_picked":["TheCursedMod:CursedBlade","TheCursedMod:ShockAndAwe"],"picked":"TheCursedMod:SmokeScreen","floor":3},{"not_picked":["TheCursedMod:BlessingInDisguise","TheCursedMod:CursedMace"],"picked":"TheCursedMod:Mangle","floor":11},{"not_picked":["TheCursedMod:BloodBarrier","TheCursedMod:DarkBarrier"],"picked":"TheCursedMod:CursedShiv","floor":12},{"not_picked":["TheCursedMod:VitalStrike","TheCursedMod:CircleOfCorruption"],"picked":"TheCursedMod:Obscuration","floor":13},{"not_picked":["TheCursedMod:FuryStrike","TheCursedMod:Mangle"],"picked":"TheCursedMod:TacticalStrike","floor":14},{"not_picked":["TheCursedMod:ParallelWorld","TheCursedMod:Neurasthenia"],"picked":"TheCursedMod:NeowsMight","floor":16},{"not_picked":["TheCursedMod:RavingStaff","TheCursedMod:CircleOfAmplification","TheCursedMod:SoulReap"],"picked":"SKIP","floor":18},{"not_picked":["TheCursedMod:CircleOfFlame+1","TheCursedMod:EmpowerCircles"],"picked":"TheCursedMod:Obscuration","floor":19},{"not_picked":["TheCursedMod:Wield","TheCursedMod:CircleOfFlame+1"],"picked":"TheCursedMod:Stretching+1","floor":21},{"not_picked":["TheCursedMod:DoubleShield+1","TheCursedMod:CursedBlade+1"],"picked":"TheCursedMod:TroublousMinions+1","floor":23},{"not_picked":["TheCursedMod:WearCloak+1","TheCursedMod:Torture+1"],"picked":"TheCursedMod:HellfireBreathing+1","floor":24},{"not_picked":["TheCursedMod:CursedMace+1","TheCursedMod:CircleOfAmplification+1"],"picked":"TheCursedMod:Stretching+1","floor":25},{"not_picked":["TheCursedMod:Obscuration+1","TheCursedMod:Stigma"],"picked":"TheCursedMod:Grudge+1","floor":28},{"not_picked":["TheCursedMod:ShockAndAwe","TheCursedMod:DarkBarrier+1"],"picked":"TheCursedMod:DemonicPact","floor":33},{"not_picked":["TheCursedMod:CircleOfAmplification+1","TheCursedMod:BlessingInDisguise+1"],"picked":"TheCursedMod:ReleasedKnowledge+1","floor":35},{"not_picked":["Mind Blast","Purity+1"],"picked":"Good Instincts+1","floor":36},{"not_picked":["TheCursedMod:SoulReap","TheCursedMod:BlessingInDisguise+1","TheCursedMod:TroublousMinions+1"],"picked":"SKIP","floor":38},{"not_picked":["TheCursedMod:RavingStaff","TheCursedMod:Mangle+1"],"picked":"TheCursedMod:BloodBarrier+1","floor":39},{"not_picked":["TheCursedMod:Wield+1","TheCursedMod:Stretching+1","TheCursedMod:CollectTribute"],"picked":"TheCursedMod:StingEye+1","floor":44},{"not_picked":["TheCursedMod:ParallelWorld+1","TheCursedMod:Mangle","TheCursedMod:CursedMace"],"picked":"TheCursedMod:VoidForm","floor":45},{"not_picked":["TheCursedMod:ReleasedKnowledge+1","TheCursedMod:CursedBoomerang+1","TheCursedMod:Grudge+1"],"picked":"TheCursedMod:Torture+1","floor":47}],"player_experience":183605,"relics_obtained":[{"floor":5,"key":"DemoMod:OrangeGuonStone"},{"floor":14,"key":"Eternal Feather"},{"floor":19,"key":"Red Mask"},{"floor":23,"key":"Shuriken"},{"floor":26,"key":"DemoMod:DecoyRelic"},{"floor":34,"key":"Regal Pillow"},{"floor":34,"key":"Gremlin Horn"},{"floor":34,"key":"Old Coin"},{"floor":43,"key":"Question Card"},{"floor":45,"key":"Ornamental Fan"}],"event_choices":[{"damage_healed":0,"gold_gain":0,"player_choice":"Leave","damage_taken":0,"max_hp_gain":0,"max_hp_loss":0,"event_name":"The Cleric","floor":2,"gold_loss":0},{"damage_healed":0,"gold_gain":0,"player_choice":"Success","damage_taken":7,"relics_obtained":["Sundial"],"max_hp_gain":0,"max_hp_loss":0,"event_name":"Scrap Ooze","floor":4,"gold_loss":0},{"damage_healed":0,"gold_gain":0,"player_choice":"Fought Bandits","damage_taken":0,"max_hp_gain":0,"max_hp_loss":0,"event_name":"Masked Bandits","floor":19,"gold_loss":0},{"damage_healed":0,"gold_gain":0,"player_choice":"Stole Relic","damage_taken":0,"relics_obtained":["Toxic Egg 2"],"max_hp_gain":0,"max_hp_loss":0,"event_name":"Addict","floor":20,"gold_loss":0,"cards_obtained":["Shame"]},{"damage_healed":0,"gold_gain":0,"player_choice":"Read","damage_taken":0,"max_hp_gain":0,"max_hp_loss":0,"event_name":"The Library","floor":30,"gold_loss":0,"cards_obtained":["TheCursedMod:SurpriseAttack"]},{"damage_healed":0,"gold_gain":0,"player_choice":"Ignored","damage_taken":0,"max_hp_gain":0,"max_hp_loss":0,"event_name":"Ghosts","floor":31,"gold_loss":0},{"damage_healed":0,"gold_gain":0,"player_choice":"Memory 1","damage_taken":0,"max_hp_gain":0,"max_hp_loss":0,"event_name":"SensoryStone","floor":36,"gold_loss":0},{"damage_healed":0,"gold_gain":0,"player_choice":"Max HP","damage_taken":0,"max_hp_gain":0,"max_hp_loss":4,"event_name":"Winding Halls","floor":37,"gold_loss":0},{"damage_healed":0,"gold_gain":222,"player_choice":"Wore Mask","damage_taken":0,"max_hp_gain":0,"max_hp_loss":0,"event_name":"Tomb of Lord Red Mask","floor":46,"gold_loss":0}],"is_beta":false,"boss_relics":[{"not_picked":["SacredBark","Fusion Hammer"],"picked":"Astrolabe"},{"not_picked":["Runesmith:UraniumAnvil","Cursed Key"],"picked":"Calling Bell"}],"items_purged_floors":[41,48],"is_endless":false,"potions_floor_spawned":[11,13,14,21,23,25,28,35,39],"killed_by":"Shield and Spear","ascension_level":0}}