{"host":"bf5upntvbdompq33","time":1613028820,"event":{"mods":["BaseMod","Colored Map","Colored Powertips","Curses Come First","Minty Spire (QoL Compilation)","StSLib","The Dragon Tamer","The Hierophant","The Marked","The Mystic","The Servant 0.9.4"],"gold_per_floor":[20,20,20,32,32,61,136,162,162,194,369,369,381,406,406,509,509,522,522,532,532,408,408,408],"floor_reached":23,"language":"ENG","playtime":890,"items_purged":["Doubt"],"score":318,"play_id":"078e2966-995c-4831-b9fb-d6a21e0b4158","local_time":"20210211003340","is_ascension_mode":true,"campfire_choices":[{"floor":12,"key":"REST"},{"data":"Consume","floor":15,"key":"SMITH"}],"circlet_count":0,"master_deck":["AscendersBane","Zap+1","Dualcast","Electrodynamics","Ball Lightning","Ball Lightning","Consume+1","Skim","Reinforced Body","Chill","Thunder Strike","Heatsinks","Melter","Coolheaded","Biased Cognition","Streamline","Redo","Darkness","Leap","Conserve Battery","Sunder","Hologram"],"relics":["Cracked Core","Lizard Tail","Blood Vial","Regal Pillow","Symbiotic Virus","Anchor","Pandora\u0027s Box","Nloth\u0027s Gift"],"acts_visited":["Exordium","TheCity"],"potions_floor_usage":[23],"damage_taken":[{"damage":0,"enemies":"Cultist","floor":1,"turns":3},{"damage":2,"enemies":"Jaw Worm","floor":4,"turns":3},{"damage":8,"enemies":"Gremlin Nob","floor":6,"turns":3},{"damage":20,"enemies":"3 Sentries","floor":8,"turns":4},{"damage":25,"enemies":"Lagavulin","floor":10,"turns":5},{"damage":0,"enemies":"Small Slimes","floor":13,"turns":2},{"damage":51,"enemies":"The Guardian","floor":16,"turns":10},{"damage":10,"enemies":"Chosen","floor":18,"turns":5},{"damage":22,"enemies":"Shell Parasite","floor":20,"turns":4},{"damage":45,"enemies":"Gremlin Leader","floor":23,"turns":6}],"seed_played":"6631046662421801332","potions_obtained":[{"floor":4,"key":"Ancient Potion"},{"floor":8,"key":"Explosive Potion"}],"is_trial":false,"path_per_floor":["M","?","$","M","?","E","?","E","T","E","?","R","M","T","R","B",null,"M","?","M","?","$","E"],"character_chosen":"DEFECT","items_purchased":["Hologram"],"campfire_rested":1,"item_purchase_floors":[22],"current_hp_per_floor":[68,68,68,66,59,51,40,22,22,37,37,74,75,75,75,24,62,54,54,34,34,34,0,0],"gold":408,"neow_bonus":"THREE_RARE_CARDS","is_daily":false,"chose_seed":false,"campfire_upgraded":1,"win_rate":0.0,"timestamp":1613028820,"path_taken":["M","?","$","?","?","E","?","E","T","E","?","R","M","?","R","BOSS","M","?","?","?","$","E"],"items_purchased_type":["Card"],"build_version":"2020-12-22","purchased_purges":1,"victory":false,"max_hp_per_floor":[75,75,75,75,75,75,75,75,75,75,75,75,75,75,75,75,75,75,75,75,75,75,75,75],"card_choices":[{"not_picked":["Biased Cognition","Meteor Strike"],"picked":"Electrodynamics","floor":0},{"not_picked":["Coolheaded","Chill"],"picked":"Ball Lightning","floor":1},{"not_picked":["Biased Cognition","Rebound"],"picked":"Ball Lightning","floor":4},{"not_picked":["Hello World","Rebound"],"picked":"Consume","floor":6},{"not_picked":["Redo","Gash"],"picked":"Skim","floor":8},{"not_picked":["Turbo","Ball Lightning"],"picked":"Reinforced Body","floor":10},{"not_picked":["Steam Power","Ball Lightning"],"picked":"Chill","floor":13},{"not_picked":["Reboot","Biased Cognition"],"picked":"Thunder Strike","floor":16},{"not_picked":["Chill","Turbo"],"picked":"Darkness","floor":18},{"not_picked":["Rebound","Redo+1"],"picked":"Leap","floor":20}],"player_experience":1536476,"relics_obtained":[{"floor":6,"key":"Blood Vial"},{"floor":8,"key":"Regal Pillow"},{"floor":9,"key":"Symbiotic Virus"},{"floor":10,"key":"Vajra"},{"floor":14,"key":"Anchor"}],"event_choices":[{"damage_healed":0,"gold_gain":0,"player_choice":"Upgraded","damage_taken":0,"max_hp_gain":0,"max_hp_loss":0,"event_name":"Upgrade Shrine","floor":2,"gold_loss":0,"cards_upgraded":["Zap"]},{"damage_healed":0,"gold_gain":0,"player_choice":"Success","damage_taken":7,"relics_obtained":["Lizard Tail"],"max_hp_gain":0,"max_hp_loss":0,"event_name":"Scrap Ooze","floor":5,"gold_loss":0},{"damage_healed":0,"gold_gain":75,"player_choice":"Gather Gold","damage_taken":11,"max_hp_gain":0,"max_hp_loss":0,"event_name":"World of Goop","floor":7,"gold_loss":0},{"damage_healed":0,"gold_gain":175,"player_choice":"AGREE","damage_taken":0,"max_hp_gain":0,"max_hp_loss":0,"event_name":"Liars Game","floor":11,"gold_loss":0,"cards_obtained":["Doubt"]},{"damage_healed":0,"gold_gain":0,"player_choice":"Traded Relic","damage_taken":0,"relics_obtained":["Nloth\u0027s Gift"],"max_hp_gain":0,"max_hp_loss":0,"event_name":"N\u0027loth","floor":19,"relics_lost":["Vajra"],"gold_loss":0},{"damage_healed":0,"gold_gain":0,"cards_transformed":["Aggregate","Hello World"],"player_choice":"Became Test Subject","damage_taken":0,"max_hp_gain":0,"max_hp_loss":0,"event_name":"Drug Dealer","floor":21,"gold_loss":0,"cards_obtained":["Conserve Battery","Sunder"]}],"is_beta":false,"boss_relics":[{"not_picked":["Ectoplasm","Snecko Eye"],"picked":"Pandora\u0027s Box"}],"items_purged_floors":[22],"is_endless":false,"potions_floor_spawned":[4,8,18],"killed_by":"Gremlin Leader","ascension_level":11}}