{"host":"05vhm55ztg7fyvhd","time":1613080844,"event":{"mods":["BaseMod","Downfall","Googly Eyes","Hubris","Minty Spire (QoL Compilation)","Replay The Spire","Shop Mod","StSLib"],"gold_per_floor":[99,116,116,26,43,78,78,95,33,53,53,70,70,70,34,129,129,129,149,34,54,39,58,58,58,80,84,84,84],"floor_reached":27,"language":"ENG","playtime":1374,"items_purged":["bronze:Defend","bronze:Strike"],"score":265,"play_id":"3729dce3-8a6c-4d50-b720-d15a0a21f2e3","local_time":"20210211230044","is_ascension_mode":false,"campfire_choices":[{"floor":1,"key":"RECALL"},{"data":"bronze:HyperBeam","floor":11,"key":"SMITH"},{"data":"bronze:Separator","floor":13,"key":"SMITH"},{"data":"bronze:BurnOut","floor":18,"key":"SMITH"},{"floor":25,"key":"REST"}],"circlet_count":0,"master_deck":["bronze:Strike","bronze:Strike","bronze:Strike","bronze:Defend","bronze:Defend","bronze:Defend","bronze:Replicate","bronze:Goto","bronze:Constructor","bronze:HyperBeam+1","bronze:HardenedForm","bronze:ChosenStrike","bronze:Separator+1","bronze:BurnOut+1","bronze:DelayedSlice+1","bronze:Overheat+1","bronze:Turbo+1"],"relics":["hubris:CrackedHourglass","hubris:Towel","Replay:Baseball","MealTicket","hubris:Icosahedron","Runic Dome","Replay:Bandana"],"acts_visited":["Exordium","TheCity"],"potions_floor_usage":[16,16,16,20,20,20,20,26,26],"damage_taken":[{"damage":1,"enemies":"Jaw Worm","floor":2,"turns":3},{"damage":0,"enemies":"downfall:FleeingMerchant","floor":4,"turns":4},{"damage":0,"enemies":"Small Slimes","floor":5,"turns":3},{"damage":8,"enemies":"3 Sentries","floor":6,"turns":4},{"damage":3,"enemies":"2 Louse","floor":8,"turns":3},{"damage":0,"enemies":"downfall:FleeingMerchant","floor":9,"turns":4},{"damage":13,"enemies":"Large Slime","floor":10,"turns":6},{"damage":9,"enemies":"Blue Slaver","floor":12,"turns":4},{"damage":8,"enemies":"3 Louse","floor":15,"turns":2},{"damage":0,"enemies":"SI_SHIV_ARCHETYPE","floor":16,"turns":4},{"damage":38,"enemies":"3 Byrds","floor":19,"turns":6},{"damage":10,"enemies":"downfall:FleeingMerchant","floor":20,"turns":4},{"damage":5,"enemies":"Chosen","floor":21,"turns":3},{"damage":27,"enemies":"downfall:FleeingMerchant","floor":22,"turns":4},{"damage":3,"enemies":"Snecko","floor":23,"turns":3},{"damage":20,"enemies":"Chosen and Byrds","floor":26,"turns":4},{"damage":22,"enemies":"Shelled Parasite and Fungi","floor":27,"turns":2}],"seed_played":"7176425472316800836","potions_obtained":[{"floor":6,"key":"Adrenaline Potion"},{"floor":8,"key":"Slimebound:ThreeZeroPotion"},{"floor":10,"key":"Strength Potion"},{"floor":12,"key":"Ancient Potion"},{"floor":16,"key":"ColorlessPotion"},{"floor":19,"key":"Toxic Potion"},{"floor":21,"key":"Strength Potion"},{"floor":23,"key":"AttackPotion"}],"is_trial":false,"path_per_floor":["R","M","?","$","M","E","T","M","$","M","R","M","R","?","M","B",null,"R","M","$","M","$","M","T","R","M","M"],"character_chosen":"THE_AUTOMATON","items_purchased":["bronze:Separator"],"campfire_rested":1,"item_purchase_floors":[9],"current_hp_per_floor":[70,69,69,69,69,61,61,58,70,57,57,48,48,48,40,40,70,70,32,37,32,20,17,17,38,18,0,0,0],"gold":84,"neow_bonus":"BOSS_RELIC","is_daily":false,"chose_seed":false,"campfire_upgraded":3,"win_rate":0.0,"timestamp":1613080844,"path_taken":["R","M","?","$","M","E","T","M","$","M","R","M","R","?","M","BOSS","R","M","$","M","$","M","T","R","M","M"],"items_purchased_type":["Card"],"build_version":"2020-12-22","purchased_purges":2,"victory":false,"max_hp_per_floor":[70,70,70,70,70,70,70,70,70,70,70,70,70,70,70,70,70,70,70,70,70,70,70,70,70,70,70,70,70],"card_choices":[{"not_picked":["bronze:Overheat","bronze:OilSpill"],"picked":"bronze:Constructor","floor":2},{"not_picked":["bronze:ForLoop","bronze:Shell","bronze:Constructor"],"picked":"SKIP","floor":4},{"not_picked":["bronze:Repair","bronze:DelayedGuard"],"picked":"bronze:HyperBeam","floor":5},{"not_picked":["bronze:Frontload","bronze:BitShift"],"picked":"bronze:HardenedForm","floor":6},{"not_picked":["bronze:Safeguard","bronze:Fortify","bronze:Philosophize"],"picked":"SKIP","floor":8},{"not_picked":["bronze:HardenedForm","bronze:Repulsor"],"picked":"bronze:ChosenStrike","floor":9},{"not_picked":["bronze:DelayedSlice","bronze:Constructor","bronze:BuggyMess"],"picked":"SKIP","floor":10},{"not_picked":["bronze:Turbo","bronze:DelayedGuard","bronze:Shell"],"picked":"SKIP","floor":12},{"not_picked":["bronze:Philosophize","bronze:Deprecate","bronze:Repair"],"picked":"SKIP","floor":15},{"not_picked":["bronze:Break","bronze:RecursiveStrike"],"picked":"bronze:BurnOut","floor":16},{"not_picked":["bronze:Constructor","bronze:ForLoop"],"picked":"bronze:DelayedSlice+1","floor":19},{"not_picked":["bronze:DelayedSlice","bronze:Branch"],"picked":"bronze:Overheat+1","floor":20},{"not_picked":["bronze:Optimize","bronze:FindAndReplace"],"picked":"bronze:Turbo+1","floor":21},{"not_picked":["bronze:Turbo","bronze:DelayedSlice+1","bronze:Backtrace"],"picked":"SKIP","floor":22},{"not_picked":["bronze:ForLoop","bronze:ForceShield+1","bronze:CloningBeam"],"picked":"SKIP","floor":23},{"not_picked":["bronze:Separator","bronze:BuggyMess","bronze:Shield"],"picked":"SKIP","floor":26}],"player_experience":463328,"relics_obtained":[{"floor":6,"key":"Replay:Baseball"},{"floor":7,"key":"MealTicket"},{"floor":24,"key":"Replay:Bandana"}],"event_choices":[],"is_beta":false,"boss_relics":[{"not_picked":["SacredBark","Pandora\u0027s Box"],"picked":"Runic Dome"}],"items_purged_floors":[4,20],"is_endless":false,"potions_floor_spawned":[6,8,10,12,16,19,21,23],"killed_by":"Shelled Parasite and Fungi","ascension_level":0}}