{"host":"1gxyv4nzk9y6vrq3","time":1613016730,"event":{"mods":["Bartender","BaseMod","Downfall","Duelist Mod","Jorbs\u0027s Wanderer Trilogy","Marisa????????","Minty Spire (QoL Compilation)","Relic Stats","StSLib","The Disciple","The Mystic","The Servant 0.9.4"],"gold_per_floor":[110,122,75,92,109,109,9,9,9,38,57,57,57,75,75,180,180,192,209,228,240,19,19,39,39,39,39,54,65,84,84,84,183,183,201,218,269,269,280,300,300,300,300,312,312,35,35,35,35,35,35],"floor_reached":50,"language":"ENG","playtime":2823,"items_purged":["Defend_MRS"],"score":475,"play_id":"9b0c9037-7642-4a8c-a474-65c23618c2cd","local_time":"20210210201210","is_ascension_mode":false,"campfire_choices":[{"data":"PowerUp","floor":6,"key":"SMITH"},{"data":"EarthLightRay","floor":8,"key":"SMITH"},{"data":"DC","floor":15,"key":"SMITH"},{"floor":25,"key":"REST"},{"floor":27,"key":"REST"},{"floor":32,"key":"REST"},{"floor":41,"key":"REST"},{"floor":47,"key":"REST"},{"data":"FinalSpark","floor":49,"key":"SMITH"}],"circlet_count":0,"master_deck":["Strike_MRS","Strike_MRS","Strike_MRS","Strike_MRS","Defend_MRS","Defend_MRS","Defend_MRS","MasterSpark","UpSweep+1","PowerUp+1","EarthLightRay+1","OortCloud","GravityBeat","SuperNova+1","GasGiant","DC+1","MysteriousBeam","DoubleSpark","FinalSpark+1","WitchLeyline+1","Panacea+1","Doubt","Wraith"],"relics":["MiniHakkero","Frozen Egg 2","Thread and Needle","Darkstone Periapt","Busted Crown","PreservedInsect","Toxic Egg 2","ExperimentalFamiliar","Ginger","Membership Card","Eternal Feather","White_Cape"],"acts_visited":["Exordium","TheCity","TheBeyond"],"potions_floor_usage":[4,10,10,10,10,16,20,23,30,30,40,50],"damage_taken":[{"damage":13,"enemies":"Jaw Worm","floor":1,"turns":3},{"damage":0,"enemies":"2 Louse","floor":2,"turns":3},{"damage":5,"enemies":"Small Slimes","floor":4,"turns":3},{"damage":3,"enemies":"2 Fungi Beasts","floor":5,"turns":3},{"damage":3,"enemies":"Lagavulin","floor":10,"turns":5},{"damage":2,"enemies":"Looter","floor":11,"turns":5},{"damage":0,"enemies":"Large Slime","floor":14,"turns":6},{"damage":7,"enemies":"Hexaghost","floor":16,"turns":8},{"damage":12,"enemies":"2 Thieves","floor":18,"turns":4},{"damage":3,"enemies":"3 Byrds","floor":19,"turns":7},{"damage":22,"enemies":"Shelled Parasite and Fungi","floor":20,"turns":4},{"damage":24,"enemies":"Snecko","floor":21,"turns":5},{"damage":0,"enemies":"Sentry and Sphere","floor":23,"turns":1},{"damage":15,"enemies":"3 Cultists","floor":24,"turns":6},{"damage":12,"enemies":"Centurion and Healer","floor":28,"turns":4},{"damage":33,"enemies":"Shelled Parasite and Fungi","floor":29,"turns":4},{"damage":6,"enemies":"Cultist and Chosen","floor":30,"turns":3},{"damage":36,"enemies":"Champ","floor":33,"turns":11},{"damage":0,"enemies":"3 Darklings","floor":35,"turns":3},{"damage":6,"enemies":"Orb Walker","floor":36,"turns":2},{"damage":61,"enemies":"2 Orb Walkers","floor":37,"turns":4},{"damage":0,"enemies":"3 Darklings","floor":39,"turns":3},{"damage":23,"enemies":"Jaw Worm Horde","floor":40,"turns":3},{"damage":16,"enemies":"4 Shapes","floor":44,"turns":4},{"damage":102,"enemies":"Time Eater","floor":50,"turns":8}],"seed_played":"-7980168107134145662","potions_obtained":[{"floor":1,"key":"Strength Potion"},{"floor":4,"key":"Fruit Juice"},{"floor":10,"key":"SkillPotion"},{"floor":19,"key":"AttackPotion"},{"floor":24,"key":"BlessingOfTheForge"},{"floor":29,"key":"champ:CounterPotion"},{"floor":33,"key":"Ancient Potion"},{"floor":39,"key":"Guardian:BlockOnCardUsePotion"}],"is_trial":false,"path_per_floor":["M","M","?","M","M","R","$","R","T","E","M","$","?","M","R","B",null,"M","M","M","M","$","M","M","R","T","R","M","M","M","?","R","B",null,"M","M","?","?","M","M","R","?","T","M","?","$","R","T","R","B"],"character_chosen":"MARISA","items_purchased":["EntropicBrew","PreservedInsect","Membership Card","Eternal Feather"],"campfire_rested":5,"item_purchase_floors":[7,22,46,46],"current_hp_per_floor":[62,62,62,66,67,67,67,67,67,70,74,74,67,73,73,72,80,68,71,55,37,37,37,28,52,52,76,70,43,43,43,67,37,80,80,80,25,25,25,8,32,86,86,70,76,76,92,92,92,0,0],"gold":35,"neow_bonus":"UPGRADE_CARD","is_daily":false,"chose_seed":false,"campfire_upgraded":4,"win_rate":0.0,"timestamp":1613016730,"path_taken":["M","M","?","M","M","R","$","R","T","E","M","$","?","M","R","BOSS","M","M","M","M","$","M","M","R","T","R","M","M","M","?","R","BOSS","M","M","?","?","M","M","R","?","T","M","?","$","R","?","R","BOSS"],"items_purchased_type":["Potion","Relic","Relic","Relic"],"build_version":"2020-12-22","purchased_purges":1,"victory":false,"max_hp_per_floor":[75,75,75,80,80,80,80,80,80,80,80,80,80,80,80,80,80,80,80,80,80,80,80,80,80,80,80,80,80,80,80,80,80,80,80,80,80,80,80,80,80,86,86,86,92,92,92,92,92,92,92],"relic_stats":{"Darkstone Periapt":12,"Busted Crown":32,"counters":[25,112],"Eternal Feather":12,"PreservedInsect":0,"Ginger":[4],"obtain_stats":[{"Darkstone Periapt":13,"Busted Crown":17,"ExperimentalFamiliar":34,"Thread and Needle":10,"Eternal Feather":46,"PreservedInsect":22,"MiniHakkero":0,"Ginger":37,"Membership Card":46,"Frozen Egg 2":9,"Toxic Egg 2":26,"White_Cape":48},{"Darkstone Periapt":6,"Busted Crown":8,"ExperimentalFamiliar":18,"Thread and Needle":5,"Eternal Feather":24,"PreservedInsect":12,"MiniHakkero":0,"Ginger":21,"Membership Card":24,"Frozen Egg 2":4,"Toxic Egg 2":14,"White_Cape":24},{"Darkstone Periapt":22,"Busted Crown":36,"ExperimentalFamiliar":85,"Thread and Needle":17,"Eternal Feather":104,"PreservedInsect":56,"MiniHakkero":0,"Ginger":94,"Membership Card":104,"Frozen Egg 2":12,"Toxic Egg 2":63,"White_Cape":104}]},"card_choices":[{"not_picked":["Acceleration","OneTimeOff"],"picked":"PowerUp","floor":1},{"not_picked":["EventHorizon","MachineGunSpark"],"picked":"EarthLightRay","floor":2},{"not_picked":["GrandCross","MysteriousBeam"],"picked":"OortCloud","floor":4},{"not_picked":["GrandCross","IllusionStar"],"picked":"GravityBeat","floor":5},{"not_picked":["SporeBomb","IllusionStar"],"picked":"SuperNova+1","floor":10},{"not_picked":["GalacticHalo","DC"],"picked":"GasGiant","floor":11},{"not_picked":["Occultation","SporeBomb"],"picked":"DC","floor":14},{"not_picked":["MachineGunSpark"],"picked":"SKIP","floor":18},{"not_picked":["SuperPerseids"],"picked":"SKIP","floor":19},{"not_picked":["GravityBeat"],"picked":"SKIP","floor":20},{"not_picked":["WitchOfGreed+1"],"picked":"SKIP","floor":21},{"not_picked":[],"picked":"MysteriousBeam","floor":24},{"not_picked":["SporeBomb+1"],"picked":"SKIP","floor":28},{"not_picked":["Acceleration+1"],"picked":"SKIP","floor":29},{"not_picked":[],"picked":"DoubleSpark","floor":30},{"not_picked":[],"picked":"FinalSpark","floor":33},{"not_picked":["LuminesStrike+1"],"picked":"SKIP","floor":35},{"not_picked":[],"picked":"WitchLeyline+1","floor":36},{"not_picked":[],"picked":"Panacea+1","floor":38},{"not_picked":["LuminesStrike+1"],"picked":"SKIP","floor":39},{"not_picked":["DC"],"picked":"SKIP","floor":40},{"not_picked":["GravityBeat"],"picked":"SKIP","floor":44}],"player_experience":69875,"relics_obtained":[{"floor":9,"key":"Frozen Egg 2"},{"floor":10,"key":"Thread and Needle"},{"floor":26,"key":"Toxic Egg 2"},{"floor":37,"key":"Ginger"},{"floor":48,"key":"White_Cape"}],"event_choices":[{"damage_healed":0,"gold_gain":0,"player_choice":"Left Gold","damage_taken":0,"max_hp_gain":0,"max_hp_loss":0,"event_name":"World of Goop","floor":3,"gold_loss":47},{"damage_healed":0,"gold_gain":0,"player_choice":"Success","damage_taken":7,"relics_obtained":["Darkstone Periapt"],"max_hp_gain":0,"max_hp_loss":0,"event_name":"Scrap Ooze","floor":13,"gold_loss":0},{"damage_healed":0,"gold_gain":0,"player_choice":"Ignored","damage_taken":0,"max_hp_gain":0,"max_hp_loss":0,"event_name":"Vampires","floor":31,"gold_loss":0},{"damage_healed":0,"gold_gain":0,"player_choice":"Fight","damage_taken":0,"max_hp_gain":0,"max_hp_loss":0,"event_name":"Mysterious Sphere","floor":37,"gold_loss":0},{"damage_healed":0,"gold_gain":0,"player_choice":"Memory 1","damage_taken":0,"max_hp_gain":0,"max_hp_loss":0,"event_name":"SensoryStone","floor":38,"gold_loss":0},{"damage_healed":48,"gold_gain":0,"player_choice":"Heal","damage_taken":0,"max_hp_gain":0,"max_hp_loss":0,"event_name":"MindBloom","floor":42,"gold_loss":0,"cards_obtained":["Doubt"]},{"damage_healed":0,"gold_gain":0,"player_choice":"Ignored","damage_taken":0,"max_hp_gain":0,"max_hp_loss":0,"event_name":"OrinTheCat","floor":45,"gold_loss":0}],"is_beta":false,"boss_relics":[{"not_picked":["Silver_Glasses","Fusion Hammer"],"picked":"Busted Crown"},{"not_picked":["Astrolabe","BewitchedHakkero"],"picked":"ExperimentalFamiliar"}],"items_purged_floors":[22],"is_endless":false,"potions_floor_spawned":[1,4,10,19,24,29,33,39],"killed_by":"Time Eater","ascension_level":0}}