{"host":"sygfylmorsvdndbx","time":1613019065,"event":{"mods":["AchievementEnabler","BaseMod","Bestiary","Highlight Path","Minty Spire (QoL Compilation)","Permanent Neow","Quick Restart","Relic Stats"],"gold_per_floor":[119,119,134,151,169,169,203,203,251,269,310,335,354,84,84,198,198,209,223,223,80,80,80,120,120,143,193,234,234,36,45,45,158,158,177,177,200,200,200,200,210,239,239,239,96,96,132,153,153,153,153,153,83,119,119],"floor_reached":56,"language":"ENG","playtime":5553,"items_purged":["Strike_R"],"score":2034,"play_id":"ba5a40d3-e727-43a8-a178-a5a527892b42","local_time":"20210210235105","is_ascension_mode":true,"campfire_choices":[{"data":"Armaments","floor":6.0,"key":"SMITH"},{"data":"Offering","floor":8.0,"key":"SMITH"},{"data":"True Grit","floor":15.0,"key":"SMITH"},{"data":"Corruption","floor":23.0,"key":"SMITH"},{"data":"Sentinel","floor":25.0,"key":"SMITH"},{"data":"Impervious","floor":29.0,"key":"SMITH"},{"data":"Feel No Pain","floor":32.0,"key":"SMITH"},{"data":"Dark Embrace","floor":40.0,"key":"SMITH"},{"data":"1","floor":44.0,"key":"LIFT"},{"data":"2","floor":46.0,"key":"LIFT"},{"floor":49,"key":"RECALL"},{"data":"3","floor":52,"key":"LIFT"}],"circlet_count":0,"master_deck":["AscendersBane","Strike_R","Defend_R","Defend_R","Defend_R","Defend_R","Bash","Cleave+1","Sentinel+1","Armaments+1","Spot Weakness","Offering+1","Pommel Strike","Shrug It Off","True Grit+1","Corruption+1","Impervious+1","Entrench","Intimidate","Dark Embrace+1","Dual Wield+1","Offering","Feel No Pain+1","Exhume","Shrug It Off+1","Flex+1","Corruption+1","Berserk","Shockwave","Feel No Pain","Metallicize+1"],"relics":["Burning Blood","Dead Branch","Self Forming Clay","CeramicFish","Regal Pillow","Red Skull","Philosopher\u0027s Stone","OrangePellets","Enchiridion","Prayer Wheel","Bronze Scales","Lantern","Orrery","Empty Cage","Juzu Bracelet","Girya","DollysMirror","Oddly Smooth Stone","Lizard Tail"],"acts_visited":["Exordium","TheCity","TheBeyond","TheEnding"],"potions_floor_usage":[55],"damage_taken":[{"damage":6.0,"enemies":"Cultist","floor":1.0,"turns":3.0},{"damage":4.0,"enemies":"Small Slimes","floor":3.0,"turns":4.0},{"damage":0.0,"enemies":"2 Louse","floor":4.0,"turns":2.0},{"damage":0.0,"enemies":"2 Fungi Beasts","floor":5.0,"turns":1.0},{"damage":10.0,"enemies":"3 Sentries","floor":7.0,"turns":5.0},{"damage":13.0,"enemies":"Exordium Wildlife","floor":10.0,"turns":2.0},{"damage":17.0,"enemies":"Lagavulin","floor":11.0,"turns":6.0},{"damage":21.0,"enemies":"Gremlin Gang","floor":12.0,"turns":3.0},{"damage":6.0,"enemies":"Blue Slaver","floor":13.0,"turns":2.0},{"damage":18.0,"enemies":"Hexaghost","floor":16.0,"turns":6.0},{"damage":6.0,"enemies":"3 Byrds","floor":18.0,"turns":2.0},{"damage":8.0,"enemies":"2 Thieves","floor":19.0,"turns":2.0},{"damage":23.0,"enemies":"Gremlin Leader","floor":24.0,"turns":4.0},{"damage":12.0,"enemies":"Book of Stabbing","floor":28.0,"turns":2.0},{"damage":23.0,"enemies":"Automaton","floor":33.0,"turns":5.0},{"damage":0.0,"enemies":"3 Shapes","floor":35.0,"turns":2.0},{"damage":12.0,"enemies":"Orb Walker","floor":37.0,"turns":5.0},{"damage":6.0,"enemies":"Writhing Mass","floor":41.0,"turns":5.0},{"damage":6.0,"enemies":"Nemesis","floor":42.0,"turns":5.0},{"damage":6.0,"enemies":"Giant Head","floor":47.0,"turns":2.0},{"damage":0,"enemies":"Transient","floor":48,"turns":5},{"damage":12,"enemies":"Awakened One","floor":50,"turns":3},{"damage":6,"enemies":"Shield and Spear","floor":54,"turns":3},{"damage":12,"enemies":"The Heart","floor":55,"turns":6}],"seed_played":"-2650820476060156193","potions_obtained":[{"floor":3.0,"key":"Strength Potion"},{"floor":4.0,"key":"Explosive Potion"},{"floor":7.0,"key":"Dexterity Potion"},{"floor":10.0,"key":"Fire Potion"},{"floor":16.0,"key":"AttackPotion"},{"floor":24.0,"key":"PowerPotion"},{"floor":36.0,"key":"BloodPotion"}],"is_trial":false,"path_per_floor":["M","?","M","M","M","R","E","R","T","M","E","M","M","$","R","B",null,"M","M","?","$","?","R","E","R","T","T","E","R","$","?","R","B",null,"M","?","M","?","?","R","M","E","T","R","$","R","E","M","R","B",null,"R","$","E","B",null],"character_chosen":"IRONCLAD","items_purchased":["Red Skull","True Grit","OrangePellets","Orrery","Offering","DollysMirror","Feel No Pain"],"campfire_rested":0,"item_purchase_floors":[14,14,21,30,30,45,53],"current_hp_per_floor":[72,72,72,72,72,72,68,68,68,61,50,35,35,35,35,23,60,60,58,63,63,47,47,30,30,30,30,24,24,24,24,24,7,56,62,62,56,56,56,56,56,56,56,56,56,56,56,62,62,56,65,65,65,65,59],"gold":119,"neow_bonus":"ONE_RARE_RELIC","is_daily":false,"chose_seed":false,"campfire_upgraded":8,"win_rate":0.0,"timestamp":1613019065,"path_taken":["M","?","M","M","M","R","E","R","T","M","E","M","M","$","R","BOSS","M","?","?","?","?","R","E","R","T","?","E","R","$","?","R","BOSS","M","?","?","?","?","R","M","E","T","R","$","R","E","M","R","BOSS","R","$","E","BOSS"],"items_purchased_type":["Relic","Card","Relic","Relic","Card","Relic","Card"],"build_version":"2020-12-22","purchased_purges":1,"victory":true,"max_hp_per_floor":[72,72,72,72,72,72,72,72,72,72,72,72,72,72,72,72,72,72,72,72,72,72,72,72,72,72,72,72,72,72,72,72,72,72,72,72,72,68,68,68,68,68,68,68,68,68,68,68,68,68,68,68,68,68,68],"relic_stats":{"OrangePellets":[20],"Regal Pillow":0,"Lizard Tail":0,"counters":[24,85],"Self Forming Clay":[99],"Dead Branch":[242],"CeramicFish":180,"Bronze Scales":[182],"Prayer Wheel":4,"Juzu Bracelet":0,"obtain_stats":[{"Girya":43,"Regal Pillow":11,"Lantern":28,"Self Forming Clay":7,"Dead Branch":0,"CeramicFish":9,"Enchiridion":22,"Oddly Smooth Stone":47,"Juzu Bracelet":42,"Empty Cage":34,"Burning Blood":0,"OrangePellets":21,"Lizard Tail":54,"DollysMirror":45,"Bronze Scales":27,"Orrery":30,"Philosopher\u0027s Stone":17,"Prayer Wheel":24,"Red Skull":14},{"Girya":19,"Regal Pillow":7,"Lantern":14,"Self Forming Clay":5,"Dead Branch":0,"CeramicFish":5,"Enchiridion":12,"Oddly Smooth Stone":20,"Juzu Bracelet":19,"Empty Cage":15,"Burning Blood":0,"OrangePellets":12,"Lizard Tail":23,"DollysMirror":19,"Bronze Scales":13,"Orrery":14,"Philosopher\u0027s Stone":10,"Prayer Wheel":13,"Red Skull":9},{"Girya":66,"Regal Pillow":23,"Lantern":44,"Self Forming Clay":15,"Dead Branch":0,"CeramicFish":15,"Enchiridion":38,"Oddly Smooth Stone":68,"Juzu Bracelet":66,"Empty Cage":49,"Burning Blood":0,"OrangePellets":38,"Lizard Tail":79,"DollysMirror":66,"Bronze Scales":42,"Orrery":44,"Philosopher\u0027s Stone":34,"Prayer Wheel":42,"Red Skull":28}],"Burning Blood":130},"card_choices":[{"not_picked":["Blood for Blood","Spot Weakness"],"picked":"Cleave","floor":1.0},{"not_picked":["Anger","Rupture"],"picked":"Sentinel","floor":3.0},{"not_picked":["Iron Wave","Clash"],"picked":"Armaments","floor":4.0},{"not_picked":["Armaments","Sword Boomerang"],"picked":"Spot Weakness","floor":5.0},{"not_picked":["Warcry","Blood for Blood"],"picked":"Offering","floor":7.0},{"not_picked":["Evolve","Fire Breathing","Cleave"],"picked":"SKIP","floor":10.0},{"not_picked":["Wild Strike","Headbutt"],"picked":"Pommel Strike","floor":11.0},{"not_picked":["Cleave","Heavy Blade","Armaments"],"picked":"SKIP","floor":12.0},{"not_picked":["Heavy Blade","Armaments"],"picked":"Cleave","floor":12.0},{"not_picked":["Perfected Strike","Hemokinesis"],"picked":"Shrug It Off","floor":13.0},{"not_picked":["Juggernaut","Double Tap"],"picked":"Corruption","floor":16.0},{"not_picked":["Twin Strike+1","Clash","Flex"],"picked":"SKIP","floor":18.0},{"not_picked":["Pommel Strike","Rage","Wild Strike"],"picked":"SKIP","floor":19.0},{"not_picked":["Body Slam","Burning Pact"],"picked":"Impervious","floor":24.0},{"not_picked":["Body Slam+1","Double Tap"],"picked":"Entrench","floor":28.0},{"not_picked":["Headbutt","Anger+1"],"picked":"Intimidate","floor":30.0},{"not_picked":["Thunderclap+1","Warcry"],"picked":"Dark Embrace","floor":30.0},{"not_picked":["Twin Strike","Clothesline"],"picked":"Dual Wield+1","floor":30.0},{"not_picked":["Fiend Fire","Barricade"],"picked":"Exhume","floor":33.0},{"not_picked":["Twin Strike+1","Sword Boomerang+1"],"picked":"Shrug It Off+1","floor":35.0},{"not_picked":["Searing Blow+1","Iron Wave+1","Headbutt"],"picked":"SKIP","floor":35.0},{"not_picked":["Clash+1","Warcry"],"picked":"Flex+1","floor":37.0},{"not_picked":["Twin Strike","Clothesline","Body Slam"],"picked":"SKIP","floor":37.0},{"not_picked":["Anger","Demon Form","Sword Boomerang+1"],"picked":"SKIP","floor":41.0},{"not_picked":["Sever Soul+1","Dual Wield+1","Pummel"],"picked":"SKIP","floor":41.0},{"not_picked":["Cleave+1","Perfected Strike","Dark Embrace"],"picked":"SKIP","floor":42.0},{"not_picked":["Warcry+1","Flex+1"],"picked":"Berserk","floor":47.0},{"not_picked":["Wild Strike","Clothesline+1"],"picked":"Shockwave","floor":48},{"not_picked":["Shockwave","Flex","Havoc"],"picked":"SKIP","floor":48},{"not_picked":["Bloodletting+1","Twin Strike"],"picked":"Metallicize+1","floor":54}],"player_experience":477530,"relics_obtained":[{"floor":7.0,"key":"Self Forming Clay"},{"floor":9.0,"key":"CeramicFish"},{"floor":11.0,"key":"Regal Pillow"},{"floor":22.0,"key":"Enchiridion"},{"floor":24.0,"key":"Prayer Wheel"},{"floor":27.0,"key":"Bronze Scales"},{"floor":28.0,"key":"Lantern"},{"floor":42.0,"key":"Juzu Bracelet"},{"floor":43.0,"key":"Girya"},{"floor":47.0,"key":"Oddly Smooth Stone"},{"floor":54,"key":"Lizard Tail"}],"event_choices":[{"damage_healed":0.0,"max_hp_gain":0.0,"max_hp_loss":0.0,"gold_gain":0.0,"event_name":"Upgrade Shrine","player_choice":"Upgraded","floor":2.0,"gold_loss":0.0,"damage_taken":0.0,"cards_upgraded":["Cleave"]},{"cards_removed":["Cleave"],"damage_healed":5.0,"max_hp_gain":0.0,"max_hp_loss":0.0,"gold_gain":0.0,"event_name":"Bonfire Elementals","player_choice":"Offered Common","floor":20.0,"gold_loss":0.0,"damage_taken":0.0},{"cards_removed":["Cleave"],"damage_healed":5.0,"max_hp_gain":0.0,"max_hp_loss":0.0,"gold_gain":0.0,"event_name":"Bonfire Elementals","player_choice":"Offered Special","floor":20.0,"gold_loss":0.0,"damage_taken":0.0},{"damage_healed":0.0,"max_hp_gain":0.0,"max_hp_loss":0.0,"gold_gain":0.0,"event_name":"Cursed Tome","player_choice":"Obtained Book","floor":22.0,"gold_loss":0.0,"damage_taken":16.0},{"damage_healed":0.0,"max_hp_gain":0.0,"max_hp_loss":0.0,"gold_gain":0.0,"event_name":"The Library","player_choice":"Read","floor":31.0,"gold_loss":0.0,"damage_taken":0.0,"cards_obtained":["Feel No Pain"]},{"damage_healed":0.0,"max_hp_gain":0.0,"max_hp_loss":0.0,"gold_gain":0.0,"event_name":"Lab","player_choice":"Got Potions","floor":36.0,"gold_loss":0.0,"damage_taken":0.0},{"damage_healed":0.0,"max_hp_gain":0.0,"max_hp_loss":4.0,"gold_gain":0.0,"event_name":"Winding Halls","player_choice":"Max HP","floor":38.0,"gold_loss":0.0,"damage_taken":0.0},{"cards_removed":["Strike_R"],"damage_healed":0.0,"max_hp_gain":0.0,"max_hp_loss":0.0,"gold_gain":0.0,"event_name":"Falling","player_choice":"Removed Attack","floor":39.0,"gold_loss":0.0,"damage_taken":0.0}],"is_beta":false,"boss_relics":[{"not_picked":["Fusion Hammer","Sozu"],"picked":"Philosopher\u0027s Stone"},{"not_picked":["Runic Cube","Busted Crown"],"picked":"Empty Cage"}],"items_purged_floors":[14],"is_endless":false,"potions_floor_spawned":[3,4,7,10,16,24,42,48],"ascension_level":11}}