{"host":"gh97pv908ci4ql26","time":1613080010,"event":{"mods":["AchievementEnabler","BaseMod","Block Reminder","Colored Powertips","Minty Spire (QoL Compilation)","StSLib","Together in Spire"],"gold_per_floor":[11,21,40,40,57,57,76,113,140,168,168,168,224,269,269,371,421,432,449,468,493,493],"floor_reached":21,"language":"ENG","playtime":902,"items_purged":[],"score":245,"play_id":"914b13e8-45b3-4cdb-9349-b99cb004a00a","local_time":"20210211134650","is_ascension_mode":false,"campfire_choices":[{"data":"HandOfGreed","floor":6,"key":"SMITH"},{"data":"Blasphemy","floor":12,"key":"SMITH"},{"data":"Tantrum","floor":15,"key":"SMITH"}],"circlet_count":0,"master_deck":["Strike_P","Strike_P","Strike_P","Strike_P","Defend_P+1","Defend_P","Defend_P","Defend_P","Eruption","Vigilance","HandOfGreed+1","WheelKick","MentalFortress","MentalFortress","Prostrate","Devotion","Halt","Blasphemy+1","Vengeance","Tantrum+1","DevaForm","Crescendo","WreathOfFlame+1","WindmillStrike+1","TalkToTheHand+1"],"relics":["PureWater","Ancient Tea Set","Bag of Preparation","Lantern","Tiny House"],"acts_visited":["Exordium","TheCity"],"potions_floor_usage":[21],"damage_taken":[{"damage":0,"enemies":"Small Slimes","floor":1,"turns":1},{"damage":0,"enemies":"Cultist","floor":2,"turns":1},{"damage":0,"enemies":"2 Louse","floor":3,"turns":1},{"damage":0,"enemies":"Gremlin Gang","floor":5,"turns":2},{"damage":0,"enemies":"Red Slaver","floor":7,"turns":1},{"damage":0,"enemies":"3 Louse","floor":8,"turns":1},{"damage":0,"enemies":"3 Sentries","floor":10,"turns":1},{"damage":0,"enemies":"Gremlin Nob","floor":13,"turns":1},{"damage":0,"enemies":"2 Fungi Beasts","floor":14,"turns":1},{"damage":6,"enemies":"The Guardian","floor":16,"turns":2},{"damage":0,"enemies":"3 Byrds","floor":18,"turns":2},{"damage":0,"enemies":"Chosen","floor":19,"turns":1},{"damage":0,"enemies":"Snake Plant","floor":20,"turns":1},{"damage":100064,"enemies":"Masked Bandits","floor":21,"turns":5}],"seed_played":"-6625495053849222785","potions_obtained":[{"floor":1,"key":"Swift Potion"},{"floor":2,"key":"SpeedPotion"},{"floor":5,"key":"BottledMiracle"},{"floor":10,"key":"Explosive Potion"},{"floor":11,"key":"BlessingOfTheForge"}],"is_trial":false,"path_per_floor":["M","M","M","$","M","R","M","M","T","E","?","R","E","M","R","B",null,"M","M","M","?"],"character_chosen":"WATCHER","items_purchased":[],"campfire_rested":0,"item_purchase_floors":[],"current_hp_per_floor":[72,72,72,72,72,72,72,72,72,72,72,72,72,72,72,66,77,77,77,77,0,0],"gold":493,"neow_bonus":"RANDOM_COLORLESS_2","is_daily":false,"chose_seed":false,"campfire_upgraded":3,"win_rate":0.0,"timestamp":1613080010,"path_taken":["M","M","M","$","M","R","M","M","T","E","?","R","E","M","R","BOSS","M","M","?","?"],"items_purchased_type":[],"build_version":"2020-12-22","purchased_purges":0,"victory":false,"max_hp_per_floor":[72,72,72,72,72,72,72,72,72,72,72,72,72,72,72,72,77,77,77,77,77,77],"card_choices":[{"not_picked":["Magnetism","Mayhem"],"picked":"HandOfGreed","floor":0},{"not_picked":["Fasting2","CutThroughFate"],"picked":"WheelKick","floor":1},{"not_picked":["Sanctity","LikeWater"],"picked":"MentalFortress","floor":2},{"not_picked":["WaveOfTheHand","ThirdEye"],"picked":"MentalFortress","floor":3},{"not_picked":["EmptyFist","Vengeance"],"picked":"Prostrate","floor":5},{"not_picked":["PathToVictory","EmptyBody"],"picked":"Devotion","floor":7},{"not_picked":["CrushJoints","ReachHeaven"],"picked":"Halt","floor":8},{"not_picked":["Prostrate","BowlingBash"],"picked":"Blasphemy","floor":10},{"not_picked":["CrushJoints","Consecrate"],"picked":"Vengeance","floor":13},{"not_picked":["SashWhip","FlurryOfBlows"],"picked":"Tantrum","floor":14},{"not_picked":["Establishment","MasterReality"],"picked":"DevaForm","floor":16},{"not_picked":["EmptyBody","Wallop"],"picked":"Crescendo","floor":17},{"not_picked":["BowlingBash","Meditate"],"picked":"WreathOfFlame+1","floor":18},{"not_picked":["Protect","ClearTheMind"],"picked":"WindmillStrike+1","floor":19},{"not_picked":["FollowUp+1","Swivel"],"picked":"TalkToTheHand+1","floor":20}],"player_experience":115618,"relics_obtained":[{"floor":9,"key":"Ancient Tea Set"},{"floor":10,"key":"Bag of Preparation"},{"floor":13,"key":"Lantern"}],"event_choices":[{"damage_healed":0,"gold_gain":0,"player_choice":"Got Potions","damage_taken":0,"max_hp_gain":0,"max_hp_loss":0,"event_name":"Lab","floor":11,"gold_loss":0},{"damage_healed":0,"gold_gain":0,"player_choice":"Fought Bandits","damage_taken":0,"max_hp_gain":0,"max_hp_loss":0,"event_name":"Masked Bandits","floor":21,"gold_loss":0}],"is_beta":false,"boss_relics":[{"not_picked":["Sozu","SlaversCollar"],"picked":"Tiny House"}],"items_purged_floors":[],"is_endless":false,"potions_floor_spawned":[1,2,5,10],"killed_by":"Masked Bandits","ascension_level":0}}