{"host":"wrdw6zkxuilnr6rg","time":1612665205,"event":{"mods":["Act Like it!","BaseMod","Bestiary","Colored Powertips","Hallownest","Hermit","Highlight Path","Minty Spire (QoL Compilation)","Quick Restart","Relic Stats","StSLib","The Bug Knight"],"gold_per_floor":[111,111,0,40,51,51,61,61,143,170,194,194,124,142,142,238,238,249,260,260,180,330,365,365,396,408,420,449,473,495,447,447,549,549,561,561,381,395,310,310,326,326,326,486,506,274,274,308,308,308],"floor_reached":51,"language":"ENG","playtime":1729,"items_purged":["Strike_R","Defend_R","Strike_R"],"score":818,"play_id":"93633871-5815-4cf7-a243-7fe4212bc160","local_time":"20210207053325","is_ascension_mode":true,"campfire_choices":[{"data":"Havoc","floor":6,"key":"SMITH"},{"data":"Flame Barrier","floor":8,"key":"SMITH"},{"data":"Bash","floor":12,"key":"SMITH"},{"data":"Body Slam","floor":15,"key":"SMITH"},{"data":"Hallownest:skillCityofTearsMap","floor":24,"key":"SMITH"},{"data":"Double Tap","floor":27,"key":"SMITH"},{"data":"Metallicize","floor":32,"key":"SMITH"},{"data":"Hallownest:skillKingdomsEdgeMap","floor":40,"key":"SMITH"},{"data":"Fiend Fire","floor":42,"key":"SMITH"},{"data":"Defend_R","floor":47,"key":"SMITH"},{"data":"Defend_R","floor":49,"key":"SMITH"}],"circlet_count":0,"master_deck":["Strike_R","Strike_R","Defend_R+1","Defend_R+1","Bash+1","Havoc+1","Flame Barrier+1","Clash","Metallicize+1","Body Slam+1","Double Tap+1","Cleave+1","Headbutt+1","Hallownest:skillCityofTearsMap+1","Clash","Metallicize+1","Fiend Fire+1","CurseOfTheBell","Hallownest:skillKingdomsEdgeMap+1"],"relics":["Burning Blood","Hallownest:BankAccountRelic","Mercury Hourglass","Strawberry","Bronze Scales","Coffee Dripper","Akabeko","MawBank","Dream Catcher","Calling Bell","Oddly Smooth Stone","HornCleat","Du-Vu Doll","Orichalcum","Hallownest:StagBellRelic1","Self Forming Clay","Hallownest:GodTamersBeastRelic","HandDrill","Lantern"],"acts_visited":["Exordium","Hallownest:Greenpath","Hallownest:CityofTears"],"potions_floor_usage":[10,16,16,23,23,23,23,33,33,41,44,50],"damage_taken":[{"damage":17,"enemies":"Hallownest:2_Tiktiks_and_1_Crawlid","floor":1,"turns":3},{"damage":8,"enemies":"Hallownest:2_MossCreeps","floor":5,"turns":6},{"damage":0,"enemies":"Hallownest:2_Baldur","floor":7,"turns":3},{"damage":29,"enemies":"Hallownest:eliteMossKnight","floor":10,"turns":8},{"damage":4,"enemies":"Hallownest:Guard_and_Warrior","floor":14,"turns":5},{"damage":38,"enemies":"Hallownest:BossHornet","floor":16,"turns":12},{"damage":0,"enemies":"Hallownest:2_Mistakes","floor":18,"turns":4},{"damage":0,"enemies":"Hallownest:3_Youths","floor":19,"turns":4},{"damage":7,"enemies":"Hallownest:eliteSoulWarrior","floor":23,"turns":5},{"damage":8,"enemies":"Hallownest:Nosk","floor":25,"turns":6},{"damage":9,"enemies":"Hallownest:2_Husk_Sentries","floor":28,"turns":3},{"damage":0,"enemies":"Hallownest:Warrior_and_Youth","floor":29,"turns":3},{"damage":0,"enemies":"Hallownest:monsterMisterMushroom","floor":30,"turns":2},{"damage":44,"enemies":"Hallownest:BossSoulMaster","floor":33,"turns":7},{"damage":17,"enemies":"Hallownest:2_Littles","floor":35,"turns":4},{"damage":4,"enemies":"Hallownest:Shield_Heavy","floor":38,"turns":4},{"damage":0,"enemies":"Hallownest:Xero_Hu_Marmu","floor":41,"turns":3},{"damage":0,"enemies":"Hallownest:Xero_Hu_Marmu","floor":44,"turns":4},{"damage":0,"enemies":"Hallownest:Xero_Hu_Marmu","floor":44,"turns":4},{"damage":22,"enemies":"Hallownest:Xero_Hu_Marmu","floor":44,"turns":5},{"damage":0,"enemies":"Hallownest:Xero_Hu_Marmu","floor":44,"turns":2},{"damage":7,"enemies":"Hallownest:Slobbering_and_Violent","floor":45,"turns":5},{"damage":0,"enemies":"Hallownest:StalkingDevout","floor":48,"turns":4},{"damage":26,"enemies":"Hallownest:BossHollowKnight","floor":50,"turns":10}],"seed_played":"4696353181613831714","potions_obtained":[{"floor":5,"key":"LiquidBronze"},{"floor":14,"key":"Weak Potion"},{"floor":19,"key":"FearPotion"},{"floor":25,"key":"SpeedPotion"},{"floor":30,"key":"Energy Potion"},{"floor":33,"key":"DistilledChaos"},{"floor":41,"key":"BlessingOfTheForge"},{"floor":45,"key":"Block Potion"}],"is_trial":false,"path_per_floor":["M","?","?","$","M","R","M","R","T","E","T","R","$","M","R","B",null,"M","M","?","?","?","E","R","E","T","R","M","M","M","$","R","B",null,"M","T","?","M","?","R","M","R","T","?","M","$","R","E","R","B",null],"character_chosen":"IRONCLAD","items_purchased":["Metallicize","HandDrill"],"campfire_rested":0,"item_purchase_floors":[13,46],"current_hp_per_floor":[45,45,45,45,43,43,49,49,49,48,48,48,48,50,50,18,87,87,87,87,87,87,86,86,84,84,84,81,87,87,87,87,49,87,76,76,76,78,78,78,84,84,84,77,76,76,76,82,82,62],"gold":308,"neow_bonus":"REMOVE_TWO","is_daily":false,"chose_seed":false,"campfire_upgraded":11,"win_rate":0.0,"timestamp":1612665205,"path_taken":["M","?","?","$","M","R","M","R","T","E","?","R","$","M","R","BOSS","M","M","?","?","?","E","R","E","T","R","M","M","?","$","R","BOSS","M","?","?","?","?","R","M","R","T","?","M","$","R","E","R","BOSS"],"items_purchased_type":["Card","Relic"],"build_version":"2020-12-22","purchased_purges":3,"victory":true,"max_hp_per_floor":[80,80,80,80,80,80,80,80,80,87,87,87,87,87,87,87,87,87,87,87,87,87,87,87,87,87,87,87,87,87,87,87,87,87,87,87,87,87,87,87,87,87,87,87,87,87,87,87,87,87],"relic_stats":{"Dream Catcher":0,"counters":[24,113],"Self Forming Clay":[36],"Bronze Scales":[231],"HandDrill":[4],"Orichalcum":[60],"MawBank":72,"obtain_stats":[{"Hallownest:StagBellRelic1":37,"Lantern":48,"Self Forming Clay":43,"Oddly Smooth Stone":34,"Orichalcum":36,"MawBank":25,"Hallownest:GodTamersBeastRelic":44,"Burning Blood":0,"Akabeko":23,"Mercury Hourglass":9,"Calling Bell":34,"Du-Vu Doll":34,"Dream Catcher":26,"HornCleat":34,"Hallownest:BankAccountRelic":3,"Strawberry":10,"Bronze Scales":11,"Coffee Dripper":17,"HandDrill":46},{"Hallownest:StagBellRelic1":15,"Lantern":23,"Self Forming Clay":17,"Oddly Smooth Stone":14,"Orichalcum":15,"MawBank":10,"Hallownest:GodTamersBeastRelic":21,"Burning Blood":0,"Akabeko":9,"Mercury Hourglass":3,"Calling Bell":14,"Du-Vu Doll":14,"Dream Catcher":10,"HornCleat":14,"Hallownest:BankAccountRelic":1,"Strawberry":4,"Bronze Scales":4,"Coffee Dripper":6,"HandDrill":22},{"Hallownest:StagBellRelic1":73,"Lantern":103,"Self Forming Clay":80,"Oddly Smooth Stone":69,"Orichalcum":73,"MawBank":54,"Hallownest:GodTamersBeastRelic":94,"Burning Blood":0,"Akabeko":48,"Mercury Hourglass":12,"Calling Bell":69,"Du-Vu Doll":69,"Dream Catcher":54,"HornCleat":69,"Hallownest:BankAccountRelic":3,"Strawberry":20,"Bronze Scales":20,"Coffee Dripper":36,"HandDrill":99}],"Burning Blood":117,"Mercury Hourglass":[321]},"card_choices":[{"not_picked":["Clothesline","Pommel Strike"],"picked":"Havoc","floor":1},{"not_picked":["Hemokinesis","Twin Strike"],"picked":"Flame Barrier","floor":5},{"not_picked":["Cleave","Flex"],"picked":"Clash","floor":10},{"not_picked":["Carnage","Bludgeon"],"picked":"Body Slam","floor":14},{"not_picked":["Feed","Exhume"],"picked":"Double Tap","floor":16},{"not_picked":["Fire Breathing","Iron Wave"],"picked":"Cleave+1","floor":18},{"not_picked":["Entrench","Clothesline"],"picked":"Headbutt+1","floor":19},{"not_picked":["Twin Strike","Ghostly Armor"],"picked":"Clash","floor":23},{"not_picked":["Blood for Blood","Clothesline+1"],"picked":"Metallicize+1","floor":28},{"not_picked":["Thunderclap","Wild Strike"],"picked":"Fiend Fire","floor":29},{"not_picked":["Fire Breathing","Dual Wield","Wild Strike+1"],"picked":"SKIP","floor":30},{"not_picked":["Armaments","Anger+1","Heavy Blade"],"picked":"SKIP","floor":35},{"not_picked":["Thunderclap+1","Intimidate+1","Sword Boomerang+1"],"picked":"SKIP","floor":45}],"player_experience":1673206,"relics_obtained":[{"floor":9,"key":"Mercury Hourglass"},{"floor":10,"key":"Strawberry"},{"floor":11,"key":"Bronze Scales"},{"floor":23,"key":"Akabeko"},{"floor":25,"key":"MawBank"},{"floor":26,"key":"Dream Catcher"},{"floor":34,"key":"Oddly Smooth Stone"},{"floor":34,"key":"HornCleat"},{"floor":34,"key":"Du-Vu Doll"},{"floor":36,"key":"Orichalcum"},{"floor":43,"key":"Self Forming Clay"},{"floor":48,"key":"Lantern"}],"event_choices":[],"is_beta":false,"boss_relics":[{"not_picked":["Fusion Hammer","Cursed Key"],"picked":"Coffee Dripper"},{"not_picked":["Runic Pyramid","Black Blood"],"picked":"Calling Bell"}],"items_purged_floors":[13,31,46],"is_endless":false,"potions_floor_spawned":[5,14,19,25,30,33,41,44,44,45],"ascension_level":1}}