{"host":"vfg9szunmpjwj08o","time":1613079211,"event":{"mods":["Act Like it!","BaseMod","BetterRewards","Bossed Relics","Challenge The Spire","Colored Map","Colored Powertips","Dark Map","Highlight Path","Minty Spire (QoL Compilation)","Quick Restart","Relic Stats","StSLib","Waifu the Spire","everything is the same but u backflip on backflip"],"gold_per_floor":[116,129,204,34,46,46,81,81,153,153,179,190,190,204,204,301,301,311,323,21,31,49,49,49],"floor_reached":23,"language":"ENG","playtime":741,"items_purged":["Strike_P"],"score":365,"play_id":"ffe2fa02-0dc8-48ff-88c0-dd71817088ea","local_time":"20210211223331","is_ascension_mode":true,"campfire_choices":[{"data":"Eruption","floor":6.0,"key":"SMITH"},{"data":"Alpha","floor":15.0,"key":"SMITH"}],"circlet_count":0,"master_deck":["AscendersBane","Strike_P","Strike_P","Defend_P","Defend_P","Defend_P","Eruption+1","Vigilance","PathToVictory","Perseverance","JustLucky","MentalFortress","Alpha+1","PathToVictory+1","PathToVictory+1","DevaForm","EmptyBody+1","CutThroughFate+1"],"relics":["PureWater","NeowsBlessing","Happy Flower","Toxic Egg 2","Odd Mushroom","StoneCalendar","Coffee Dripper","Ice Cream"],"acts_visited":["Exordium","TheCity"],"potions_floor_usage":[21,22,23],"damage_taken":[{"damage":0.0,"enemies":"Cultist","floor":1.0,"turns":1.0},{"damage":0.0,"enemies":"Small Slimes","floor":2.0,"turns":2.0},{"damage":0.0,"enemies":"Jaw Worm","floor":5.0,"turns":1.0},{"damage":27.0,"enemies":"3 Sentries","floor":7.0,"turns":13.0},{"damage":11.0,"enemies":"The Mushroom Lair","floor":11.0,"turns":4.0},{"damage":1.0,"enemies":"Looter","floor":12.0,"turns":3.0},{"damage":1.0,"enemies":"3 Louse","floor":14.0,"turns":3.0},{"damage":0.0,"enemies":"Slime Boss","floor":16.0,"turns":5.0},{"damage":14.0,"enemies":"3 Byrds","floor":18.0,"turns":4.0},{"damage":14,"enemies":"Spheric Guardian","floor":19,"turns":5},{"damage":12,"enemies":"Snake Plant","floor":21,"turns":4},{"damage":0,"enemies":"Centurion and Healer","floor":22,"turns":5},{"damage":35,"enemies":"Slavers","floor":23,"turns":3}],"seed_played":"-4019547617290668701","potions_obtained":[{"floor":1.0,"key":"Weak Potion"},{"floor":7.0,"key":"DuplicationPotion"},{"floor":11.0,"key":"Dexterity Potion"},{"floor":18.0,"key":"Regen Potion"},{"floor":19,"key":"Block Potion"},{"floor":21,"key":"SpeedPotion"}],"is_trial":false,"path_per_floor":["M","M","?","$","M","R","E","?","T","?","?","M","T","M","R","B",null,"M","M","$","M","M","E"],"character_chosen":"WATCHER","items_purchased":["Perseverance","JustLucky","Ice Cream"],"campfire_rested":0,"item_purchase_floors":[4,4,20],"current_hp_per_floor":[65,65,54,54,54,54,27,20,20,20,9,8,8,7,7,7,56,42,28,28,16,31,0,0],"gold":49,"neow_bonus":"THREE_ENEMY_KILL","is_daily":false,"chose_seed":false,"campfire_upgraded":2,"win_rate":0.0,"timestamp":1613079211,"path_taken":["M","?","?","$","M","R","E","?","T","?","?","?","?","M","R","BOSS","M","M","$","M","M","E"],"items_purchased_type":["Card","Card","Relic"],"build_version":"2020-12-22","purchased_purges":1,"victory":false,"max_hp_per_floor":[72,72,72,72,72,72,72,72,72,72,72,72,72,72,72,72,72,72,72,72,72,72,72,72],"relic_stats":{"Happy Flower":[12],"counters":[13,53],"StoneCalendar":[0],"obtain_stats":[{"Ice Cream":20,"NeowsBlessing":0,"Happy Flower":7,"StoneCalendar":13,"Coffee Dripper":17,"PureWater":0,"Toxic Egg 2":9,"Odd Mushroom":11},{"Ice Cream":10,"NeowsBlessing":0,"Happy Flower":4,"StoneCalendar":6,"Coffee Dripper":8,"PureWater":0,"Toxic Egg 2":4,"Odd Mushroom":5},{"Ice Cream":41,"NeowsBlessing":0,"Happy Flower":17,"StoneCalendar":24,"Coffee Dripper":32,"PureWater":0,"Toxic Egg 2":17,"Odd Mushroom":21}]},"card_choices":[{"not_picked":["ReachHeaven","Worship"],"picked":"PathToVictory","floor":1.0},{"not_picked":["BowlingBash","CrushJoints","ClearTheMind"],"picked":"SKIP","floor":2.0},{"not_picked":["WaveOfTheHand","FlyingSleeves"],"picked":"MentalFortress","floor":5.0},{"not_picked":["Consecrate","Prostrate"],"picked":"Alpha","floor":7.0},{"not_picked":["CrushJoints","Wireheading"],"picked":"PathToVictory+1","floor":11.0},{"not_picked":["FlurryOfBlows","DeusExMachina+1"],"picked":"PathToVictory+1","floor":12.0},{"not_picked":["SashWhip","BowlingBash","CrushJoints"],"picked":"SKIP","floor":14.0},{"not_picked":["DeusExMachina+1","Ragnarok"],"picked":"DevaForm","floor":16.0},{"not_picked":["Swivel+1","BowlingBash"],"picked":"EmptyBody+1","floor":18.0},{"not_picked":["SashWhip","FlurryOfBlows+1","Worship+1"],"picked":"SKIP","floor":19},{"not_picked":["Tantrum+1","EmptyBody+1","FollowUp+1"],"picked":"SKIP","floor":21},{"not_picked":["Evaluate+1","SashWhip"],"picked":"CutThroughFate+1","floor":22}],"player_experience":1110563,"relics_obtained":[{"floor":7.0,"key":"Happy Flower"},{"floor":9.0,"key":"Toxic Egg 2"},{"floor":11.0,"key":"Odd Mushroom"},{"floor":13.0,"key":"StoneCalendar"}],"event_choices":[{"damage_healed":0.0,"max_hp_gain":0.0,"max_hp_loss":0.0,"gold_gain":75.0,"event_name":"World of Goop","player_choice":"Gather Gold","floor":3.0,"gold_loss":0.0,"damage_taken":11.0},{"cards_removed":["Strike_P"],"damage_healed":0.0,"max_hp_gain":0.0,"max_hp_loss":0.0,"gold_gain":0.0,"event_name":"Golden Wing","player_choice":"Card Removal","floor":8.0,"gold_loss":0.0,"damage_taken":7.0},{"cards_removed":["Defend_P"],"damage_healed":0.0,"max_hp_gain":0.0,"max_hp_loss":0.0,"gold_gain":0.0,"event_name":"Living Wall","player_choice":"Forget","floor":10.0,"gold_loss":0.0,"damage_taken":0.0},{"damage_healed":0.0,"max_hp_gain":0.0,"max_hp_loss":0.0,"gold_gain":0.0,"event_name":"Mushrooms","player_choice":"Fought Mushrooms","floor":11.0,"gold_loss":0.0,"damage_taken":0.0}],"is_beta":false,"boss_relics":[{"not_picked":["Velvet Choker","Runic Dome"],"picked":"Coffee Dripper"}],"items_purged_floors":[4],"is_endless":false,"potions_floor_spawned":[1,7,11,18,19,21],"killed_by":"Slavers","ascension_level":10}}