{"host":"4rvakrj1idbgia3f","time":1613035536,"event":{"mods":["BaseMod","Colored Map","Colored Powertips","DeckTracker","Highlight Path","Minty Spire (QoL Compilation)","Random Character Button","StSLib"],"gold_per_floor":[16,29,29,39,39,39,74,74,74,74,74,127,152,184,184,292,292,292,292,292,311,325,325,375,388,388,397,407,407,450,477,477,565,565,581,581,592,601,601,601,626,626,626,673,432,459,488,229,229,229,229,229],"floor_reached":51,"language":"JPN","playtime":29544,"items_purged":["Strike_P","Strike_P"],"score":1466,"play_id":"095b1464-94b9-447c-a27a-17e7ea4f1f87","local_time":"20210211182536","is_ascension_mode":true,"campfire_choices":[{"data":"Conclude","floor":6.0,"key":"SMITH"},{"data":"Thinking Ahead","floor":8.0,"key":"SMITH"},{"data":"Brilliance","floor":11.0,"key":"SMITH"},{"data":"TalkToTheHand","floor":15.0,"key":"SMITH"},{"data":"Devotion","floor":23.0,"key":"SMITH"},{"data":"WheelKick","floor":29.0,"key":"SMITH"},{"data":"Vigilance","floor":32.0,"key":"SMITH"},{"data":"EmptyFist","floor":40,"key":"SMITH"},{"data":"Judgement","floor":42,"key":"SMITH"},{"floor":49,"key":"RECALL"}],"circlet_count":0,"master_deck":["AscendersBane","Strike_P","Defend_P","Defend_P","Defend_P","Defend_P","Eruption+1","Vigilance+1","Thinking Ahead+1","CutThroughFate","Conclude+1","Adaptation","Brilliance+1","Protect","ClearTheMind","TalkToTheHand+1","Devotion+1","Evaluate+1","WheelKick+1","Worship","EmptyFist+1","Judgement+1","Dark Shackles","BowlingBash+1","Devotion"],"relics":["PureWater","Bloody Idol","Eternal Feather","StrikeDummy","Mercury Hourglass","CeramicFish","Runic Pyramid","Bag of Marbles","Thread and Needle","Coffee Dripper","Omamori","Damaru","ClockworkSouvenir","StoneCalendar"],"acts_visited":["Exordium","TheCity","TheBeyond"],"potions_floor_usage":[41,50],"damage_taken":[{"damage":1.0,"enemies":"2 Louse","floor":1.0,"turns":3.0},{"damage":0.0,"enemies":"Jaw Worm","floor":2.0,"turns":3.0},{"damage":0.0,"enemies":"Small Slimes","floor":4.0,"turns":1.0},{"damage":0.0,"enemies":"Lagavulin","floor":7.0,"turns":4.0},{"damage":3.0,"enemies":"3 Sentries","floor":12.0,"turns":2.0},{"damage":6.0,"enemies":"Blue Slaver","floor":13.0,"turns":3.0},{"damage":0.0,"enemies":"Large Slime","floor":14.0,"turns":2.0},{"damage":27.0,"enemies":"The Guardian","floor":16.0,"turns":10.0},{"damage":0.0,"enemies":"3 Byrds","floor":18.0,"turns":1.0},{"damage":9.0,"enemies":"2 Thieves","floor":21.0,"turns":2.0},{"damage":17.0,"enemies":"Centurion and Healer","floor":22.0,"turns":3.0},{"damage":1.0,"enemies":"Snecko","floor":25.0,"turns":3.0},{"damage":24.0,"enemies":"Chosen and Byrds","floor":28.0,"turns":7.0},{"damage":24.0,"enemies":"Book of Stabbing","floor":30.0,"turns":4.0},{"damage":0.0,"enemies":"Centurion and Healer","floor":31.0,"turns":3.0},{"damage":55.0,"enemies":"Collector","floor":33.0,"turns":7.0},{"damage":0,"enemies":"3 Shapes","floor":35,"turns":6},{"damage":0,"enemies":"3 Darklings","floor":37,"turns":2},{"damage":26,"enemies":"Reptomancer","floor":41,"turns":6},{"damage":7,"enemies":"Giant Head","floor":46,"turns":6},{"damage":0,"enemies":"Writhing Mass","floor":47,"turns":5},{"damage":36,"enemies":"Donu and Deca","floor":50,"turns":6},{"damage":22,"enemies":"Time Eater","floor":51,"turns":4}],"seed_played":"4458563124578402054","potions_obtained":[{"floor":2.0,"key":"Block Potion"},{"floor":13.0,"key":"SmokeBomb"},{"floor":14.0,"key":"FearPotion"},{"floor":22.0,"key":"DuplicationPotion"},{"floor":25.0,"key":"Weak Potion"},{"floor":28.0,"key":"StancePotion"},{"floor":33.0,"key":"PowerPotion"},{"floor":41,"key":"Dexterity Potion"},{"floor":46,"key":"SteroidPotion"}],"is_trial":false,"path_per_floor":["M","M","?","M","?","R","E","R","T","?","R","E","M","M","R","B",null,"M","?","?","M","M","R","?","M","T","?","M","R","E","M","R","B",null,"M","?","M","?","?","R","E","R","T","T","$","E","M","$","R","B","B"],"character_chosen":"WATCHER","items_purchased":["ClockworkSouvenir","Devotion"],"campfire_rested":0,"item_purchase_floors":[45,48],"current_hp_per_floor":[60,60,60,60,60,60,60,62,62,44,53,50,44,44,53,26,53,53,53,53,59,47,59,62,62,62,62,43,55,41,51,62,17,51,56,56,61,62,59,59,38,53,53,58,58,56,59,59,59,23,1,1],"gold":229,"neow_bonus":"RANDOM_COLORLESS_2","is_daily":false,"chose_seed":false,"campfire_upgraded":9,"win_rate":0.0,"timestamp":1613035536,"path_taken":["M","M","?","M","?","R","E","R","T","?","R","E","M","M","R","BOSS","M","?","?","M","M","R","?","?","T","?","?","R","E","M","R","BOSS","M","?","M","?","?","R","E","R","T","?","$","E","?","$","R","BOSS","BOSS"],"items_purchased_type":["Relic","Card"],"build_version":"2020-12-22","purchased_purges":2,"victory":false,"max_hp_per_floor":[68,68,68,68,62,62,62,62,62,62,62,62,62,62,62,62,62,62,62,62,62,62,62,62,62,62,62,62,62,62,62,62,62,62,62,62,62,62,59,59,59,59,59,59,59,59,59,59,59,59,59,59],"card_choices":[{"not_picked":["Sadistic Nature","Transmutation"],"picked":"Thinking Ahead","floor":0.0},{"not_picked":["CrushJoints","JustLucky"],"picked":"CutThroughFate","floor":1.0},{"not_picked":["Swivel","WaveOfTheHand"],"picked":"Conclude","floor":2.0},{"not_picked":["PathToVictory","FlyingSleeves"],"picked":"Adaptation","floor":4.0},{"not_picked":["Protect","Swivel"],"picked":"Brilliance","floor":7.0},{"not_picked":["SashWhip","Adaptation"],"picked":"Protect","floor":12.0},{"not_picked":["ThirdEye","PathToVictory"],"picked":"ClearTheMind","floor":13.0},{"not_picked":["Protect","FollowUp"],"picked":"TalkToTheHand","floor":14.0},{"not_picked":["Wish","Judgement"],"picked":"Devotion","floor":16.0},{"not_picked":["PathToVictory","Prostrate"],"picked":"Evaluate+1","floor":21.0},{"not_picked":["SandsOfTime","InnerPeace","Protect"],"picked":"SKIP","floor":22.0},{"not_picked":["EmptyMind","Study","Crescendo"],"picked":"SKIP","floor":25.0},{"not_picked":["Fasting2","FlyingSleeves","Crescendo+1"],"picked":"SKIP","floor":28.0},{"not_picked":["EmptyBody","Consecrate+1"],"picked":"Worship","floor":30.0},{"not_picked":["CarveReality","SandsOfTime"],"picked":"EmptyFist","floor":31.0},{"not_picked":["Alpha","ConjureBlade"],"picked":"Judgement","floor":33.0},{"not_picked":["CrushJoints","WreathOfFlame","Crescendo"],"picked":"SKIP","floor":35},{"not_picked":["ClearTheMind","CrushJoints","Halt"],"picked":"SKIP","floor":37},{"not_picked":["Thinking Ahead","Discovery"],"picked":"Dark Shackles","floor":38},{"not_picked":["ClearTheMind","CrushJoints","FollowUp"],"picked":"SKIP","floor":41},{"not_picked":["Study","JustLucky","FlurryOfBlows"],"picked":"SKIP","floor":46},{"not_picked":["EmptyFist+1","FollowUp"],"picked":"BowlingBash+1","floor":47}],"player_experience":2260182,"relics_obtained":[{"floor":7.0,"key":"Eternal Feather"},{"floor":9.0,"key":"StrikeDummy"},{"floor":12.0,"key":"CeramicFish"},{"floor":26.0,"key":"Bag of Marbles"},{"floor":30.0,"key":"Thread and Needle"},{"floor":41,"key":"Omamori"},{"floor":44,"key":"Damaru"},{"floor":46,"key":"StoneCalendar"}],"event_choices":[{"damage_healed":0.0,"max_hp_gain":0.0,"max_hp_loss":0.0,"gold_gain":0.0,"event_name":"Living Wall","player_choice":"Grow","floor":3.0,"gold_loss":0.0,"damage_taken":0.0,"cards_upgraded":["Eruption"]},{"damage_healed":0.0,"max_hp_gain":0.0,"max_hp_loss":6.0,"gold_gain":0.0,"event_name":"Golden Idol","player_choice":"Lose Max HP","floor":5.0,"gold_loss":0.0,"damage_taken":0.0,"relics_obtained":["Golden Idol"]},{"damage_healed":0.0,"max_hp_gain":0.0,"max_hp_loss":0.0,"gold_gain":0.0,"event_name":"Scrap Ooze","player_choice":"Success","floor":10.0,"gold_loss":0.0,"damage_taken":18.0,"relics_obtained":["Mercury Hourglass"]},{"damage_healed":0.0,"max_hp_gain":0.0,"max_hp_loss":0.0,"gold_gain":0.0,"event_name":"Forgotten Altar","player_choice":"Gave Idol","floor":19.0,"relics_lost":["Golden Idol"],"gold_loss":0.0,"damage_taken":0.0,"relics_obtained":["Bloody Idol"]},{"damage_healed":0.0,"max_hp_gain":0.0,"max_hp_loss":0.0,"gold_gain":0.0,"event_name":"Vampires","player_choice":"Ignored","floor":20.0,"gold_loss":0.0,"damage_taken":0.0},{"damage_healed":0.0,"max_hp_gain":0.0,"max_hp_loss":0.0,"gold_gain":100.0,"event_name":"The Joust","player_choice":"Bet on Murderer","floor":24.0,"gold_loss":50.0,"damage_taken":0.0},{"damage_healed":0.0,"max_hp_gain":0.0,"max_hp_loss":0.0,"gold_gain":0.0,"cards_transformed":["Strike_P"],"event_name":"Transmorgrifier","player_choice":"Transformed","floor":27.0,"gold_loss":0.0,"damage_taken":0.0,"cards_obtained":["WheelKick"]},{"damage_healed":0,"gold_gain":0,"player_choice":"Ignored","damage_taken":0,"max_hp_gain":0,"max_hp_loss":0,"event_name":"Tomb of Lord Red Mask","floor":36,"gold_loss":0},{"damage_healed":0,"gold_gain":0,"player_choice":"Memory 1","damage_taken":0,"max_hp_gain":0,"max_hp_loss":0,"event_name":"SensoryStone","floor":38,"gold_loss":0},{"damage_healed":0,"gold_gain":0,"player_choice":"Max HP","damage_taken":0,"max_hp_gain":0,"max_hp_loss":3,"event_name":"Winding Halls","floor":39,"gold_loss":0}],"is_beta":false,"boss_relics":[{"not_picked":["Velvet Choker","VioletLotus"],"picked":"Runic Pyramid"},{"not_picked":["SlaversCollar","Pandora\u0027s Box"],"picked":"Coffee Dripper"}],"items_purged_floors":[45,48],"is_endless":false,"potions_floor_spawned":[2,13,14,22,25,28,33,41,46,47],"killed_by":"Time Eater","ascension_level":20}}