{"host":"pwrib9jhixfykg8d","time":1613032719,"event":{"mods":["Act Like it!","Astrologer","BaseMod","Custom Start","Downfall","Gold Saver","GungeonMod","Hallownest","Hermit","Infinite Spire","Lobotomy","Luminous","Marisa£®ÏF”Í°°ƒß¿Ì…≥£©","Minty Spire (QoL Compilation)","Quick Restart","Reliquary","Replay The Spire","Shop Mod","StSLib","The Animator","The Bug Knight","The Jungle","Youmu£®ªÍ∆«—˝√Œ£©"],"gold_per_floor":[1105,1204,1219,1229,487,487,518,518,541,558,558,587,587,606,606,703,703,716,716,731,448,459,209,209,222,222,254,254,30,48,62,62,162,162,179,199,199,14,14,14],"floor_reached":39,"language":"ZHS","playtime":3402,"items_purged":["HollowMod:QuickDashStart","HollowMod:NailStrikeStart","Hallownest:curseDreamersLament"],"score":436,"play_id":"d7fef757-cc1c-42bf-a6ae-8ae7ff9a83bb","local_time":"20210211163839","is_ascension_mode":false,"campfire_choices":[{"data":"HollowMod:MantisMark","floor":6,"key":"SMITH"},{"data":"HollowMod:GrimmsGift","floor":11,"key":"SMITH"},{"data":"HollowMod:HuntersJournal","floor":24,"key":"SMITH"},{"data":"HollowMod:Weaversong","floor":32,"key":"SMITH"}],"circlet_count":0,"master_deck":["HollowMod:NailStrikeStart","HollowMod:NailStrikeStart","HollowMod:QuickDashStart","HollowMod:QuickDashStart","HollowMod:QuickDashStart","HollowMod:FocusHealStart+1","HollowMod:PogoStrike","HollowMod:HuntersJournal+1","HollowMod:PureNailStrike+1","HollowMod:HuntersJournal","HollowMod:GrimmsGift+1","HollowMod:MantisMark+1","HollowMod:HuntersJournal","HollowMod:MonomonsArchive","HollowMod:SoulStrike+1","HollowMod:SoulSplash","HollowMod:Weaversong+1","HollowMod:HerrahsAnger","HollowMod:CornifersMapStart","HollowMod:QuickDashStart","HollowMod:QuickDashStart"],"relics":["HollowMod:VesselMask","Turnip","White Beast Statue","Membership Card","infinitespire:Lychee Nut","Omamori","Replay:Bottled Snecko","Cursed Key","Simple Rune","Replay:Multitool","Hallownest:UnbreakableCardRelic","Matryoshka","MealTicket","Hallownest:WatcherSealRelic","DemoMod:GundromedaStrain","Lee\u0027s Waffle","Hallownest:BeastSealRelic","Bottled Tornado"],"acts_visited":["Hallownest:Greenpath","Hallownest:CityofTears","Hallownest:KingdomsEdge"],"potions_floor_usage":[7,12,16,33],"damage_taken":[{"damage":7,"enemies":"Hallownest:2_Tiktiks_and_1_Crawlid","floor":1,"turns":5},{"damage":4,"enemies":"Hallownest:monsterHuskGuard","floor":3,"turns":4},{"damage":7,"enemies":"Hallownest:2_MossCreeps","floor":4,"turns":6},{"damage":14,"enemies":"Hallownest:eliteCrystalGuardian","floor":7,"turns":5},{"damage":7,"enemies":"Hallownest:MossCreep_and_Mosskin","floor":10,"turns":3},{"damage":19,"enemies":"Hallownest:eliteMossKnight","floor":12,"turns":5},{"damage":0,"enemies":"Hallownest:monsterAspidMother","floor":13,"turns":2},{"damage":1,"enemies":"Hallownest:1_Ooma_and_2_Uuma","floor":14,"turns":5},{"damage":12,"enemies":"Hallownest:BossFalseKnight","floor":16,"turns":5},{"damage":10,"enemies":"Hallownest:3_Youths","floor":18,"turns":5},{"damage":14,"enemies":"Hallownest:Guard_and_Sentry","floor":20,"turns":5},{"damage":0,"enemies":"Hallownest:2_Husk_Sentries","floor":22,"turns":2},{"damage":4,"enemies":"Hallownest:Master_and_Novice","floor":25,"turns":3},{"damage":0,"enemies":"Hallownest:eliteSoulWarrior","floor":27,"turns":3},{"damage":0,"enemies":"Hallownest:monsterShrumalOgre","floor":30,"turns":2},{"damage":0,"enemies":"Hallownest:Warrior_and_Youth","floor":31,"turns":1},{"damage":16,"enemies":"Hallownest:BossMantisLord","floor":33,"turns":4},{"damage":8,"enemies":"Hallownest:Shield_Heavy","floor":35,"turns":4},{"damage":25,"enemies":"Hallownest:3_Siblings","floor":36,"turns":4}],"seed_played":"5883466705825109426","potions_obtained":[{"floor":3,"key":"champ:CounterPotion"},{"floor":7,"key":"Explosive Potion"},{"floor":10,"key":"Elixir"},{"floor":12,"key":"Reflective Coating"},{"floor":13,"key":"FearPotion"},{"floor":14,"key":"Regen Potion"},{"floor":16,"key":"Fire Potion"},{"floor":20,"key":"PowerPotion"},{"floor":31,"key":"PowerPotion"},{"floor":33,"key":"PowerPotion"}],"is_trial":false,"path_per_floor":["M","?","M","M","$","R","E","?","T","M","R","E","M","M","R","B",null,"M","?","M","$","M","?","R","M","T","E","?","$","M","M","R","B",null,"M","M","?","$","?"],"character_chosen":"THE_BUGKNIGHT","items_purchased":["Turnip","White Beast Statue","Membership Card","ColorlessPotion","Simple Rune","Replay:Multitool","DemoMod:GundromedaStrain","Lee\u0027s Waffle","Bottled Tornado"],"campfire_rested":0,"item_purchase_floors":[5,5,5,5,21,21,29,29,38],"current_hp_per_floor":[74,56,58,61,61,61,53,53,53,49,49,36,39,44,56,47,56,49,49,49,49,52,52,52,56,56,56,56,63,63,63,63,50,63,62,47,47,62,62,62],"gold":14,"neow_bonus":"UPGRADE_CARD","is_daily":false,"chose_seed":false,"campfire_upgraded":4,"win_rate":0.0,"timestamp":1613032719,"path_taken":["M","?","?","M","$","R","E","?","T","M","R","E","M","M","R","BOSS","M","?","M","$","M","?","R","M","T","E","?","$","M","M","R","BOSS","M","M","?","$","?"],"items_purchased_type":["Relic","Relic","Relic","Potion","Relic","Relic","Relic","Relic","Relic"],"build_version":"2020-12-22","purchased_purges":3,"victory":false,"max_hp_per_floor":[75,75,75,75,75,75,56,56,56,56,56,56,56,56,56,56,56,56,56,56,56,56,56,56,56,56,56,56,63,63,63,63,63,63,63,63,63,63,63,63],"card_choices":[{"not_picked":["HollowMod:NewLittleFool","HollowMod:Grubsong"],"picked":"HollowMod:HuntersJournal","floor":1},{"not_picked":["HollowMod:MonarchWings","HollowMod:Grubsong"],"picked":"HollowMod:PureNailStrike","floor":2},{"not_picked":["HollowMod:LifebloodCocoon","HollowMod:CloakDash"],"picked":"HollowMod:HuntersJournal","floor":2},{"not_picked":["HollowMod:BaldurShell","HollowMod:LifebloodCocoon"],"picked":"HollowMod:GrimmsGift","floor":2},{"not_picked":["HollowMod:SiblingsShadow","HollowMod:LuriensSpire","HollowMod:ShadowDash"],"picked":"SKIP","floor":3},{"not_picked":["HollowMod:VengefulVoid","HollowMod:InfectedAttack"],"picked":"HollowMod:MantisMark","floor":4},{"not_picked":["HollowMod:DreamGate","HollowMod:CoiledNail"],"picked":"HollowMod:HuntersJournal","floor":7},{"not_picked":["HollowMod:MonarchWings","HollowMod:DoubleDash","HollowMod:FastStrike"],"picked":"SKIP","floor":10},{"not_picked":["HollowMod:GrimmsGift","HollowMod:InfectedAttack"],"picked":"HollowMod:AwokenDreamNail","floor":12},{"not_picked":["HollowMod:MonarchWings","HollowMod:ShadowDash"],"picked":"HollowMod:MonomonsArchive","floor":13},{"not_picked":["HollowMod:DashSlash","HollowMod:SiblingsSouls","HollowMod:NewLittleFool"],"picked":"SKIP","floor":14},{"not_picked":["HollowMod:VoidDash","HollowMod:LordofShades"],"picked":"HollowMod:PaleKingsBlessing","floor":16},{"not_picked":["HollowMod:HeavyBlow","HollowMod:NewLittleFool"],"picked":"HollowMod:SoulStrike+1","floor":18},{"not_picked":["HollowMod:MonarchWings","HollowMod:BlackTendrils"],"picked":"HollowMod:SoulSplash","floor":20},{"not_picked":["HollowMod:HeavyBlow","HollowMod:SoulSplash","HollowMod:ChannelNail"],"picked":"SKIP","floor":22},{"not_picked":["HollowMod:VengefulVoid+1","HollowMod:GrimmsGift","HollowMod:GoodIntentions"],"picked":"SKIP","floor":25},{"not_picked":["HollowMod:WraithStrike","HollowMod:TaintedHusks","HollowMod:DreamGate"],"picked":"SKIP","floor":27},{"not_picked":["HollowMod:InfectedCysts","HollowMod:NewLittleFool"],"picked":"HollowMod:Weaversong","floor":30},{"not_picked":["HollowMod:SiblingsShadow","HollowMod:DesolateDive","HollowMod:SiblingsSouls"],"picked":"SKIP","floor":31},{"not_picked":["HollowMod:RadiancesLament","HollowMod:VoidDash"],"picked":"HollowMod:HerrahsAnger","floor":33},{"not_picked":["HollowMod:LifebloodCocoon","HollowMod:MonarchWings+1","HollowMod:SoulSplash+1"],"picked":"SKIP","floor":35},{"not_picked":["HollowMod:CloakDash+1","HollowMod:SoulStrike"],"picked":"HollowMod:CornifersMapStart","floor":36}],"player_experience":335353,"relics_obtained":[{"floor":7,"key":"infinitespire:Lychee Nut"},{"floor":9,"key":"Omamori"},{"floor":12,"key":"Replay:Bottled Snecko"},{"floor":26,"key":"Matryoshka"},{"floor":27,"key":"MealTicket"}],"event_choices":[],"is_beta":false,"boss_relics":[{"not_picked":["reliquary:WritOfMandamus","ChewingGum"],"picked":"Cursed Key"},{"not_picked":["Philosopher\u0027s Stone","Busted Crown","Replay:Bronze Core"]}],"items_purged_floors":[5,21,38],"is_endless":false,"potions_floor_spawned":[3,7,10,12,13,14,16,18,20,22,25,27,30,31,33,35,36],"ascension_level":0}}