{"host":"mvk4cyf8p31hksyn","time":1613043530,"event":{"mods":["BaseMod","Block Reminder","Colored Map","Highlight Path","Minty Spire (QoL Compilation)","Relic Sorter"],"gold_per_floor":[111,111,111,128,53,83,93,93,93,93,111,143,143,153,153,257,257,272,272,283,40,40,40,40,40,65,92,92,124,139,64,64,162,162,175,175,175,30,40,67,67,82,137,137,154,187,187,14,14,14,14,14,14,42,42],"floor_reached":56,"language":"ENG","playtime":2304,"items_purged":["Strike_R"],"score":1579,"play_id":"9aa7fb44-8e14-471e-a8ff-90476c9c962f","local_time":"20210211123850","is_ascension_mode":true,"campfire_choices":[{"data":"Whirlwind","floor":8,"key":"SMITH"},{"floor":10,"key":"DIG"},{"floor":13,"key":"DIG"},{"floor":15,"key":"DIG"},{"data":"Apotheosis","floor":23,"key":"SMITH"},{"floor":25,"key":"DIG"},{"floor":32,"key":"DIG"},{"floor":41,"key":"DIG"},{"floor":44,"key":"DIG"},{"floor":49,"key":"RECALL"},{"floor":52,"key":"DIG"}],"circlet_count":0,"master_deck":["Strike_R","Defend_R","Defend_R","Defend_R","Defend_R","Bash+1","Headbutt","Whirlwind+1","Double Tap","Fiend Fire","True Grit","Apotheosis+1","Dual Wield","Rage","Offering","Feel No Pain","Barricade","Pommel Strike+1","Exhume","Impatience","Trip","Deep Breath","Inflame"],"relics":["Burning Blood","Pocketwatch","Happy Flower","Kunai","Shovel","Anchor","Akabeko","Vajra","Orichalcum","Self Forming Clay","Runic Pyramid","Lantern","Bag of Preparation","Molten Egg 2","Paper Frog","Blood Vial","Fusion Hammer","Medical Kit","Dream Catcher","Mummified Hand","Regal Pillow","Bag of Marbles","Membership Card","Bottled Lightning"],"acts_visited":["Exordium","TheCity","TheBeyond","TheEnding"],"potions_floor_usage":[16,55,55],"damage_taken":[{"damage":6,"enemies":"Cultist","floor":1,"turns":3},{"damage":1,"enemies":"2 Louse","floor":4,"turns":3},{"damage":31,"enemies":"3 Sentries","floor":6,"turns":5},{"damage":1,"enemies":"Small Slimes","floor":7,"turns":2},{"damage":0,"enemies":"Gremlin Gang","floor":11,"turns":1},{"damage":27,"enemies":"Gremlin Nob","floor":12,"turns":4},{"damage":0,"enemies":"Red Slaver","floor":14,"turns":2},{"damage":0,"enemies":"Slime Boss","floor":16,"turns":5},{"damage":12,"enemies":"Shell Parasite","floor":18,"turns":3},{"damage":0,"enemies":"Chosen","floor":20,"turns":2},{"damage":0,"enemies":"Gremlin Leader","floor":27,"turns":3},{"damage":15,"enemies":"Book of Stabbing","floor":29,"turns":3},{"damage":0,"enemies":"Centurion and Healer","floor":30,"turns":2},{"damage":55,"enemies":"Champ","floor":33,"turns":7},{"damage":0,"enemies":"3 Shapes","floor":35,"turns":1},{"damage":0,"enemies":"3 Darklings","floor":39,"turns":1},{"damage":31,"enemies":"Reptomancer","floor":40,"turns":5},{"damage":0,"enemies":"Transient","floor":42,"turns":5},{"damage":2,"enemies":"4 Shapes","floor":45,"turns":1},{"damage":6,"enemies":"Nemesis","floor":46,"turns":3},{"damage":6,"enemies":"Donu and Deca","floor":50,"turns":3},{"damage":28,"enemies":"Shield and Spear","floor":54,"turns":5},{"damage":58,"enemies":"The Heart","floor":55,"turns":15}],"seed_played":"473073225762204831","potions_obtained":[{"floor":4,"key":"GamblersBrew"},{"floor":7,"key":"Strength Potion"},{"floor":14,"key":"EssenceOfSteel"},{"floor":16,"key":"LiquidBronze"},{"floor":20,"key":"LiquidMemories"},{"floor":29,"key":"Ancient Potion"}],"is_trial":false,"path_per_floor":["M","?","?","M","$","E","M","R","T","R","M","E","R","M","R","B",null,"M","?","M","$","$","R","$","R","T","E","?","E","M","?","R","B",null,"M","?","?","$","M","E","R","M","T","R","M","E","?","$","R","B",null,"R","$","E","B",null],"character_chosen":"IRONCLAD","items_purchased":["Apotheosis","Dual Wield","Medical Kit","Membership Card","Inflame"],"campfire_rested":0,"item_purchase_floors":[21,21,38,48,48],"current_hp_per_floor":[80,62,62,67,67,42,47,47,47,47,53,32,32,38,38,44,80,74,74,80,80,80,80,80,80,80,80,80,71,77,77,77,30,80,80,80,80,80,80,55,55,63,63,63,69,71,61,61,61,63,80,80,80,58,8],"gold":42,"neow_bonus":"UPGRADE_CARD","is_daily":false,"chose_seed":false,"campfire_upgraded":2,"win_rate":0.0,"timestamp":1613043530,"path_taken":["M","?","?","?","$","E","?","R","T","R","M","E","R","M","R","BOSS","M","?","?","?","$","R","$","R","T","E","?","E","?","?","R","BOSS","M","?","?","$","M","E","R","M","T","R","?","E","?","?","R","BOSS","R","$","E","BOSS"],"items_purchased_type":["Card","Card","Relic","Relic","Card"],"build_version":"2020-12-22","purchased_purges":1,"victory":true,"max_hp_per_floor":[80,80,80,80,80,80,80,80,80,80,80,80,80,80,80,80,80,80,80,80,80,80,80,80,80,80,80,80,80,80,80,80,80,80,80,80,80,80,80,80,80,80,80,80,80,80,80,80,80,80,80,80,80,80,80],"card_choices":[{"not_picked":["Clothesline","Thunderclap"],"picked":"Headbutt","floor":1},{"not_picked":["Sword Boomerang","Clash"],"picked":"Whirlwind","floor":4},{"not_picked":["Headbutt","Flame Barrier","Metallicize"],"picked":"SKIP","floor":6},{"not_picked":["Flex","Heavy Blade","Pummel"],"picked":"SKIP","floor":7},{"not_picked":["Twin Strike","Rupture","Cleave"],"picked":"SKIP","floor":11},{"not_picked":["Heavy Blade","Ghostly Armor","Flex"],"picked":"SKIP","floor":12},{"not_picked":["Intimidate","Clothesline"],"picked":"Double Tap","floor":14},{"not_picked":["Berserk","Double Tap"],"picked":"Fiend Fire","floor":16},{"not_picked":["Havoc","Body Slam+1"],"picked":"True Grit","floor":18},{"not_picked":["Battle Trance","Uppercut","Thunderclap"],"picked":"SKIP","floor":20},{"not_picked":["Battle Trance","Uppercut","Thunderclap"],"picked":"SKIP","floor":20},{"not_picked":["Uppercut","Evolve"],"picked":"Rage","floor":27},{"not_picked":["Power Through","Battle Trance","Sword Boomerang+1"],"picked":"SKIP","floor":29},{"not_picked":["Battle Trance","Shrug It Off","Cleave+1"],"picked":"SKIP","floor":30},{"not_picked":["Berserk","Exhume"],"picked":"Offering","floor":33},{"not_picked":["True Grit","Heavy Blade+1"],"picked":"Feel No Pain","floor":35},{"not_picked":["Bloodletting","Flame Barrier+1","Searing Blow+1"],"picked":"SKIP","floor":39},{"not_picked":["Rage","Pommel Strike+1"],"picked":"Barricade","floor":40},{"not_picked":["Iron Wave+1","Havoc+1"],"picked":"Pommel Strike+1","floor":42},{"not_picked":["Iron Wave+1","Shrug It Off+1","Battle Trance+1"],"picked":"SKIP","floor":45},{"not_picked":["Rupture","Second Wind+1"],"picked":"Exhume","floor":46},{"not_picked":["Panacea","Violence"],"picked":"Impatience","floor":47},{"not_picked":["Mayhem","Dark Shackles"],"picked":"Trip","floor":47},{"not_picked":["Good Instincts","Dramatic Entrance+1"],"picked":"Deep Breath","floor":47},{"not_picked":["Headbutt+1","Perfected Strike+1","Intimidate"],"picked":"SKIP","floor":54}],"player_experience":844838,"relics_obtained":[{"floor":6,"key":"Anchor"},{"floor":9,"key":"Pocketwatch"},{"floor":10,"key":"Akabeko"},{"floor":12,"key":"Vajra"},{"floor":13,"key":"Orichalcum"},{"floor":15,"key":"Self Forming Clay"},{"floor":25,"key":"Lantern"},{"floor":26,"key":"Happy Flower"},{"floor":27,"key":"Bag of Preparation"},{"floor":29,"key":"Paper Frog"},{"floor":32,"key":"Blood Vial"},{"floor":40,"key":"Dream Catcher"},{"floor":41,"key":"Mummified Hand"},{"floor":44,"key":"Regal Pillow"},{"floor":46,"key":"Bag of Marbles"},{"floor":52,"key":"Kunai"},{"floor":54,"key":"Bottled Lightning"}],"event_choices":[{"damage_healed":0,"gold_gain":0,"player_choice":"Success","damage_taken":18,"relics_obtained":["Shovel"],"max_hp_gain":0,"max_hp_loss":0,"event_name":"Scrap Ooze","floor":2,"gold_loss":0},{"damage_healed":0,"gold_gain":0,"player_choice":"Ignored","damage_taken":0,"max_hp_gain":0,"max_hp_loss":0,"event_name":"NoteForYourself","floor":3,"gold_loss":0},{"cards_removed":["Strike_R"],"damage_healed":0,"gold_gain":0,"player_choice":"Purged","damage_taken":0,"max_hp_gain":0,"max_hp_loss":0,"event_name":"Purifier","floor":19,"gold_loss":0},{"damage_healed":0,"gold_gain":0,"player_choice":"Gave Potion","damage_taken":0,"relics_obtained":["Molten Egg 2"],"max_hp_gain":0,"max_hp_loss":0,"event_name":"WeMeetAgain","floor":28,"gold_loss":0},{"cards_removed":["Strike_R"],"damage_healed":0,"gold_gain":0,"player_choice":"Gave Gold","damage_taken":0,"max_hp_gain":0,"max_hp_loss":0,"event_name":"Beggar","floor":31,"gold_loss":75},{"damage_healed":0,"gold_gain":0,"player_choice":"Ignored","damage_taken":0,"max_hp_gain":0,"max_hp_loss":0,"event_name":"Tomb of Lord Red Mask","floor":36,"gold_loss":0},{"cards_removed":["Strike_R"],"damage_healed":0,"gold_gain":0,"player_choice":"Purged","damage_taken":0,"max_hp_gain":0,"max_hp_loss":0,"event_name":"Purifier","floor":37,"gold_loss":0},{"damage_healed":0,"gold_gain":0,"player_choice":"Memory 3","damage_taken":10,"max_hp_gain":0,"max_hp_loss":0,"event_name":"SensoryStone","floor":47,"gold_loss":0}],"is_beta":false,"boss_relics":[{"not_picked":["Snecko Eye","Runic Dome"],"picked":"Runic Pyramid"},{"not_picked":["Tiny House","SlaversCollar"],"picked":"Fusion Hammer"}],"items_purged_floors":[5],"is_endless":false,"potions_floor_spawned":[4,7,14,16,20,29,30,35,45],"ascension_level":1}}