{"host":"zoyu9oa60f8m99tp","time":1613026193,"event":{"mods":["Act Like it!","BaseMod","Colored Map","Gensokyo","Good Game Mod","Minty Spire (QoL Compilation)","Reimu£®≤©¿ˆ¡È√Œ£©","Shop Mod","StSLib"],"gold_per_floor":[119,119,139,156,156,183,200,200,200,220,236,236,14,30,30,129,129,148,148,158,158,169,169,0,0,27,27,27,27,27,27,27,27,27],"floor_reached":33,"language":"ZHS","playtime":1425,"items_purged":[],"score":245,"play_id":"e6a19469-1f00-4ac5-a8d2-7bdc5482e22c","local_time":"20210211144953","is_ascension_mode":false,"campfire_choices":[{"data":"MikOfLucky:ReiMu","floor":8,"key":"SMITH"},{"floor":15,"key":"REST"},{"data":"NineCharacters:ReiMu","floor":23,"key":"SMITH"},{"data":"FoulBorder2:ReiMu","floor":30,"key":"SMITH"},{"floor":32,"key":"REST"}],"circlet_count":0,"master_deck":["Strike_Lin:ReiMu+1","Strike_Lin:ReiMu","Strike_Lin:ReiMu+1","Strike_Lin:ReiMu","Defend_Lin:ReiMu","Defend_Lin:ReiMu","Defend_Lin:ReiMu+1","Defend_Lin:ReiMu","NB:ReiMu","Stagnation:ReiMu","FoulBorder2:ReiMu+1","CareerPray:ReiMu","MikOfLucky:ReiMu+1","SealNeedle:ReiMu","Conquer:ReiMu","UniversalSpiritual:ReiMu+1","Meditation:ReiMu","SubcavityInstant:ReiMu","FantasyMoon:ReiMu","Dreaming:ReiMu","Enchanting:ReiMu+1","Free:ReiMu","NineCharacters:ReiMu+1","Shame","Meditation:ReiMu","SpreadBorder2:ReiMu+1","Gensokyo:SlitMouthedWoman"],"relics":["ShineYinYang:ReiMu","REME:ComplimentaryCards","Thread and Needle","Pen Nib","Question Card","Sling","Boot","Meat on the Bone"],"acts_visited":["Exordium","Gensokyo:Gensokyo"],"potions_floor_usage":[6,22,33,33],"damage_taken":[{"damage":0,"enemies":"Gensokyo:Python","floor":1,"turns":5},{"damage":0,"enemies":"Gensokyo:2_Kodama","floor":3,"turns":6},{"damage":0,"enemies":"Gensokyo:Gryphon","floor":4,"turns":4},{"damage":6,"enemies":"Gensokyo:Aya","floor":6,"turns":10},{"damage":10,"enemies":"Gensokyo:5_Fairies","floor":7,"turns":5},{"damage":3,"enemies":"Gensokyo:Gryphon_and_Rabbit","floor":10,"turns":7},{"damage":7,"enemies":"Gensokyo:2_Rabbits","floor":11,"turns":4},{"damage":5,"enemies":"Gensokyo:LivingMonolith","floor":14,"turns":6},{"damage":14,"enemies":"Gensokyo:Kokoro","floor":16,"turns":11},{"damage":5,"enemies":"Gensokyo:Chomper","floor":18,"turns":8},{"damage":3,"enemies":"Gensokyo:AngelMirror","floor":20,"turns":6},{"damage":26,"enemies":"Gensokyo:Slime_Group","floor":22,"turns":6},{"damage":78,"enemies":"Gensokyo:Eternal_Rivals","floor":33,"turns":7}],"seed_played":"1059443065852910253","potions_obtained":[{"floor":3,"key":"PowerPotion"},{"floor":4,"key":"SmokeBomb"},{"floor":7,"key":"SpeedPotion"},{"floor":14,"key":"FearPotion"},{"floor":18,"key":"Fire Potion"},{"floor":22,"key":"EssenceOfSteel"}],"is_trial":false,"path_per_floor":["M","?","M","M","?","E","M","R","T","M","M","?","$","M","R","B",null,"M","?","M","?","M","R","?","$","T","?","$","$","R","?","R","B"],"character_chosen":"REIMU","items_purchased":["Dreaming:ReiMu","Sling"],"campfire_rested":2,"item_purchase_floors":[13,13],"current_hp_per_floor":[59,59,59,59,59,53,43,43,43,40,33,33,33,28,45,31,59,54,54,51,51,25,25,25,25,25,25,25,25,25,25,40,0,0],"gold":27,"neow_bonus":"ONE_RARE_RELIC","is_daily":false,"chose_seed":false,"campfire_upgraded":3,"win_rate":0.0,"timestamp":1613026193,"path_taken":["M","?","M","?","?","E","M","R","T","M","M","?","$","M","R","BOSS","M","?","?","?","M","R","?","?","T","?","?","$","R","?","R","BOSS"],"items_purchased_type":["Card","Relic"],"build_version":"2020-12-22","purchased_purges":0,"victory":false,"max_hp_per_floor":[59,59,59,59,59,59,59,59,59,59,59,59,59,59,59,59,59,59,59,59,59,59,59,59,59,59,54,54,54,54,50,50,50,50],"card_choices":[{"not_picked":["Amulet:ReiMu","KamiSacrifice:ReiMu"],"picked":"FoulBorder2:ReiMu","floor":1},{"not_picked":["BarrageOfMoneybags:ReiMu","OrbThrow:ReiMu"],"picked":"CareerPray:ReiMu","floor":2},{"not_picked":["Amulet:ReiMu","OrbThrow:ReiMu"],"picked":"MikOfLucky:ReiMu","floor":2},{"not_picked":["CareerPray:ReiMu","Enchanting:ReiMu"],"picked":"SealNeedle:ReiMu","floor":3},{"not_picked":["NineCharacters:ReiMu","YinYangSign:ReiMu"],"picked":"Conquer:ReiMu","floor":4},{"not_picked":["Amulet:ReiMu","WonderfulDomain:ReiMu"],"picked":"UniversalSpiritual:ReiMu","floor":6},{"not_picked":["AlertArray:ReiMu","SpreadBorder2:ReiMu"],"picked":"Meditation:ReiMu","floor":7},{"not_picked":["Shading:ReiMu","SpreadBorder2:ReiMu","WonderfulDomain:ReiMu"],"picked":"SubcavityInstant:ReiMu","floor":10},{"not_picked":["LovePray:ReiMu","SpreadBorder2:ReiMu","TakeOff:ReiMu"],"picked":"FantasyMoon:ReiMu","floor":11},{"not_picked":["Amulet:ReiMu","FineLineFantasy:ReiMu","WonderfulDomain:ReiMu"],"picked":"Enchanting:ReiMu","floor":14},{"not_picked":["RunawayExorcism:ReiMu","CleanRite:ReiMu","OctopathSalyBorderN:ReiMu"],"picked":"Free:ReiMu","floor":16},{"not_picked":["EmergencyTakeOff:ReiMu","WonderfulDomain:ReiMu","FantasyMoon:ReiMu"],"picked":"NineCharacters:ReiMu","floor":18},{"not_picked":["NineCharacters:ReiMu","AirStrike:ReiMu+1","UpKicking:ReiMu"],"picked":"Meditation:ReiMu","floor":20},{"not_picked":["FantasyBorder:ReiMu","Meditation:ReiMu","FoulBorder2:ReiMu"],"picked":"SpreadBorder2:ReiMu+1","floor":22},{"not_picked":["Gensokyo:MonkeysPaw","Gensokyo:LochNessMonster","Gensokyo:ManorOfTheDishes"],"picked":"Gensokyo:SlitMouthedWoman","floor":27}],"player_experience":10857,"relics_obtained":[{"floor":6,"key":"Pen Nib"},{"floor":9,"key":"Question Card"},{"floor":26,"key":"Boot"}],"event_choices":[],"is_beta":false,"boss_relics":[{"not_picked":["Velvet Choker","RedLine:ReiMu"],"picked":"ShineYinYang:ReiMu"}],"items_purged_floors":[],"is_endless":false,"potions_floor_spawned":[3,4,7,14,18,22],"killed_by":"Gensokyo:Eternal_Rivals","ascension_level":0}}