{"host":"ji2m2homzj81ljx9","time":1613075456,"event":{"mods":["BaseMod","Bossed Relics","Colored Map","Colored Powertips","Defuse TimeMaze Blight","Downfall","Infinite Spire","Minty Spire (QoL Compilation)","Quick Restart","Relic Stats","Remove Card Discount Mod","Replay The Spire","Shop Mod","StSLib"],"gold_per_floor":[109,184,184,30,42,42,42,42,67,83,83,93,91,109,109,212,212,226,226,236,236,236,236],"floor_reached":22,"language":"ENG","playtime":396,"items_purged":["Strike_R","Voices"],"score":174,"play_id":"5a9cab09-9e5e-47b0-9781-9978542a612f","local_time":"20210211223056","is_ascension_mode":false,"campfire_choices":[{"data":"Cleave","floor":6,"key":"SMITH"},{"floor":8,"key":"RECALL"},{"data":"Bash","floor":11,"key":"SMITH"},{"data":"Defend_R","floor":15,"key":"SMITH"}],"circlet_count":0,"master_deck":["Strike_R","Strike_R","Strike_R","Strike_R","Defend_R+1","Defend_R","Defend_R","Defend_R","Bash+1","Cleave+1"],"relics":["Burning Blood","NeowsBlessing","Vajra","Blood Vial","Astrolabe","ReplayTheSpireMod:Ring of Exchange","Ring of Searing","Black Star","Mango"],"acts_visited":["Exordium","TheCity"],"potions_floor_usage":[16,16],"damage_taken":[{"damage":0,"enemies":"Jaw Worm","floor":1,"turns":1},{"damage":0,"enemies":"Small Slimes","floor":5,"turns":1},{"damage":0,"enemies":"2 Louse","floor":10,"turns":1},{"damage":0,"enemies":"Gremlin Gang","floor":12,"turns":4},{"damage":0,"enemies":"Large Slime","floor":14,"turns":4},{"damage":25,"enemies":"Slime Boss","floor":16,"turns":5},{"damage":10,"enemies":"3 Byrds","floor":18,"turns":5},{"damage":24,"enemies":"2 Thieves","floor":20,"turns":3},{"damage":0,"enemies":"Shelled Parasite and Fungi","floor":22,"turns":1}],"seed_played":"-5751437326783102705","potions_obtained":[{"floor":10,"key":"Fire Potion"},{"floor":12,"key":"champ:CounterPotion"},{"floor":14,"key":"Guardian:BlockOnCardUsePotion"},{"floor":20,"key":"Dexterity Potion"}],"is_trial":false,"path_per_floor":["M","?","?","$","M","R","$","R","T","M","R","M","$","M","R","B",null,"M","?","M","AVR","M"],"character_chosen":"IRONCLAD","items_purchased":["Vajra"],"campfire_rested":0,"item_purchase_floors":[4],"current_hp_per_floor":[80,69,69,69,75,75,75,75,75,80,80,80,80,80,80,61,80,76,76,60,74,76,76],"gold":236,"neow_bonus":"THREE_ENEMY_KILL","is_daily":false,"chose_seed":false,"campfire_upgraded":3,"win_rate":0.0,"timestamp":1613075456,"path_taken":["M","?","?","$","M","R","?","R","T","M","R","M","$","M","R","BOSS","M","?","M","AVR","M"],"items_purchased_type":["Relic"],"build_version":"2020-12-22","purchased_purges":2,"victory":false,"max_hp_per_floor":[80,80,80,80,80,80,80,80,80,80,80,80,80,80,80,80,80,80,80,80,94,94,94],"relic_stats":{"Blood Vial":6,"counters":[9,25],"Astrolabe":[],"Black Star":0,"obtain_stats":[{"Blood Vial":9,"ReplayTheSpireMod:Ring of Exchange":19,"NeowsBlessing":0,"Astrolabe":17,"Vajra":4,"Mango":21,"Black Star":21,"Burning Blood":0,"Ring of Searing":19},{"Blood Vial":2,"ReplayTheSpireMod:Ring of Exchange":7,"NeowsBlessing":0,"Astrolabe":6,"Vajra":1,"Mango":8,"Black Star":8,"Burning Blood":0,"Ring of Searing":7},{"Blood Vial":2,"ReplayTheSpireMod:Ring of Exchange":21,"NeowsBlessing":0,"Astrolabe":16,"Vajra":1,"Mango":24,"Black Star":24,"Burning Blood":0,"Ring of Searing":21}],"Burning Blood":27},"card_choices":[{"not_picked":["Iron Wave","Dark Embrace","Thunderclap"],"picked":"SKIP","floor":1},{"not_picked":["Carnage","Anger"],"picked":"Cleave","floor":5},{"not_picked":["ReplayTheSpireMod:Strike From Hell","True Grit","Entrench"],"picked":"SKIP","floor":10},{"not_picked":["Clash","Iron Wave","Replay:Undeath\u0027s Touch"],"picked":"SKIP","floor":12},{"not_picked":["Impervious","Sever Soul","Warcry"],"picked":"SKIP","floor":14},{"not_picked":["Warcry","Wild Strike","Pommel Strike"],"picked":"SKIP","floor":18},{"not_picked":["Anger+1","Cleave+1","True Grit"],"picked":"SKIP","floor":20}],"player_experience":1135839,"relics_obtained":[{"floor":9,"key":"Blood Vial"},{"floor":19,"key":"ReplayTheSpireMod:Ring of Exchange"},{"floor":19,"key":"Ring of Searing"}],"event_choices":[{"damage_healed":0,"gold_gain":75,"player_choice":"Gather Gold","damage_taken":11,"max_hp_gain":0,"max_hp_loss":0,"event_name":"World of Goop","floor":2,"gold_loss":0},{"damage_healed":0,"gold_gain":0,"player_choice":"Leave","damage_taken":0,"max_hp_gain":0,"max_hp_loss":0,"event_name":"The Cleric","floor":3,"gold_loss":0}],"is_beta":false,"boss_relics":[{"not_picked":["Philosopher\u0027s Stone","Honey Jar"],"picked":"Astrolabe"}],"items_purged_floors":[13,21],"is_endless":false,"potions_floor_spawned":[10,12,14,20],"killed_by":"Shelled Parasite and Fungi","ascension_level":0}}