{"host":"ig9h5mtrygw4gu9r","time":1613010784,"event":{"mods":["2.2 Compatiblity","AchievementEnabler","BaseMod","Bestiary","Infinite Spire","Minty Spire (QoL Compilation)","Relic Stats","Replay The Spire","StSLib","The Servant 0.9.4"],"gold_per_floor":[110,130,55,66,82,107,118,118,118,393,407,441,289,302,302,407,407,423,440,460,460,476,506,413,444,444,844,844,844,854,864,864,965,965,980,991,1001,803,820,820,847,847,847,867,35,35,62,62,62,62],"floor_reached":51,"language":"ENG","playtime":4699,"items_purged":["Strike_S","ForgedInTime","Regret"],"score":722,"play_id":"371e44ea-04f0-488f-845d-75474ca9e828","local_time":"20210210183304","is_ascension_mode":true,"campfire_choices":[{"data":"MoonPhase","floor":8,"key":"SMITH"},{"data":"Solidify","floor":15,"key":"SMITH"},{"data":"ReplayTheSpireMod:Echoes of Time","floor":28,"key":"SMITH"},{"floor":32,"key":"REST"},{"data":"Initiator","floor":40,"key":"SMITH"},{"data":"TheWorld","floor":42,"key":"SMITH"},{"data":"Jack Of All Trades","floor":46,"key":"SMITH"},{"data":"BestPractice","floor":49,"key":"SMITH"}],"circlet_count":0,"master_deck":["KidneyShot","Exchange","FastForward","MoonPhase+1","SpecialFormula","BestPractice+1","Unruled","BottledTime","Solidify+1","Unruled","Solidify","Defy","DoubleEdge","ReplayTheSpireMod:Echoes of Time+1","Spin","Flash of Steel","SpecialFormula","WasteNot","MurderousAura","Solidify","Luminosity","ReturningBlade","Initiator+1","Shuttle+1","Jack Of All Trades+1","TheWorld+1","Spin","Flash of Steel","BestPractice"],"relics":["Uniform","NeowsBlessing","White Beast Statue","CaptainsWheel","infinitespire:Bottled Soul","Lee\u0027s Waffle","Empty Cage","Black Star","Frozen Eye","Kunai","Replay:Baseball","Nunchaku","Singing Bowl","Ginger","Old Coin","KneeBrace","Pandora\u0027s Box","Unceasing Top","Bottled Flame","infinitespire:ShieldingShard","Letter Opener","infinitespire:Broken Mirror","infinitespire:Golems Mask","Replay:Bottled Flurry"],"acts_visited":["Exordium","TheCity","TheBeyond"],"potions_floor_usage":[12,16,16,16,19,20,22,23,23,23,23,23,23,23,27,33,33,33,41,50],"damage_taken":[{"damage":0,"enemies":"infinitespire:Voidling","floor":1,"turns":1},{"damage":0,"enemies":"Cultist","floor":2,"turns":1},{"damage":0,"enemies":"2 Louse","floor":4,"turns":1},{"damage":7,"enemies":"Large Slime","floor":5,"turns":9},{"damage":40,"enemies":"Replay:BlueRogue","floor":6,"turns":11},{"damage":8,"enemies":"Exordium Wildlife","floor":7,"turns":5},{"damage":13,"enemies":"Red Slaver","floor":11,"turns":5},{"damage":19,"enemies":"Gremlin Nob","floor":12,"turns":6},{"damage":3,"enemies":"Exordium Thugs","floor":14,"turns":6},{"damage":62,"enemies":"Hexaghost","floor":16,"turns":15},{"damage":22,"enemies":"Shell Parasite","floor":18,"turns":10},{"damage":9,"enemies":"3 Byrds","floor":19,"turns":3},{"damage":28,"enemies":"3 Cultists","floor":20,"turns":5},{"damage":20,"enemies":"Centurion and Healer","floor":22,"turns":5},{"damage":10,"enemies":"Gremlin Leader","floor":23,"turns":5},{"damage":21,"enemies":"Replay:Snechameleon","floor":25,"turns":4},{"damage":17,"enemies":"Colosseum Slavers","floor":27,"turns":4},{"damage":0,"enemies":"Colosseum Nobs","floor":27,"turns":4},{"damage":1,"enemies":"Shelled Parasite and Fungi","floor":30,"turns":5},{"damage":27,"enemies":"Snake Plant","floor":31,"turns":3},{"damage":11,"enemies":"Collector","floor":33,"turns":7},{"damage":6,"enemies":"Orb Walker","floor":35,"turns":3},{"damage":0,"enemies":"3 Shapes","floor":36,"turns":2},{"damage":37,"enemies":"Maw","floor":37,"turns":5},{"damage":9,"enemies":"4 Shapes","floor":39,"turns":7},{"damage":12,"enemies":"Reptomancer","floor":41,"turns":2},{"damage":19,"enemies":"Spire Growth","floor":44,"turns":3},{"damage":8,"enemies":"Giant Head","floor":47,"turns":3},{"damage":3,"enemies":"Replay:Hell Engine","floor":50,"turns":5}],"seed_played":"8328781924537891344","potions_obtained":[{"floor":4,"key":"Milkshake"},{"floor":7,"key":"BlessingOfTheForge"},{"floor":11,"key":"LiquidBronze"},{"floor":12,"key":"Block Potion"},{"floor":16,"key":"EssenceOfSteel"},{"floor":18,"key":"BlessingOfTheForge"},{"floor":19,"key":"AttackPotion"},{"floor":20,"key":"AttackPotion"},{"floor":22,"key":"EntropicBrew"},{"floor":23,"key":"Toxic Potion"},{"floor":25,"key":"Languid Potion"},{"floor":30,"key":"Block Potion"},{"floor":33,"key":"Adrenaline Potion"},{"floor":35,"key":"Block Potion"},{"floor":36,"key":"GamblersBrew"},{"floor":41,"key":"Swift Potion"},{"floor":44,"key":"FearPotion"}],"is_trial":false,"path_per_floor":["M","M","$","M","M","E","M","R","T","?","M","E","$","M","R","B",null,"M","M","M","AVR","M","E","$","E","T","?","R","?","M","M","R","B",null,"M","M","M","$","M","R","E","R","T","M","$","R","E","?","R","B",null],"character_chosen":"THE_SERVANT","items_purchased":["Lee\u0027s Waffle","Flash of Steel","Jack Of All Trades","Letter Opener","Spin","Flash of Steel","BestPractice","infinitespire:Broken Mirror"],"campfire_rested":1,"item_purchase_floors":[13,24,38,45,45,45,45,45],"current_hp_per_floor":[65,65,65,65,63,28,28,28,28,28,20,9,72,72,72,42,72,69,68,44,44,34,48,48,34,34,32,32,32,44,27,49,58,76,77,78,48,48,56,56,49,49,49,40,40,40,49,49,49,61],"gold":62,"neow_bonus":"THREE_ENEMY_KILL","is_daily":false,"chose_seed":false,"campfire_upgraded":7,"win_rate":0.0,"timestamp":1613010784,"path_taken":["M","M","$","?","M","E","M","R","T","?","M","E","?","M","R","BOSS","M","M","M","AVR","M","E","$","E","T","?","R","?","M","M","R","BOSS","M","M","M","$","M","R","E","R","T","M","$","R","E","?","R","BOSS"],"items_purchased_type":["Relic","Card","Card","Relic","Card","Card","Card","Relic"],"build_version":"2020-12-22","purchased_purges":3,"victory":true,"max_hp_per_floor":[65,65,65,65,65,65,65,65,65,65,65,65,72,72,72,72,72,72,72,72,72,72,72,72,74,74,76,76,76,76,76,76,76,76,78,78,80,80,82,82,82,82,82,84,84,84,86,86,86,86],"relic_stats":{"Lee\u0027s Waffle":63,"Nunchaku":[15],"Singing Bowl":14,"counters":[29,145],"Pandora\u0027s Box":["Solidify","Luminosity","ReturningBlade","Initiator","ForgedInTime"],"Black Star":4,"Kunai":[32],"Ginger":[77],"Letter Opener":[63],"obtain_stats":[{"Lee\u0027s Waffle":13,"KneeBrace":27,"NeowsBlessing":0,"Singing Bowl":25,"Uniform":0,"Ginger":26,"Letter Opener":45,"Empty Cage":17,"White Beast Statue":6,"Old Coin":27,"Frozen Eye":21,"CaptainsWheel":9,"Replay:Baseball":23,"Nunchaku":25,"Bottled Flame":41,"infinitespire:ShieldingShard":43,"infinitespire:Bottled Soul":12,"infinitespire:Broken Mirror":45,"Pandora\u0027s Box":34,"infinitespire:Golems Mask":47,"Black Star":21,"Replay:Bottled Flurry":47,"Kunai":23,"Unceasing Top":41},{"Lee\u0027s Waffle":8,"KneeBrace":18,"NeowsBlessing":0,"Singing Bowl":16,"Uniform":0,"Ginger":16,"Letter Opener":27,"Empty Cage":10,"White Beast Statue":5,"Old Coin":18,"Frozen Eye":13,"CaptainsWheel":6,"Replay:Baseball":15,"Nunchaku":16,"Bottled Flame":26,"infinitespire:ShieldingShard":26,"infinitespire:Bottled Soul":8,"infinitespire:Broken Mirror":27,"Pandora\u0027s Box":21,"infinitespire:Golems Mask":28,"Black Star":13,"Replay:Bottled Flurry":28,"Kunai":15,"Unceasing Top":26},{"Lee\u0027s Waffle":39,"KneeBrace":100,"NeowsBlessing":0,"Singing Bowl":92,"Uniform":0,"Ginger":92,"Letter Opener":137,"Empty Cage":60,"White Beast Statue":23,"Old Coin":100,"Frozen Eye":78,"CaptainsWheel":28,"Replay:Baseball":88,"Nunchaku":92,"Bottled Flame":134,"infinitespire:ShieldingShard":134,"infinitespire:Bottled Soul":39,"infinitespire:Broken Mirror":137,"Pandora\u0027s Box":115,"infinitespire:Golems Mask":140,"Black Star":78,"Replay:Bottled Flurry":140,"Kunai":88,"Unceasing Top":134}],"Unceasing Top":[13]},"card_choices":[{"not_picked":["Alleviate","Read"],"picked":"FastForward","floor":1},{"not_picked":["BestPractice","Alleviate"],"picked":"MoonPhase","floor":2},{"not_picked":["Misdirection","TimeWarp"],"picked":"SpecialFormula","floor":4},{"not_picked":["Alleviate","Replace","TimeTheft"],"picked":"SKIP","floor":5},{"not_picked":["Alleviate","Replace","TimeTheft"],"picked":"SKIP","floor":5},{"not_picked":["Rearm","Starlight"],"picked":"BestPractice","floor":6},{"not_picked":["Rewind","Ricochet"],"picked":"Unruled","floor":7},{"not_picked":["Ricochet","Collapse"],"picked":"BottledTime","floor":11},{"not_picked":["Moondial","StarChef"],"picked":"Solidify","floor":12},{"not_picked":["FastForward","Potential"],"picked":"Unruled","floor":14},{"not_picked":["MurderousAura","Initiator"],"picked":"Solidify","floor":16},{"not_picked":["Starlight","Alleviate","Rewind"],"picked":"SKIP","floor":18},{"not_picked":["FastForward","Gouge+1"],"picked":"Defy","floor":19},{"not_picked":["BottledTime+1","Revamp"],"picked":"DoubleEdge","floor":20},{"not_picked":["ShatteredReality+1","SpecialFormula+1"],"picked":"Spin","floor":22},{"not_picked":["ForgedInTime","Sabotage","Gouge"],"picked":"SKIP","floor":23},{"not_picked":["Alleviate","Potential","Collapse+1"],"picked":"Singing Bowl","floor":25},{"not_picked":["WasteNot","Alleviate","Replace"],"picked":"Singing Bowl","floor":27},{"not_picked":["InstantArmor","TimeWarp"],"picked":"SpecialFormula","floor":30},{"not_picked":["TimeWarp","Rewind+1"],"picked":"WasteNot","floor":31},{"not_picked":["Sunlight","TrueSight"],"picked":"MurderousAura","floor":33},{"not_picked":["Manipulate","GearUp+1","Contraction+1"],"picked":"Singing Bowl","floor":35},{"not_picked":["Manipulate","TimeWarp+1"],"picked":"Shuttle+1","floor":36},{"not_picked":["Foresight+1","FastForward+1","TimeWarp"],"picked":"Singing Bowl","floor":37},{"not_picked":["Alleviate","Starlight+1","TimeTheft"],"picked":"Singing Bowl","floor":39},{"not_picked":["Potential","TimeWarp"],"picked":"TheWorld","floor":41},{"not_picked":["Alleviate","Revamp","ShatteredReality+1"],"picked":"Singing Bowl","floor":44},{"not_picked":["Replace+1","ShatteredReality+1","Ricochet+1"],"picked":"Singing Bowl","floor":47}],"player_experience":398292,"relics_obtained":[{"floor":6,"key":"White Beast Statue"},{"floor":9,"key":"CaptainsWheel"},{"floor":12,"key":"infinitespire:Bottled Soul"},{"floor":23,"key":"Kunai"},{"floor":23,"key":"Replay:Baseball"},{"floor":25,"key":"Nunchaku"},{"floor":25,"key":"Singing Bowl"},{"floor":26,"key":"Ginger"},{"floor":27,"key":"Old Coin"},{"floor":27,"key":"KneeBrace"},{"floor":41,"key":"Unceasing Top"},{"floor":41,"key":"Bottled Flame"},{"floor":43,"key":"infinitespire:ShieldingShard"},{"floor":47,"key":"infinitespire:Golems Mask"},{"floor":47,"key":"Replay:Bottled Flurry"}],"event_choices":[{"damage_healed":0,"gold_gain":275,"player_choice":"Desecrate","damage_taken":0,"max_hp_gain":0,"max_hp_loss":0,"event_name":"Golden Shrine","floor":10,"gold_loss":0,"cards_obtained":["Regret"]},{"damage_healed":0,"gold_gain":0,"player_choice":"Fight","damage_taken":0,"max_hp_gain":0,"max_hp_loss":0,"event_name":"Colosseum","floor":27,"gold_loss":0},{"damage_healed":0,"gold_gain":0,"player_choice":"Fought Nobs","damage_taken":0,"max_hp_gain":0,"max_hp_loss":0,"event_name":"Colosseum","floor":27,"gold_loss":0},{"damage_healed":0,"gold_gain":0,"player_choice":"Ignored","damage_taken":0,"max_hp_gain":0,"max_hp_loss":0,"event_name":"Ghosts","floor":29,"gold_loss":0},{"damage_healed":0,"gold_gain":0,"player_choice":"Got Potions","damage_taken":0,"max_hp_gain":0,"max_hp_loss":0,"event_name":"Lab","floor":48,"gold_loss":0}],"is_beta":false,"boss_relics":[{"not_picked":["Kintsugi","Fusion Hammer"],"picked":"Empty Cage"},{"not_picked":["infinitespire:Cupcake","Replay:Bronze Core"],"picked":"Pandora\u0027s Box"}],"items_purged_floors":[3,38,45],"is_endless":false,"potions_floor_spawned":[4,7,11,12,14,16,18,19,20,22,23,25,27,27,30,31,33,35,36,37,39,41,44,47],"ascension_level":2}}