{"host":"sccdx89hs6cnwb1o","time":1613084571,"event":{"mods":["AchievementEnabler","BaseMod","Block Reminder","Colored Powertips","Highlight Path","Minty Spire (QoL Compilation)","Rare Cards Sparkle"],"gold_per_floor":[116,116,116,116,137,152,165,165,165,180,180,145,145,145,145,264,264,280,294,318,337,337,337,368,368,393,411,411,431,451,223,223,346,646,666,999,999,1010,1010,1010,1010,631,631,642,642,479,495,514,514,514],"floor_reached":51,"language":"DEU","playtime":4197,"items_purged":[],"score":684,"play_id":"4db866f6-1cf3-493d-90e7-5290d74d1fac","local_time":"20210212000251","is_ascension_mode":false,"campfire_choices":[{"data":"Poisoned Stab","floor":8,"key":"SMITH"},{"data":"Deadly Poison","floor":11,"key":"SMITH"},{"data":"Dodge and Roll","floor":13,"key":"SMITH"},{"data":"Flechettes","floor":15,"key":"SMITH"},{"data":"Adrenaline","floor":23,"key":"SMITH"},{"floor":25,"key":"REST"},{"data":"PiercingWail","floor":32,"key":"SMITH"},{"data":"Neutralize","floor":40,"key":"SMITH"},{"data":"Backflip","floor":45,"key":"SMITH"},{"data":"Venomology","floor":49,"key":"SMITH"}],"circlet_count":0,"master_deck":["Strike_G","Defend_G","Defend_G","Defend_G","Defend_G","Defend_G","Survivor","Neutralize+1","Poisoned Stab+1","Dodge and Roll+1","Backflip+1","Deadly Poison+1","Flechettes+1","Blur+1","Masterful Stab+1","PiercingWail+1","PiercingWail+1","Bouncing Flask+1","Masterful Stab","Adrenaline+1","Outmaneuver","Dodge and Roll+1","Venomology+1","CurseOfTheBell","Terror+1","Dodge and Roll+1","Crippling Poison+1","Forethought+1","Blur+1","Crippling Poison+1","Outmaneuver+1","Footwork+1"],"relics":["Ring of the Snake","FossilizedHelix","Astrolabe","Pocketwatch","Bronze Scales","Membership Card","Vajra","Calling Bell","Lantern","Darkstone Periapt","Old Coin","Anchor","Pear","Toxic Egg 2","Shuriken","Centennial Puzzle"],"acts_visited":["Exordium","TheCity","TheBeyond"],"potions_floor_usage":[20,24,33,33,33,50,50],"damage_taken":[{"damage":4,"enemies":"Jaw Worm","floor":1,"turns":8},{"damage":0,"enemies":"2 Louse","floor":5,"turns":3},{"damage":0,"enemies":"Small Slimes","floor":6,"turns":4},{"damage":0,"enemies":"2 Fungi Beasts","floor":7,"turns":6},{"damage":5,"enemies":"Exordium Wildlife","floor":10,"turns":7},{"damage":20,"enemies":"The Guardian","floor":16,"turns":9},{"damage":0,"enemies":"Shell Parasite","floor":18,"turns":4},{"damage":5,"enemies":"Chosen","floor":19,"turns":5},{"damage":0,"enemies":"Snecko","floor":20,"turns":4},{"damage":4,"enemies":"Centurion and Healer","floor":21,"turns":10},{"damage":19,"enemies":"Slavers","floor":24,"turns":6},{"damage":0,"enemies":"Snake Plant","floor":27,"turns":2},{"damage":0,"enemies":"Cultist and Chosen","floor":29,"turns":6},{"damage":0,"enemies":"Centurion and Healer","floor":30,"turns":4},{"damage":0,"enemies":"Collector","floor":33,"turns":7},{"damage":0,"enemies":"3 Shapes","floor":35,"turns":5},{"damage":0,"enemies":"3 Darklings","floor":38,"turns":5},{"damage":0,"enemies":"Jaw Worm Horde","floor":44,"turns":4},{"damage":0,"enemies":"Maw","floor":47,"turns":7},{"damage":0,"enemies":"Sphere and 2 Shapes","floor":48,"turns":4},{"damage":80,"enemies":"Donu and Deca","floor":50,"turns":14}],"seed_played":"-319826788904813523","potions_obtained":[{"floor":0,"key":"BlessingOfTheForge"},{"floor":0,"key":"Fire Potion"},{"floor":0,"key":"DuplicationPotion"},{"floor":6,"key":"EssenceOfSteel"},{"floor":21,"key":"CultistPotion"},{"floor":24,"key":"FearPotion"},{"floor":33,"key":"Poison Potion"},{"floor":35,"key":"SteroidPotion"}],"is_trial":false,"path_per_floor":["M","?","?","$","M","M","M","R","T","M","R","?","R","?","R","B",null,"M","M","M","M","?","R","E","R","T","M","?","M","M","$","R","B",null,"M","?","?","M","?","R","T","$","T","M","R","$","M","M","R","B",null],"character_chosen":"THE_SILENT","items_purchased":["Membership Card","Vajra","Pear","Toxic Egg 2","Dodge and Roll+1","Crippling Poison+1","Forethought+1","Block Potion","Crippling Poison+1","Centennial Puzzle","FairyPotion"],"campfire_rested":1,"item_purchase_floors":[31,31,42,42,42,42,42,42,46,46,46],"current_hp_per_floor":[66,71,53,53,53,53,53,53,53,48,48,66,66,66,66,46,75,75,70,70,66,66,66,47,69,69,69,69,69,69,69,69,69,75,75,75,71,71,71,71,71,81,81,81,81,81,81,81,81,1],"gold":514,"neow_bonus":"THREE_SMALL_POTIONS","is_daily":false,"chose_seed":false,"campfire_upgraded":9,"win_rate":0.0,"timestamp":1613084571,"path_taken":["M","?","?","$","M","M","M","R","T","M","R","?","R","?","R","BOSS","M","M","M","M","?","R","E","R","T","M","?","M","M","$","R","BOSS","M","?","?","M","?","R","?","$","T","M","R","$","M","?","R","BOSS"],"items_purchased_type":["Relic","Relic","Relic","Relic","Card","Card","Card","Potion","Card","Relic","Potion"],"build_version":"2020-12-22","purchased_purges":0,"victory":true,"max_hp_per_floor":[70,75,75,75,75,75,75,75,75,75,75,75,75,75,75,75,75,75,75,75,75,75,75,75,75,75,75,75,75,75,75,75,75,75,75,75,71,71,71,71,71,81,81,81,81,81,81,81,81,81],"card_choices":[{"not_picked":["Deflect","Slice"],"picked":"Poisoned Stab","floor":1},{"not_picked":["Underhanded Strike","Slice"],"picked":"Dodge and Roll","floor":5},{"not_picked":["After Image","Blade Dance"],"picked":"Backflip","floor":6},{"not_picked":["Dagger Throw","Predator","Blade Dance"],"picked":"SKIP","floor":7},{"not_picked":["Crippling Poison","Quick Slash"],"picked":"Deadly Poison","floor":10},{"not_picked":["Die Die Die","Phantasmal Killer"],"picked":"Night Terror","floor":16},{"not_picked":["Slice","Flying Knee"],"picked":"PiercingWail","floor":18},{"not_picked":["Bane","Escape Plan"],"picked":"PiercingWail+1","floor":19},{"not_picked":["Dagger Throw","Reflex","Quick Slash"],"picked":"SKIP","floor":20},{"not_picked":["Poisoned Stab+1","Underhanded Strike+1"],"picked":"Bouncing Flask+1","floor":21},{"not_picked":["Doppelganger","Finisher+1"],"picked":"Outmaneuver","floor":24},{"not_picked":["Sucker Punch","Blade Dance+1"],"picked":"Dodge and Roll+1","floor":27},{"not_picked":["PiercingWail","Slice","Dagger Throw"],"picked":"SKIP","floor":29},{"not_picked":["Tactician","Masterful Stab","Skewer"],"picked":"SKIP","floor":30},{"not_picked":["Glass Knife","A Thousand Cuts"],"picked":"Venomology","floor":33},{"not_picked":["Sucker Punch","Flying Knee"],"picked":"Terror+1","floor":35},{"not_picked":["Poisoned Stab","Well Laid Plans","Sucker Punch+1"],"picked":"SKIP","floor":38},{"not_picked":["Choke","Masterful Stab+1"],"picked":"Blur+1","floor":44},{"not_picked":["Flying Knee","Choke+1"],"picked":"Outmaneuver+1","floor":47},{"not_picked":["Terror+1","Deflect+1"],"picked":"Footwork+1","floor":48}],"player_experience":56220,"relics_obtained":[{"floor":9,"key":"FossilizedHelix"},{"floor":24,"key":"Pocketwatch"},{"floor":26,"key":"Bronze Scales"},{"floor":34,"key":"Lantern"},{"floor":34,"key":"Darkstone Periapt"},{"floor":34,"key":"Old Coin"},{"floor":41,"key":"Anchor"},{"floor":43,"key":"Shuriken"}],"event_choices":[{"damage_healed":0,"gold_gain":0,"player_choice":"Donut","damage_taken":0,"max_hp_gain":5,"max_hp_loss":0,"event_name":"Big Fish","floor":2,"gold_loss":0},{"damage_healed":0,"gold_gain":0,"player_choice":"Take Damage","damage_taken":18,"relics_obtained":["Golden Idol"],"max_hp_gain":0,"max_hp_loss":0,"event_name":"Golden Idol","floor":3,"gold_loss":0},{"damage_healed":18,"gold_gain":0,"player_choice":"Healed","damage_taken":0,"max_hp_gain":0,"max_hp_loss":0,"event_name":"The Cleric","floor":12,"gold_loss":35},{"damage_healed":0,"gold_gain":0,"cards_transformed":["Strike_G"],"player_choice":"Change","damage_taken":0,"max_hp_gain":0,"max_hp_loss":0,"event_name":"Living Wall","floor":14,"gold_loss":0,"cards_obtained":["Flechettes"]},{"damage_healed":0,"gold_gain":0,"cards_transformed":["Night Terror","Reflex"],"player_choice":"Became Test Subject","damage_taken":0,"max_hp_gain":0,"max_hp_loss":0,"event_name":"Drug Dealer","floor":22,"gold_loss":0,"cards_obtained":["Masterful Stab","Adrenaline"]},{"damage_healed":0,"gold_gain":0,"player_choice":"Ignored","damage_taken":0,"max_hp_gain":0,"max_hp_loss":0,"event_name":"Beggar","floor":28,"gold_loss":0},{"damage_healed":0,"gold_gain":333,"player_choice":"Gave Idol","damage_taken":0,"max_hp_gain":0,"max_hp_loss":0,"event_name":"The Moai Head","floor":36,"relics_lost":["Golden Idol"],"gold_loss":0},{"damage_healed":0,"gold_gain":0,"player_choice":"Max HP","damage_taken":0,"max_hp_gain":0,"max_hp_loss":4,"event_name":"Winding Halls","floor":37,"gold_loss":0},{"damage_healed":0,"gold_gain":0,"player_choice":"Ignored","damage_taken":0,"max_hp_gain":0,"max_hp_loss":0,"event_name":"Tomb of Lord Red Mask","floor":39,"gold_loss":0}],"is_beta":false,"boss_relics":[{"not_picked":["Sozu","Runic Pyramid"],"picked":"Astrolabe"},{"not_picked":["Ring of the Serpent","Fusion Hammer"],"picked":"Calling Bell"}],"items_purged_floors":[],"is_endless":false,"potions_floor_spawned":[5,6,7,21,24,33,35,38],"ascension_level":0}}