{"host":"6xsbn6ynqlzwllfm","time":1613008472,"event":{"mods":["2.2 Compatiblity","BaseMod","Bestiary","Colored Map","Colored Powertips","Curses Come First","Highlight Path","Keyboard Shortcuts","Minty Spire (QoL Compilation)","Relic Stats","Slay the Relics Exporter","StSLib","SuperFastMode"],"gold_per_floor":[115,115,115,134,150,197,197,197,274,324,276,276,32,84,84,189,189,208,23,57,66,80,116,116,116,143,143,143,184,28,28,28,111,111,131,0,54,4,21,54,54,74,100,139,139,156,175,202,202,202,202,202],"floor_reached":51,"language":"ENG","playtime":1901,"items_purged":["Strike_R","Strike_R"],"score":1468,"play_id":"f39b6b6f-b733-4b37-b49e-ef1abdb6900a","local_time":"20210210205432","is_ascension_mode":true,"campfire_choices":[{"data":"Bash","floor":7,"key":"SMITH"},{"floor":12,"key":"REST"},{"data":"Demon Form","floor":15,"key":"SMITH"},{"floor":25,"key":"REST"},{"data":"Double Tap","floor":28,"key":"SMITH"},{"floor":32,"key":"REST"},{"data":"Evolve","floor":41,"key":"SMITH"},{"floor":45,"key":"RECALL"},{"data":"Dual Wield","floor":49,"key":"SMITH"}],"circlet_count":0,"master_deck":["AscendersBane","Strike_R","Strike_R+1","Defend_R","Defend_R","Defend_R","Defend_R","Bash+1","Sword Boomerang+1","Heavy Blade","Feel No Pain","Reckless Charge","Wild Strike","Double Tap+1","Demon Form+1","Corruption","Evolve+1","Thunderclap","Impervious","Dark Embrace","Impervious","Disarm+1","Feel No Pain","Burning Pact+1","Dual Wield+1","Dual Wield+1"],"relics":["Burning Blood","NeowsBlessing","Bloody Idol","CeramicFish","Self Forming Clay","The Courier","Vajra","Whetstone","Omamori","Snecko Eye","Centennial Puzzle","Smiling Mask","Blood Vial","PreservedInsect","MutagenicStrength","HornCleat","Membership Card","Philosopher\u0027s Stone","Red Mask","Calipers","Regal Pillow","Boot"],"acts_visited":["Exordium","TheCity","TheBeyond"],"potions_floor_usage":[10,14,16,20],"damage_taken":[{"damage":0,"enemies":"2 Louse","floor":1,"turns":1},{"damage":0,"enemies":"Cultist","floor":4,"turns":1},{"damage":0,"enemies":"Jaw Worm","floor":5,"turns":1},{"damage":21,"enemies":"3 Sentries","floor":6,"turns":13},{"damage":32,"enemies":"Lagavulin","floor":10,"turns":9},{"damage":15,"enemies":"3 Sentries","floor":14,"turns":8},{"damage":11,"enemies":"Hexaghost","floor":16,"turns":6},{"damage":12,"enemies":"3 Byrds","floor":18,"turns":4},{"damage":19,"enemies":"Spheric Guardian","floor":20,"turns":4},{"damage":14,"enemies":"Centurion and Healer","floor":22,"turns":5},{"damage":21,"enemies":"Book of Stabbing","floor":23,"turns":4},{"damage":21,"enemies":"Slavers","floor":29,"turns":5},{"damage":29,"enemies":"Automaton","floor":33,"turns":6},{"damage":14,"enemies":"Orb Walker","floor":35,"turns":4},{"damage":30,"enemies":"2 Orb Walkers","floor":37,"turns":4},{"damage":0,"enemies":"3 Shapes","floor":39,"turns":5},{"damage":0,"enemies":"Giant Head","floor":40,"turns":4},{"damage":6,"enemies":"Jaw Worm Horde","floor":42,"turns":5},{"damage":7,"enemies":"Reptomancer","floor":44,"turns":4},{"damage":24,"enemies":"Transient","floor":46,"turns":6},{"damage":0,"enemies":"Spire Growth","floor":47,"turns":4},{"damage":0,"enemies":"Sphere and 2 Shapes","floor":48,"turns":5},{"damage":48,"enemies":"Time Eater","floor":50,"turns":8},{"damage":41,"enemies":"Awakened One","floor":51,"turns":3}],"seed_played":"-8703003639954832171","potions_obtained":[{"floor":1,"key":"PowerPotion"},{"floor":6,"key":"Ancient Potion"},{"floor":10,"key":"ColorlessPotion"},{"floor":14,"key":"Energy Potion"},{"floor":16,"key":"Strength Potion"},{"floor":20,"key":"ElixirPotion"},{"floor":33,"key":"SteroidPotion"}],"is_trial":false,"path_per_floor":["M","?","?","M","M","E","R","?","T","E","?","R","$","E","R","B",null,"M","$","M","?","M","E","?","R","T","?","R","E","$","?","R","B",null,"M","?","?","$","M","E","R","M","T","E","R","M","M","M","R","B","B"],"character_chosen":"IRONCLAD","items_purchased":["Double Tap","Whetstone","Centennial Puzzle","Evolve","Membership Card","Dark Embrace"],"campfire_rested":3,"item_purchase_floors":[13,13,19,19,30,30],"current_hp_per_floor":[74,48,48,54,60,45,45,34,34,8,8,30,30,21,21,16,60,54,54,41,41,33,18,18,40,40,40,40,27,27,27,49,38,66,70,70,53,53,66,75,75,75,75,75,75,62,75,75,75,33,0,0],"gold":202,"neow_bonus":"THREE_ENEMY_KILL","is_daily":false,"chose_seed":false,"campfire_upgraded":5,"win_rate":0.0,"timestamp":1613008472,"path_taken":["M","?","?","M","?","E","R","?","T","E","?","R","$","E","R","BOSS","M","$","M","?","M","E","?","R","T","?","R","E","$","?","R","BOSS","M","?","?","?","M","E","R","M","T","E","R","M","?","M","R","BOSS","BOSS"],"items_purchased_type":["Card","Relic","Relic","Card","Relic","Card"],"build_version":"2020-12-22","purchased_purges":2,"victory":false,"max_hp_per_floor":[75,75,75,75,75,75,75,75,75,75,75,75,75,75,75,75,75,75,75,75,75,75,75,75,75,75,75,75,75,75,75,75,75,75,75,75,75,75,75,75,75,75,75,75,75,75,75,75,75,75,75,75],"relic_stats":{"Regal Pillow":0,"counters":[24,119],"Self Forming Clay":[144],"CeramicFish":135,"PreservedInsect":233,"Whetstone":["Sword Boomerang","Strike_R"],"Smiling Mask":-10,"Boot":[4],"Burning Blood":132,"Blood Vial":16,"Centennial Puzzle":[36],"Bloody Idol":42,"Snecko Eye":[153,175,160,175],"obtain_stats":[{"Regal Pillow":40,"Calipers":37,"NeowsBlessing":0,"Golden Idol":2,"Self Forming Clay":8,"CeramicFish":6,"Vajra":10,"The Courier":9,"PreservedInsect":26,"Omamori":14,"Whetstone":13,"Smiling Mask":23,"Boot":44,"Burning Blood":0,"Blood Vial":24,"Centennial Puzzle":19,"HornCleat":29,"MutagenicStrength":27,"Bloody Idol":31,"Snecko Eye":17,"Philosopher\u0027s Stone":34,"Red Mask":36,"Membership Card":30},{"Regal Pillow":17,"Calipers":15,"NeowsBlessing":0,"Golden Idol":1,"Self Forming Clay":4,"CeramicFish":4,"Vajra":5,"The Courier":4,"PreservedInsect":11,"Omamori":6,"Whetstone":5,"Smiling Mask":11,"Boot":19,"Burning Blood":0,"Blood Vial":11,"Centennial Puzzle":8,"HornCleat":12,"MutagenicStrength":11,"Bloody Idol":12,"Snecko Eye":7,"Philosopher\u0027s Stone":13,"Red Mask":14,"Membership Card":12},{"Regal Pillow":84,"Calipers":75,"NeowsBlessing":0,"Golden Idol":1,"Self Forming Clay":16,"CeramicFish":16,"Vajra":25,"The Courier":16,"PreservedInsect":56,"Omamori":33,"Whetstone":25,"Smiling Mask":56,"Boot":93,"Burning Blood":0,"Blood Vial":56,"Centennial Puzzle":43,"HornCleat":61,"MutagenicStrength":56,"Bloody Idol":61,"Snecko Eye":39,"Philosopher\u0027s Stone":67,"Red Mask":71,"Membership Card":61}]},"card_choices":[{"not_picked":["Armaments","Clash"],"picked":"Sword Boomerang","floor":1},{"not_picked":["Rage","Fire Breathing"],"picked":"Heavy Blade","floor":4},{"not_picked":["Dual Wield","Sentinel"],"picked":"Feel No Pain","floor":5},{"not_picked":["Pommel Strike","Wild Strike"],"picked":"Reckless Charge","floor":6},{"not_picked":["Clothesline","Armaments"],"picked":"Wild Strike","floor":10},{"not_picked":["Body Slam","Clothesline"],"picked":"Demon Form","floor":14},{"not_picked":["Juggernaut","Bludgeon"],"picked":"Corruption","floor":16},{"not_picked":["Twin Strike","Perfected Strike"],"picked":"Thunderclap","floor":20},{"not_picked":["Exhume","Immolate"],"picked":"Impervious","floor":33},{"not_picked":["Iron Wave","Heavy Blade"],"picked":"Disarm+1","floor":35},{"not_picked":["Anger","Dropkick"],"picked":"Feel No Pain","floor":42},{"not_picked":["Armaments","Body Slam"],"picked":"Burning Pact+1","floor":44},{"not_picked":["Heavy Blade+1","Dark Embrace"],"picked":"Dual Wield","floor":47},{"not_picked":["Fire Breathing","Immolate"],"picked":"Dual Wield+1","floor":48}],"player_experience":1454391,"relics_obtained":[{"floor":6,"key":"CeramicFish"},{"floor":9,"key":"The Courier"},{"floor":10,"key":"Vajra"},{"floor":14,"key":"Omamori"},{"floor":23,"key":"Smiling Mask"},{"floor":26,"key":"PreservedInsect"},{"floor":29,"key":"HornCleat"},{"floor":37,"key":"Calipers"},{"floor":40,"key":"Regal Pillow"},{"floor":44,"key":"Boot"}],"event_choices":[{"damage_healed":0,"gold_gain":0,"player_choice":"Take Damage","damage_taken":26,"relics_obtained":["Golden Idol"],"max_hp_gain":0,"max_hp_loss":0,"event_name":"Golden Idol","floor":2,"gold_loss":0},{"cards_removed":["Strike_R"],"damage_healed":0,"gold_gain":0,"player_choice":"Purged","damage_taken":0,"max_hp_gain":0,"max_hp_loss":0,"event_name":"Purifier","floor":3,"gold_loss":0},{"damage_healed":0,"gold_gain":0,"player_choice":"Success","damage_taken":11,"relics_obtained":["Self Forming Clay"],"max_hp_gain":0,"max_hp_loss":0,"event_name":"Scrap Ooze","floor":8,"gold_loss":0},{"damage_healed":0,"gold_gain":0,"player_choice":"Left Gold","damage_taken":0,"max_hp_gain":0,"max_hp_loss":0,"event_name":"World of Goop","floor":11,"gold_loss":48},{"damage_healed":0,"gold_gain":0,"player_choice":"Read","damage_taken":0,"max_hp_gain":0,"max_hp_loss":0,"event_name":"The Library","floor":21,"gold_loss":0,"cards_obtained":["Impervious"]},{"damage_healed":0,"gold_gain":0,"player_choice":"Opened","damage_taken":0,"relics_obtained":["Blood Vial"],"max_hp_gain":0,"max_hp_loss":0,"event_name":"The Mausoleum","floor":24,"gold_loss":0,"cards_obtained":["Writhe"]},{"damage_healed":0,"gold_gain":0,"player_choice":"Inject Mutagens","damage_taken":0,"relics_obtained":["MutagenicStrength"],"max_hp_gain":0,"max_hp_loss":0,"event_name":"Drug Dealer","floor":27,"gold_loss":0},{"damage_healed":0,"gold_gain":0,"player_choice":"Gave Idol","damage_taken":0,"relics_obtained":["Bloody Idol"],"max_hp_gain":0,"max_hp_loss":0,"event_name":"Forgotten Altar","floor":31,"relics_lost":["Golden Idol"],"gold_loss":0},{"damage_healed":0,"gold_gain":0,"player_choice":"Paid","damage_taken":0,"relics_obtained":["Red Mask"],"max_hp_gain":0,"max_hp_loss":0,"event_name":"Tomb of Lord Red Mask","floor":36,"gold_loss":131},{"damage_healed":0,"gold_gain":0,"player_choice":"Fight","damage_taken":0,"max_hp_gain":0,"max_hp_loss":0,"event_name":"Mysterious Sphere","floor":37,"gold_loss":0}],"is_beta":false,"boss_relics":[{"not_picked":["Ectoplasm","Black Blood"],"picked":"Snecko Eye"},{"not_picked":["Astrolabe","Calling Bell"],"picked":"Philosopher\u0027s Stone"}],"items_purged_floors":[13,38],"is_endless":false,"potions_floor_spawned":[1,6,10,14,16,20,33,39,40,47,48],"killed_by":"Awakened One","ascension_level":20}}