{"host":"4udtejx3ummmwg8f","time":1613030050,"event":{"mods":["BaseMod","Minty Spire (QoL Compilation)"],"gold_per_floor":[113,130,130,140,140,165,165,186,186,207,207,232,232,272,272,397,397,416,416,440,456,456,456,497,497,497,530,550,550,593,618,618,738,738,752,804,804,804,193,228,228,228,228],"floor_reached":42,"language":"ENG","playtime":3408,"items_purged":["Pain"],"score":621,"play_id":"c8c358a8-f259-43b5-bcf6-b7986461435c","local_time":"20210211182410","daily_mods":["Heirloom"],"is_ascension_mode":true,"campfire_choices":[{"floor":11,"key":"REST"},{"floor":13,"key":"REST"},{"floor":15,"key":"REST"},{"floor":23,"key":"REST"},{"floor":25,"key":"REST"},{"floor":32,"key":"REST"},{"floor":41,"key":"REST"}],"circlet_count":0,"master_deck":["Strike_B+1","Strike_B","Strike_B","Strike_B","Defend_B","Defend_B","Defend_B","Defend_B+1","Zap+1","Dualcast+1","Skim","Conserve Battery","Reinforced Body","Coolheaded+1","Injury","Tempest+1","Double Energy+1","Doom and Gloom","Chaos+1","Multi-Cast+1","Ball Lightning+1","Shame","BootSequence+1","Conserve Battery+1","Zap+1","Conserve Battery+1","Undo+1","Melter","Steam Power+1","Reinforced Body+1","Seek+1","Thunder Strike","Rebound+1","Secret Technique+1","The Bomb+1","Bandage Up+1","Redo+1","Purity+1","Beam Cell","Darkness+1","Beam Cell+1","Ball Lightning+1"],"relics":["FrozenCore","Ice Cream","Darkstone Periapt","Toxic Egg 2","Golden Idol","Cables","Shovel","Smiling Mask","Art of War","The Courier","Orichalcum","WarpedTongs","Akabeko","Inserter","Anchor","Dream Catcher","Turnip","War Paint","White Beast Statue"],"acts_visited":["Exordium","TheCity","TheBeyond"],"potions_floor_usage":[16,16,24,27,28,35,40],"damage_taken":[{"damage":7,"enemies":"2 Louse","floor":1,"turns":2},{"damage":4,"enemies":"Cultist","floor":2,"turns":4},{"damage":10,"enemies":"Small Slimes","floor":4,"turns":4},{"damage":28,"enemies":"Gremlin Nob","floor":6,"turns":5},{"damage":0,"enemies":"2 Fungi Beasts","floor":8,"turns":3},{"damage":1,"enemies":"Looter","floor":10,"turns":3},{"damage":5,"enemies":"Gremlin Gang","floor":12,"turns":4},{"damage":0,"enemies":"Lagavulin","floor":14,"turns":5},{"damage":23,"enemies":"Hexaghost","floor":16,"turns":9},{"damage":27,"enemies":"2 Thieves","floor":18,"turns":4},{"damage":1,"enemies":"Spheric Guardian","floor":20,"turns":4},{"damage":20,"enemies":"3 Cultists","floor":21,"turns":4},{"damage":8,"enemies":"Slavers","floor":24,"turns":4},{"damage":0,"enemies":"Book of Stabbing","floor":27,"turns":5},{"damage":15,"enemies":"Snake Plant","floor":28,"turns":5},{"damage":53,"enemies":"Gremlin Leader","floor":30,"turns":7},{"damage":2,"enemies":"Centurion and Healer","floor":31,"turns":3},{"damage":39,"enemies":"Champ","floor":33,"turns":15},{"damage":0,"enemies":"3 Shapes","floor":35,"turns":3},{"damage":43,"enemies":"Nemesis","floor":40,"turns":5},{"damage":86,"enemies":"Reptomancer","floor":42,"turns":7}],"seed_played":"6815232587301688927","potions_obtained":[{"floor":1,"key":"GamblersBrew"},{"floor":12,"key":"Energy Potion"},{"floor":14,"key":"Strength Potion"},{"floor":16,"key":"PotionOfCapacity"},{"floor":21,"key":"FocusPotion"},{"floor":24,"key":"Block Potion"},{"floor":30,"key":"Explosive Potion"},{"floor":35,"key":"LiquidBronze"}],"is_trial":true,"path_per_floor":["M","M","?","M","?","E","?","M","T","M","R","M","R","E","R","B",null,"M","?","M","M","?","R","E","R","T","E","M","?","E","M","R","B",null,"M","T","?","?","$","E","R","E"],"character_chosen":"DEFECT","items_purchased":["Beam Cell","Dream Catcher","Turnip","Darkness+1","War Paint"],"campfire_rested":7,"item_purchase_floors":[39,39,39,39,39],"current_hp_per_floor":[68,64,64,54,39,11,17,17,17,16,40,35,59,59,81,58,81,54,60,59,39,39,65,57,83,83,83,68,74,21,19,46,7,93,93,93,83,83,83,46,73,0,0],"gold":228,"neow_bonus":"","is_daily":false,"chose_seed":false,"campfire_upgraded":0,"win_rate":0.0,"timestamp":1613030050,"path_taken":["M","M","?","?","?","E","?","M","T","M","R","M","R","E","R","BOSS","M","?","M","M","?","R","E","R","T","E","?","?","E","M","R","BOSS","M","?","?","?","$","E","R","E"],"items_purchased_type":["Card","Relic","Relic","Card","Relic"],"build_version":"2020-12-22","purchased_purges":1,"victory":false,"max_hp_per_floor":[75,75,75,75,75,75,81,81,81,81,81,81,81,81,81,81,81,81,87,87,87,87,87,87,87,87,87,87,93,93,93,93,93,93,93,93,93,93,93,93,93,93,93],"card_choices":[{"not_picked":["Turbo","Redo"],"picked":"Skim","floor":1},{"not_picked":["Scrape","Gash"],"picked":"Conserve Battery","floor":2},{"not_picked":["Stack","Recycle"],"picked":"Reinforced Body","floor":4},{"not_picked":["Heatsinks","Ball Lightning"],"picked":"Coolheaded+1","floor":6},{"not_picked":["Sweeping Beam","Hyperbeam"],"picked":"Tempest+1","floor":8},{"not_picked":["Consume+1","Ball Lightning"],"picked":"Double Energy+1","floor":10},{"not_picked":["Beam Cell","Rip and Tear"],"picked":"Doom and Gloom","floor":12},{"not_picked":["Streamline","Barrage"],"picked":"Chaos+1","floor":14},{"not_picked":["Hyperbeam","Seek+1"],"picked":"Multi-Cast+1","floor":16},{"not_picked":["Steam+1","Barrage+1"],"picked":"Ball Lightning+1","floor":18},{"not_picked":["Cold Snap","Recycle+1"],"picked":"BootSequence+1","floor":20},{"not_picked":["Turbo+1","Sweeping Beam"],"picked":"Conserve Battery+1","floor":21},{"not_picked":["Compile Driver","Recycle+1"],"picked":"Undo+1","floor":24},{"not_picked":["Go for the Eyes","Conserve Battery+1"],"picked":"Melter","floor":27},{"not_picked":["Coolheaded+1","Skim+1"],"picked":"Steam Power+1","floor":28},{"not_picked":["Redo+1","Rebound"],"picked":"Reinforced Body+1","floor":30},{"not_picked":["Leap+1","Go for the Eyes"],"picked":"Seek+1","floor":31},{"not_picked":["Hyperbeam","All For One"],"picked":"Thunder Strike","floor":33},{"not_picked":["Steam+1","Streamline"],"picked":"Rebound+1","floor":35},{"not_picked":["Madness+1","Flash of Steel"],"picked":"Secret Technique+1","floor":37},{"not_picked":["Magnetism","Deep Breath+1"],"picked":"The Bomb+1","floor":37},{"not_picked":["Panacea+1","The Bomb+1"],"picked":"Bandage Up+1","floor":37},{"not_picked":["Reprogram+1","Turbo+1"],"picked":"Beam Cell+1","floor":40},{"not_picked":["Coolheaded+1","Leap+1"],"picked":"Ball Lightning+1","floor":41}],"player_experience":140353,"relics_obtained":[{"floor":6,"key":"Toxic Egg 2"},{"floor":9,"key":"Cables"},{"floor":14,"key":"Shovel"},{"floor":24,"key":"Art of War"},{"floor":26,"key":"The Courier"},{"floor":27,"key":"Orichalcum"},{"floor":30,"key":"Akabeko"},{"floor":36,"key":"Anchor"},{"floor":40,"key":"White Beast Statue"}],"event_choices":[{"damage_healed":0,"gold_gain":0,"player_choice":"Gave Potion","damage_taken":0,"relics_obtained":["Darkstone Periapt"],"max_hp_gain":0,"max_hp_loss":0,"event_name":"WeMeetAgain","floor":3,"gold_loss":0},{"damage_healed":0,"gold_gain":0,"player_choice":"Entered Light","damage_taken":15,"max_hp_gain":0,"max_hp_loss":0,"event_name":"Shining Light","floor":5,"gold_loss":0,"cards_upgraded":["Strike_B","Defend_B"]},{"damage_healed":0,"gold_gain":0,"player_choice":"Take Wound","damage_taken":0,"relics_obtained":["Golden Idol"],"max_hp_gain":0,"max_hp_loss":0,"event_name":"Golden Idol","floor":7,"gold_loss":0,"cards_obtained":["Injury"]},{"damage_healed":0,"gold_gain":0,"player_choice":"Stole Relic","damage_taken":0,"relics_obtained":["Smiling Mask"],"max_hp_gain":0,"max_hp_loss":0,"event_name":"Addict","floor":19,"gold_loss":0,"cards_obtained":["Shame"]},{"damage_healed":0,"gold_gain":0,"player_choice":"2 cards matched","damage_taken":0,"max_hp_gain":0,"max_hp_loss":0,"event_name":"Match and Keep!","floor":22,"gold_loss":0,"cards_obtained":["Zap","Conserve Battery"]},{"damage_healed":0,"gold_gain":0,"player_choice":"Rummage","damage_taken":0,"relics_obtained":["WarpedTongs"],"max_hp_gain":0,"max_hp_loss":0,"event_name":"Accursed Blacksmith","floor":29,"gold_loss":0,"cards_obtained":["Pain"]},{"damage_healed":0,"gold_gain":0,"player_choice":"Memory 3","damage_taken":10,"max_hp_gain":0,"max_hp_loss":0,"event_name":"SensoryStone","floor":37,"gold_loss":0},{"damage_healed":0,"gold_gain":0,"player_choice":"2 cards matched","damage_taken":0,"max_hp_gain":0,"max_hp_loss":0,"event_name":"Match and Keep!","floor":38,"gold_loss":0,"cards_obtained":["Redo","Purity"]}],"is_beta":false,"boss_relics":[{"not_picked":["SlaversCollar","Runic Dome"],"picked":"FrozenCore"},{"not_picked":["Runic Pyramid","Pandora\u0027s Box"],"picked":"Inserter"}],"items_purged_floors":[39],"is_endless":true,"potions_floor_spawned":[1,12,14,16,21,24,30,35],"killed_by":"Reptomancer","ascension_level":1}}