{"host":"9brt9rggm379u2p7","time":1613062483,"event":{"mods":["AchievementEnabler","BaseMod","Highlight Path","Minty Spire (QoL Compilation)","Permanent Neow","Quick Restart","SuperFastMode"],"gold_per_floor":[116,129,139,158,158,158,158],"floor_reached":6,"language":"ENG","playtime":261,"items_purged":[],"score":42,"play_id":"be1a3139-e5f4-423e-b8a9-4ab92b986579","local_time":"20210212015443","is_ascension_mode":true,"campfire_choices":[],"circlet_count":0,"master_deck":["Strike_G","Strike_G","Strike_G","Strike_G+1","Strike_G","Defend_G","Defend_G","Defend_G","Defend_G","Defend_G","Survivor","Neutralize","Backstab","Prepared","Escape Plan+1","Escape Plan","Backflip"],"relics":["Ring of the Snake"],"acts_visited":["Exordium"],"potions_floor_usage":[],"damage_taken":[{"damage":0.0,"enemies":"Small Slimes","floor":1.0,"turns":3.0},{"damage":1.0,"enemies":"Jaw Worm","floor":2.0,"turns":3.0},{"damage":0.0,"enemies":"2 Louse","floor":3.0,"turns":3.0},{"damage":6.0,"enemies":"Blue Slaver","floor":4.0,"turns":4.0},{"damage":49,"enemies":"Lagavulin","floor":6,"turns":9}],"seed_played":"-7699071046615953750","potions_obtained":[{"floor":1.0,"key":"Ancient Potion"}],"is_trial":false,"path_per_floor":["M","M","M","M","?","E"],"character_chosen":"THE_SILENT","items_purchased":[],"campfire_rested":0,"item_purchase_floors":[],"current_hp_per_floor":[70,69,69,63,49,0,0],"gold":158,"neow_bonus":"THREE_CARDS","is_daily":false,"chose_seed":false,"campfire_upgraded":0,"win_rate":0.0,"timestamp":1613062483,"path_taken":["M","M","M","M","?","E"],"items_purchased_type":[],"build_version":"2020-12-22","purchased_purges":0,"victory":false,"max_hp_per_floor":[70,70,70,70,70,70,70],"card_choices":[{"not_picked":["Deadly Poison","Acrobatics"],"picked":"Backstab","floor":0.0},{"not_picked":["Finisher","Dagger Spray"],"picked":"Prepared","floor":1.0},{"not_picked":["Poisoned Stab","Reflex"],"picked":"Escape Plan","floor":2.0},{"not_picked":["Flying Knee","Calculated Gamble"],"picked":"Escape Plan","floor":3.0},{"not_picked":["Outmaneuver","Slice"],"picked":"Backflip","floor":4.0}],"player_experience":416419,"relics_obtained":[],"event_choices":[{"damage_healed":0.0,"max_hp_gain":0.0,"max_hp_loss":0.0,"gold_gain":0.0,"event_name":"Shining Light","player_choice":"Entered Light","floor":5.0,"gold_loss":0.0,"damage_taken":14.0,"cards_upgraded":["Escape Plan","Strike_G"]}],"is_beta":false,"boss_relics":[],"items_purged_floors":[],"is_endless":false,"potions_floor_spawned":[1],"killed_by":"Lagavulin","ascension_level":2}}