{"host":"zsnmfqgcm92hlreo","time":1613027795,"event":{"mods":["AchievementEnabler","BaseMod","Bestiary","Block Reminder","Colored Map","Colored Powertips","Filter the Spire","Minty Spire (QoL Compilation)","Permanent Neow","Quick Restart","Relic Stats","StSLib","Weighted Paths"],"gold_per_floor":[116,116,116,135,135,135,135,154,154,229,272,292,11,29,29,122,122,143,156,156,71,95,95,95],"floor_reached":23,"language":"ENG","playtime":893,"items_purged":[],"score":382,"play_id":"6308fe43-f933-4cf1-981b-ba54bdbc63ca","local_time":"20210211011635","is_ascension_mode":true,"campfire_choices":[{"data":"Darkness","floor":6.0,"key":"SMITH"},{"data":"Loop","floor":15.0,"key":"SMITH"}],"circlet_count":0,"master_deck":["AscendersBane","Dualcast","Coolheaded","BootSequence","Hello World+1","Doom and Gloom","Genetic Algorithm","Force Field","Lockon","Biased Cognition","Turbo","Darkness+1","Loop+1","Glacier","Capacitor","Ball Lightning","Core Surge","Steam Power","Leap","Chill+1"],"relics":["Pandora\u0027s Box","Golden Idol","Letter Opener","Happy Flower","Mummified Hand","Runic Dome","Incense Burner"],"acts_visited":["Exordium","TheCity"],"potions_floor_usage":[],"damage_taken":[{"damage":3.0,"enemies":"Small Slimes","floor":1.0,"turns":3.0},{"damage":7.0,"enemies":"2 Louse","floor":4.0,"turns":4.0},{"damage":5.0,"enemies":"Jaw Worm","floor":8.0,"turns":3.0},{"damage":3.0,"enemies":"Lagavulin","floor":11.0,"turns":6.0},{"damage":0.0,"enemies":"3 Louse","floor":12.0,"turns":3.0},{"damage":1.0,"enemies":"Looter","floor":14.0,"turns":3.0},{"damage":5.0,"enemies":"Hexaghost","floor":16.0,"turns":7.0},{"damage":13.0,"enemies":"2 Thieves","floor":18.0,"turns":4.0},{"damage":30.0,"enemies":"3 Byrds","floor":19.0,"turns":4.0},{"damage":12,"enemies":"Snake Plant","floor":22,"turns":5},{"damage":13,"enemies":"Gremlin Leader","floor":23,"turns":3}],"seed_played":"-6560172492612203069","potions_obtained":[{"floor":4.0,"key":"SteroidPotion"},{"floor":12.0,"key":"FocusPotion"},{"floor":22,"key":"CultistPotion"}],"is_trial":false,"path_per_floor":["M","?","?","M","?","R","$","M","T","?","E","M","$","M","R","B",null,"M","M","?","?","M","E"],"character_chosen":"DEFECT","items_purchased":["Mummified Hand"],"campfire_rested":0,"item_purchase_floors":[13],"current_hp_per_floor":[61,61,66,59,59,59,59,54,54,43,40,40,40,39,39,34,60,47,17,17,17,5,0,0],"gold":95,"neow_bonus":"BOSS_RELIC","is_daily":false,"chose_seed":false,"campfire_upgraded":2,"win_rate":0.0,"timestamp":1613027795,"path_taken":["M","?","?","M","?","R","?","M","T","?","E","?","$","M","R","BOSS","M","M","?","?","M","E"],"items_purchased_type":["Relic"],"build_version":"2020-12-22","purchased_purges":0,"victory":false,"max_hp_per_floor":[71,71,76,76,69,69,69,69,69,69,69,69,69,69,69,69,69,69,69,69,69,69,69,69],"relic_stats":{"Happy Flower":[9],"counters":[11,45],"Golden Idol":52,"Mummified Hand":[22],"Pandora\u0027s Box":["Coolheaded","BootSequence","Hello World","Doom and Gloom","Genetic Algorithm","Force Field","Lockon","Biased Cognition"],"Letter Opener":[142],"obtain_stats":[{"Runic Dome":17,"Happy Flower":11,"Golden Idol":5,"Mummified Hand":13,"Pandora\u0027s Box":0,"Incense Burner":21,"Letter Opener":9,"Cracked Core":0},{"Runic Dome":7,"Happy Flower":4,"Golden Idol":2,"Mummified Hand":5,"Pandora\u0027s Box":0,"Incense Burner":9,"Letter Opener":3,"Cracked Core":0},{"Runic Dome":29,"Happy Flower":16,"Golden Idol":7,"Mummified Hand":19,"Pandora\u0027s Box":0,"Incense Burner":37,"Letter Opener":10,"Cracked Core":0}]},"card_choices":[{"not_picked":["Rebound","Stack"],"picked":"Turbo","floor":1.0},{"not_picked":["Hologram","Chill"],"picked":"Darkness","floor":4.0},{"not_picked":["Cold Snap","Reinforced Body"],"picked":"Loop","floor":8.0},{"not_picked":["Turbo","Go for the Eyes"],"picked":"Glacier","floor":11.0},{"not_picked":["Double Energy","Chill"],"picked":"Capacitor","floor":12.0},{"not_picked":["Recycle","Coolheaded"],"picked":"Ball Lightning","floor":14.0},{"not_picked":["Meteor Strike","Amplify"],"picked":"Core Surge","floor":16.0},{"not_picked":["Sweeping Beam","Redo"],"picked":"Steam Power","floor":18.0},{"not_picked":["Stack","Sweeping Beam"],"picked":"Leap","floor":19.0},{"not_picked":["Heatsinks","Lockon"],"picked":"Chill+1","floor":22}],"player_experience":1087845,"relics_obtained":[{"floor":9.0,"key":"Letter Opener"},{"floor":11.0,"key":"Happy Flower"}],"event_choices":[{"damage_healed":0.0,"max_hp_gain":0.0,"max_hp_loss":0.0,"gold_gain":0.0,"event_name":"Living Wall","player_choice":"Grow","floor":2.0,"gold_loss":0.0,"damage_taken":0.0,"cards_upgraded":["Hello World"]},{"damage_healed":0.0,"max_hp_gain":5.0,"max_hp_loss":0.0,"gold_gain":0.0,"event_name":"Big Fish","player_choice":"Donut","floor":3.0,"gold_loss":0.0,"damage_taken":0.0},{"damage_healed":0.0,"max_hp_gain":0.0,"max_hp_loss":7.0,"gold_gain":0.0,"event_name":"Golden Idol","player_choice":"Lose Max HP","floor":5.0,"gold_loss":0.0,"damage_taken":0.0,"relics_obtained":["Golden Idol"]},{"damage_healed":0.0,"max_hp_gain":0.0,"max_hp_loss":0.0,"gold_gain":75.0,"event_name":"World of Goop","player_choice":"Gather Gold","floor":10.0,"gold_loss":0.0,"damage_taken":11.0},{"cards_removed":["Zap"],"damage_healed":0,"gold_gain":0,"player_choice":"Elegance","damage_taken":0,"max_hp_gain":0,"max_hp_loss":0,"event_name":"Back to Basics","floor":20,"gold_loss":0},{"damage_healed":0,"gold_gain":0,"player_choice":"Obtained Relic","damage_taken":0,"relics_obtained":["Incense Burner"],"max_hp_gain":0,"max_hp_loss":0,"event_name":"Addict","floor":21,"gold_loss":85}],"is_beta":false,"boss_relics":[{"not_picked":["Sozu","Velvet Choker"],"picked":"Runic Dome"}],"items_purged_floors":[],"is_endless":false,"potions_floor_spawned":[4,12,14,22],"killed_by":"Gremlin Leader","ascension_level":20}}