{"host":"4rvakrj1idbgia3f","time":1613044722,"event":{"mods":["BaseMod","Colored Map","Colored Powertips","DeckTracker","Highlight Path","Minty Spire (QoL Compilation)","Random Character Button","StSLib"],"gold_per_floor":[117,132,132,132,151,151,194,29,29,29,54,54,98,123,123,219,219,244,262,262,47,47,47,61,11,38,38,38,38,38],"floor_reached":29,"language":"JPN","playtime":8546,"items_purged":["Strike_B","Strike_B"],"score":462,"play_id":"058d7af7-44db-4687-a7f6-07251a8f7912","local_time":"20210211205842","is_ascension_mode":true,"campfire_choices":[{"data":"Hologram","floor":6,"key":"SMITH"},{"data":"Beam Cell","floor":12,"key":"SMITH"},{"data":"Reprogram","floor":15,"key":"SMITH"},{"data":"Seek","floor":23,"key":"SMITH"}],"circlet_count":0,"master_deck":["AscendersBane","Defend_B","Defend_B","Defend_B","Defend_B","Gash","Beam Cell+1","Hologram+1","Steam","Core Surge","Reprogram+1","Seek+1","Gash+1","Ghostly","Ghostly","Ghostly","Scrape","FTL","Go for the Eyes","Multi-Cast","Redo"],"relics":["Cracked Core","Bird Faced Urn","Golden Idol","StrikeDummy","Torii","Chemical X","Smiling Mask","Pantograph","Empty Cage","Orrery","Vajra"],"acts_visited":["Exordium","TheCity"],"potions_floor_usage":[7,7,14],"damage_taken":[{"damage":1.0,"enemies":"Cultist","floor":1.0,"turns":4.0},{"damage":0,"enemies":"2 Louse","floor":2,"turns":2},{"damage":1,"enemies":"Small Slimes","floor":5,"turns":3},{"damage":8,"enemies":"Gremlin Nob","floor":7,"turns":3},{"damage":1,"enemies":"Blue Slaver","floor":11,"turns":4},{"damage":12,"enemies":"3 Sentries","floor":13,"turns":7},{"damage":1,"enemies":"3 Louse","floor":14,"turns":2},{"damage":48,"enemies":"Slime Boss","floor":16,"turns":13},{"damage":18,"enemies":"2 Thieves","floor":18,"turns":5},{"damage":22,"enemies":"Shell Parasite","floor":19,"turns":5},{"damage":0,"enemies":"Centurion and Healer","floor":24,"turns":6},{"damage":28,"enemies":"Snecko","floor":29,"turns":4}],"seed_played":"-3656949314463259716","potions_obtained":[{"floor":1.0,"key":"Ancient Potion"},{"floor":2,"key":"Weak Potion"},{"floor":11,"key":"BlessingOfTheForge"},{"floor":14,"key":"Dexterity Potion"},{"floor":16,"key":"Strength Potion"}],"is_trial":false,"path_per_floor":["M","M","?","?","M","R","E","$","T","?","M","R","E","M","R","B",null,"M","M","?","$","?","R","M","$","T","?","$","M"],"character_chosen":"DEFECT","items_purchased":["Chemical X","Orrery"],"campfire_rested":0,"item_purchase_floors":[8,21],"current_hp_per_floor":[63,63,58,53,52,52,44,44,44,44,43,43,31,30,30,7,45,27,5,5,5,5,5,5,5,5,5,5,0,0],"gold":38,"neow_bonus":"ONE_RARE_RELIC","is_daily":false,"chose_seed":false,"campfire_upgraded":4,"win_rate":0.0,"timestamp":1613044722,"path_taken":["M","M","?","?","M","R","E","$","T","?","M","R","E","M","R","BOSS","M","M","?","$","?","R","M","?","T","?","?","M"],"items_purchased_type":["Relic","Relic"],"build_version":"2020-12-22","purchased_purges":2,"victory":false,"max_hp_per_floor":[64,64,58,58,58,58,58,58,58,58,58,58,58,58,58,58,58,58,58,29,29,29,29,29,29,29,29,29,29,29],"card_choices":[{"not_picked":["Scrape","Consume"],"picked":"Gash","floor":1.0},{"not_picked":["Conserve Battery","Hologram"],"picked":"Beam Cell","floor":2},{"not_picked":["Loop","Consume"],"picked":"Hologram","floor":5},{"not_picked":["Sweeping Beam","Rebound"],"picked":"Steam","floor":7},{"not_picked":["Doom and Gloom","Go for the Eyes"],"picked":"Core Surge","floor":11},{"not_picked":["Undo","Leap"],"picked":"Reprogram","floor":13},{"not_picked":["Redo","Doom and Gloom","Heatsinks"],"picked":"SKIP","floor":14},{"not_picked":["Meteor Strike","Electrodynamics"],"picked":"Seek","floor":16},{"not_picked":["Skim","Redo","Heatsinks"],"picked":"SKIP","floor":18},{"not_picked":["Go for the Eyes","Steam"],"picked":"Gash+1","floor":19},{"not_picked":["Ball Lightning","Undo+1"],"picked":"Scrape","floor":21},{"not_picked":["Undo","Rainbow"],"picked":"FTL","floor":21},{"not_picked":["Capacitor","Chaos"],"picked":"Go for the Eyes","floor":21},{"not_picked":["Compile Driver","Coolheaded","Steam Power+1"],"picked":"SKIP","floor":24}],"player_experience":2289726,"relics_obtained":[{"floor":7,"key":"Torii"},{"floor":9,"key":"Smiling Mask"},{"floor":13,"key":"Pantograph"},{"floor":26,"key":"Vajra"}],"event_choices":[{"damage_healed":0,"gold_gain":0,"player_choice":"Lose Max HP","damage_taken":0,"relics_obtained":["Golden Idol"],"max_hp_gain":0,"max_hp_loss":6,"event_name":"Golden Idol","floor":3,"gold_loss":0},{"damage_healed":0,"gold_gain":0,"player_choice":"Success","damage_taken":5,"relics_obtained":["StrikeDummy"],"max_hp_gain":0,"max_hp_loss":0,"event_name":"Scrap Ooze","floor":4,"gold_loss":0},{"damage_healed":0,"gold_gain":0,"player_choice":"Ignored","damage_taken":0,"max_hp_gain":0,"max_hp_loss":0,"event_name":"Liars Game","floor":10,"gold_loss":0},{"damage_healed":0,"gold_gain":0,"player_choice":"Became a Ghost","damage_taken":0,"max_hp_gain":0,"max_hp_loss":29,"event_name":"Ghosts","floor":20,"gold_loss":0,"cards_obtained":["Ghostly","Ghostly","Ghostly"]},{"damage_healed":0,"gold_gain":0,"player_choice":"Ignored","damage_taken":0,"max_hp_gain":0,"max_hp_loss":0,"event_name":"Cursed Tome","floor":22,"gold_loss":0},{"damage_healed":0,"gold_gain":0,"cards_transformed":["Strike_B","Strike_B"],"player_choice":"Became Test Subject","damage_taken":0,"max_hp_gain":0,"max_hp_loss":0,"event_name":"Drug Dealer","floor":27,"gold_loss":0,"cards_obtained":["Multi-Cast","Redo"]}],"is_beta":false,"boss_relics":[{"not_picked":["SlaversCollar","Busted Crown"],"picked":"Empty Cage"}],"items_purged_floors":[21,25],"is_endless":false,"potions_floor_spawned":[1,2,11,14,16,18],"killed_by":"Snecko","ascension_level":20}}