{"host":"oy4pyvr762z5n0bb","time":1613031324,"event":{"mods":["AchievementEnabler","BaseMod","Colored Map","Colored Powertips","Googly Eyes","Key Reminder","Minty Spire (QoL Compilation)","Quick Restart","Relic Sorter","Slay the Relics Exporter","StSLib","SuperFastMode","Unceasing Turn Reminder","slay the spire mod where everything is the same but ironclad has a cowboy hat"],"gold_per_floor":[116,127,137,137,111,111,144,144,144,155,229,229,242,257,257,359,359,373,221,221,2,2,2,19,19,19,19,19,49,62,62,62],"floor_reached":31,"language":"ENG","playtime":417,"items_purged":[],"score":253,"play_id":"54d91492-2235-46ee-b6b5-92e02c6836c7","local_time":"20210211001524","is_ascension_mode":false,"campfire_choices":[{"data":"Bash","floor":6,"key":"SMITH"},{"data":"Metallicize","floor":15,"key":"SMITH"},{"data":"Rupture","floor":23,"key":"SMITH"},{"data":"Inflame","floor":25,"key":"SMITH"},{"data":"Rupture","floor":28,"key":"SMITH"}],"circlet_count":0,"master_deck":["Strike_R","Strike_R","Strike_R","Strike_R","Strike_R","Defend_R+1","Defend_R","Defend_R","Defend_R","Bash+1","Perfected Strike","Reckless Charge","Havoc+1","Headbutt","Pommel Strike+1","Parasite","Thunderclap+1","Pain","Cleave+1","Metallicize+1","Berserk","Rupture+1","Flame Barrier","Heavy Blade+1","Offering","Rupture+1","Inflame+1","Shrug It Off+1","Sword Boomerang+1","Clothesline+1"],"relics":["Burning Blood","NeowsBlessing","Molten Egg 2","Oddly Smooth Stone","WarpedTongs","Runic Cube","Orrery","DollysMirror","Self Forming Clay","Tiny Chest"],"acts_visited":["Exordium","TheCity"],"potions_floor_usage":[16,16,16,20,29,31],"damage_taken":[{"damage":0,"enemies":"Small Slimes","floor":1,"turns":1},{"damage":0,"enemies":"Jaw Worm","floor":2,"turns":1},{"damage":0,"enemies":"Cultist","floor":3,"turns":1},{"damage":18,"enemies":"Lagavulin","floor":7,"turns":3},{"damage":0,"enemies":"3 Louse","floor":10,"turns":3},{"damage":4,"enemies":"Lots of Slimes","floor":13,"turns":2},{"damage":3,"enemies":"Exordium Wildlife","floor":14,"turns":2},{"damage":43,"enemies":"Hexaghost","floor":16,"turns":9},{"damage":14,"enemies":"Chosen","floor":18,"turns":4},{"damage":0,"enemies":"Masked Bandits","floor":20,"turns":1},{"damage":22,"enemies":"Spheric Guardian","floor":24,"turns":3},{"damage":33,"enemies":"Book of Stabbing","floor":29,"turns":4},{"damage":32,"enemies":"Centurion and Healer","floor":30,"turns":2},{"damage":9,"enemies":"Gremlin Leader","floor":31,"turns":1}],"seed_played":"-8855179381039256793","potions_obtained":[{"floor":7,"key":"FearPotion"},{"floor":14,"key":"EntropicBrew"},{"floor":16,"key":"SmokeBomb"},{"floor":24,"key":"DuplicationPotion"},{"floor":30,"key":"Explosive Potion"}],"is_trial":false,"path_per_floor":["M","M","M","?","$","R","E","?","T","M","?","?","M","M","R","B",null,"M","$","?","$","?","R","M","R","T","$","R","E","M","E"],"character_chosen":"IRONCLAD","items_purchased":["Headbutt","Orrery","DollysMirror","Inflame"],"campfire_rested":0,"item_purchase_floors":[5,19,21,21],"current_hp_per_floor":[80,80,80,64,64,64,52,72,72,78,78,78,80,80,80,43,80,72,72,78,78,78,78,62,62,62,62,62,35,9,0,0],"gold":62,"neow_bonus":"THREE_ENEMY_KILL","is_daily":false,"chose_seed":false,"campfire_upgraded":5,"win_rate":0.0,"timestamp":1613031324,"path_taken":["M","M","M","?","$","R","E","?","T","?","?","?","M","M","R","BOSS","M","$","?","$","?","R","M","R","T","$","R","E","?","E"],"items_purchased_type":["Card","Relic","Relic","Card"],"build_version":"2020-12-22","purchased_purges":0,"victory":false,"max_hp_per_floor":[80,80,80,80,80,80,80,80,80,80,80,80,80,80,80,80,80,80,80,80,80,80,80,80,80,80,80,80,80,80,80,80],"card_choices":[{"not_picked":["True Grit","Rage"],"picked":"Perfected Strike","floor":1},{"not_picked":["Iron Wave","Entrench"],"picked":"Reckless Charge","floor":2},{"not_picked":["Perfected Strike","Spot Weakness"],"picked":"Havoc","floor":3},{"not_picked":["Ghostly Armor","Dual Wield"],"picked":"Pommel Strike+1","floor":7},{"not_picked":["Clash+1","Sentinel"],"picked":"Thunderclap+1","floor":10},{"not_picked":["Disarm","True Grit"],"picked":"Cleave+1","floor":13},{"not_picked":["Blood for Blood+1","Iron Wave+1"],"picked":"Metallicize","floor":14},{"not_picked":["Limit Break","Feed+1"],"picked":"Berserk","floor":16},{"not_picked":["Infernal Blade","Havoc"],"picked":"Rupture","floor":18},{"not_picked":["Whirlwind+1","Havoc"],"picked":"Flame Barrier","floor":19},{"not_picked":["Burning Pact","Perfected Strike+1"],"picked":"Heavy Blade+1","floor":19},{"not_picked":["Intimidate+1","Flex"],"picked":"Offering","floor":19},{"not_picked":["Flex","Warcry+1"],"picked":"Shrug It Off+1","floor":24},{"not_picked":["Clash+1","Berserk"],"picked":"Sword Boomerang+1","floor":29},{"not_picked":["Bloodletting","Wild Strike+1"],"picked":"Clothesline+1","floor":30}],"player_experience":639987,"relics_obtained":[{"floor":7,"key":"Molten Egg 2"},{"floor":9,"key":"Oddly Smooth Stone"},{"floor":26,"key":"Self Forming Clay"},{"floor":29,"key":"Tiny Chest"}],"event_choices":[{"damage_healed":0,"gold_gain":0,"player_choice":"Entered Light","damage_taken":16,"max_hp_gain":0,"max_hp_loss":0,"event_name":"Shining Light","floor":4,"gold_loss":0,"cards_upgraded":["Havoc","Defend_R"]},{"damage_healed":20,"gold_gain":0,"player_choice":"Healed and dodged fight","damage_taken":0,"max_hp_gain":0,"max_hp_loss":0,"event_name":"Mushrooms","floor":8,"gold_loss":0,"cards_obtained":["Parasite"]},{"damage_healed":0,"gold_gain":74,"player_choice":"Gained Gold","damage_taken":0,"max_hp_gain":0,"max_hp_loss":0,"event_name":"Golden Wing","floor":11,"gold_loss":0},{"damage_healed":0,"gold_gain":0,"player_choice":"Rummage","damage_taken":0,"relics_obtained":["WarpedTongs"],"max_hp_gain":0,"max_hp_loss":0,"event_name":"Accursed Blacksmith","floor":12,"gold_loss":0,"cards_obtained":["Pain"]},{"damage_healed":0,"gold_gain":0,"player_choice":"Fought Bandits","damage_taken":0,"max_hp_gain":0,"max_hp_loss":0,"event_name":"Masked Bandits","floor":20,"gold_loss":0},{"damage_healed":0,"gold_gain":0,"player_choice":"Ignored","damage_taken":0,"max_hp_gain":0,"max_hp_loss":0,"event_name":"NoteForYourself","floor":22,"gold_loss":0}],"is_beta":false,"boss_relics":[{"not_picked":["Busted Crown","Runic Pyramid"],"picked":"Runic Cube"}],"items_purged_floors":[],"is_endless":false,"potions_floor_spawned":[7,14,16,24,30],"killed_by":"Gremlin Leader","ascension_level":0}}