{"host":"29uuqgkzqd703i93","time":1613050493,"event":{"mods":["BaseMod","Minty Spire (QoL Compilation)"],"gold_per_floor":[139,139,139,164,339,339,352,352,397,397,412,412,431,474,474,595,595,580,580,601,601,601],"floor_reached":21,"language":"ENG","playtime":1406,"items_purged":[],"score":179,"play_id":"ea1f7e0b-376f-4ded-a7c5-ea3cbb1f4f66","local_time":"20210211143453","is_ascension_mode":false,"campfire_choices":[{"data":"Neutralize","floor":6,"key":"SMITH"},{"data":"Burst","floor":10,"key":"SMITH"},{"floor":12,"key":"REST"},{"floor":15,"key":"REST"}],"circlet_count":0,"master_deck":["Strike_G","Strike_G","Strike_G","Defend_G","Defend_G","Defend_G","Defend_G","Defend_G","Survivor","Neutralize+1","Jack Of All Trades","Endless Agony","Burst+1","Injury","Terror","Doubt","Sucker Punch","Regret","Dagger Throw","Outmaneuver","Underhanded Strike","After Image","Poisoned Stab+1","Venomology","Terror"],"relics":["Ring of the Snake","Golden Idol","Tough Bandages","Regal Pillow","Shuriken"],"acts_visited":["Exordium","TheCity"],"potions_floor_usage":[21,21,21,21],"damage_taken":[{"damage":0,"enemies":"2 Louse","floor":1,"turns":3},{"damage":0,"enemies":"Jaw Worm","floor":4,"turns":4},{"damage":0,"enemies":"Small Slimes","floor":7,"turns":5},{"damage":22,"enemies":"Gremlin Gang","floor":11,"turns":8},{"damage":4,"enemies":"Red Slaver","floor":13,"turns":4},{"damage":54,"enemies":"3 Sentries","floor":14,"turns":16},{"damage":39,"enemies":"The Guardian","floor":16,"turns":13},{"damage":22,"enemies":"2 Thieves","floor":18,"turns":4},{"damage":33,"enemies":"Spheric Guardian","floor":20,"turns":6},{"damage":19,"enemies":"Snecko","floor":21,"turns":6}],"seed_played":"-9043648862402501264","potions_obtained":[{"floor":7,"key":"SkillPotion"},{"floor":13,"key":"Fire Potion"},{"floor":16,"key":"GhostInAJar"}],"is_trial":false,"path_per_floor":["M","?","?","M","?","R","M","?","T","R","M","R","M","E","R","B",null,"M","?","M","M"],"character_chosen":"THE_SILENT","items_purchased":[],"campfire_rested":2,"item_purchase_floors":[],"current_hp_per_floor":[70,70,70,70,70,70,70,70,70,70,48,70,66,12,48,9,70,48,48,15,0,0],"gold":601,"neow_bonus":"RANDOM_COLORLESS","is_daily":false,"chose_seed":false,"campfire_upgraded":2,"win_rate":0.0,"timestamp":1613050493,"path_taken":["M","?","?","M","?","R","M","?","T","R","M","R","M","E","R","BOSS","M","?","M","?"],"items_purchased_type":[],"build_version":"2020-12-22","purchased_purges":0,"victory":false,"max_hp_per_floor":[70,70,70,70,70,70,70,70,70,70,70,70,70,70,70,70,70,70,70,70,70,70],"card_choices":[{"not_picked":["Purity","Dark Shackles"],"picked":"Jack Of All Trades","floor":0},{"not_picked":["Underhanded Strike","Dagger Spray"],"picked":"Endless Agony","floor":1},{"not_picked":["Slice","Heel Hook"],"picked":"Terror","floor":4},{"not_picked":["Deflect","Bane"],"picked":"Sucker Punch","floor":7},{"not_picked":["Backflip","Eviscerate"],"picked":"Dagger Throw","floor":11},{"not_picked":["Bane","Endless Agony"],"picked":"Outmaneuver","floor":13},{"not_picked":["Finisher","Tactician"],"picked":"Underhanded Strike","floor":14},{"not_picked":["Corpse Explosion","Venomology"],"picked":"After Image","floor":16},{"not_picked":["Dagger Throw","Skewer"],"picked":"Poisoned Stab+1","floor":18},{"not_picked":["Skewer","Dagger Spray+1"],"picked":"Terror","floor":20}],"player_experience":74523,"relics_obtained":[{"floor":9,"key":"Regal Pillow"},{"floor":14,"key":"Shuriken"}],"event_choices":[{"damage_healed":0,"gold_gain":0,"cards_transformed":["Strike_G"],"player_choice":"Change","damage_taken":0,"max_hp_gain":0,"max_hp_loss":0,"event_name":"Living Wall","floor":2,"gold_loss":0,"cards_obtained":["Burst"]},{"damage_healed":0,"gold_gain":0,"player_choice":"Take Wound","damage_taken":0,"relics_obtained":["Golden Idol"],"max_hp_gain":0,"max_hp_loss":0,"event_name":"Golden Idol","floor":3,"gold_loss":0,"cards_obtained":["Injury"]},{"damage_healed":0,"gold_gain":175,"player_choice":"AGREE","damage_taken":0,"max_hp_gain":0,"max_hp_loss":0,"event_name":"Liars Game","floor":5,"gold_loss":0,"cards_obtained":["Doubt"]},{"damage_healed":0,"gold_gain":0,"player_choice":"Box","damage_taken":0,"relics_obtained":["Tough Bandages"],"max_hp_gain":0,"max_hp_loss":0,"event_name":"Big Fish","floor":8,"gold_loss":0,"cards_obtained":["Regret"]},{"damage_healed":0,"gold_gain":0,"cards_transformed":["Strike_G"],"player_choice":"Transformed","damage_taken":0,"max_hp_gain":0,"max_hp_loss":0,"event_name":"Transmorgrifier","floor":19,"gold_loss":0,"cards_obtained":["Venomology"]}],"is_beta":false,"boss_relics":[{"not_picked":["Ring of the Serpent","Runic Dome","Fusion Hammer"]}],"items_purged_floors":[],"is_endless":false,"potions_floor_spawned":[7,13,16,18],"killed_by":"Snecko","ascension_level":0}}