{"host":"2e3z4r48quhw80cc","time":1613046562,"event":{"mods":["BaseMod","Minty Spire (QoL Compilation)","Quick Restart","StSLib","SuperFastMode"],"gold_per_floor":[359,359,309,163,173,200,19,19,67,92,92,104,104,124,124,220,220,235,246,161,187,30,58,68,68,68,68,68,68,68,86,86,86,86],"floor_reached":33,"language":"KOR","playtime":1079,"items_purged":["Strike_G","Strike_G"],"score":536,"play_id":"2085ecac-835e-442b-b9a4-9bcb843e808c","local_time":"20210211212922","is_ascension_mode":true,"campfire_choices":[{"data":"Bullet Time","floor":8.0,"key":"SMITH"},{"data":"Noxious Fumes","floor":13.0,"key":"SMITH"},{"data":"Footwork","floor":15.0,"key":"SMITH"},{"floor":25.0,"key":"REST"},{"data":"Noxious Fumes","floor":27.0,"key":"SMITH"},{"floor":32.0,"key":"REST"}],"circlet_count":0,"master_deck":["AscendersBane","Strike_G+1","Strike_G","Strike_G","Defend_G","Defend_G","Defend_G","Defend_G","Survivor","Neutralize+1","Backflip","Noxious Fumes+1","Bullet Time+1","Footwork+1","Dagger Throw","Dagger Spray","Flying Knee","Corpse Explosion","Quick Slash","Noxious Fumes+1","Well Laid Plans","Leg Sweep+1"],"relics":["Ring of the Snake","Matryoshka","Bag of Preparation","Orichalcum","Happy Flower","Whetstone","Ancient Tea Set","Black Star","CaptainsWheel","Omamori","Membership Card","Juzu Bracelet","White Beast Statue","Sundial"],"acts_visited":["Exordium","TheCity"],"potions_floor_usage":[33,33],"damage_taken":[{"damage":0.0,"enemies":"Cultist","floor":1.0,"turns":4.0},{"damage":0.0,"enemies":"2 Louse","floor":5.0,"turns":4.0},{"damage":40.0,"enemies":"Lagavulin","floor":6.0,"turns":11.0},{"damage":6.0,"enemies":"3 Sentries","floor":10.0,"turns":9.0},{"damage":0.0,"enemies":"Jaw Worm","floor":12.0,"turns":3.0},{"damage":0.0,"enemies":"2 Fungi Beasts","floor":14.0,"turns":3.0},{"damage":0.0,"enemies":"Hexaghost","floor":16.0,"turns":11.0},{"damage":11.0,"enemies":"2 Thieves","floor":18.0,"turns":3.0},{"damage":0.0,"enemies":"3 Byrds","floor":19.0,"turns":4.0},{"damage":28.0,"enemies":"Gremlin Leader","floor":23.0,"turns":7.0},{"damage":1.0,"enemies":"Centurion and Healer","floor":24.0,"turns":4.0},{"damage":0.0,"enemies":"Colosseum Slavers","floor":29.0,"turns":4.0},{"damage":0.0,"enemies":"Snake Plant","floor":31.0,"turns":6.0},{"damage":33,"enemies":"Champ","floor":33,"turns":12}],"seed_played":"6556979808701014973","potions_obtained":[{"floor":6.0,"key":"Poison Potion"},{"floor":10.0,"key":"SpeedPotion"},{"floor":12.0,"key":"Poison Potion"},{"floor":31.0,"key":"Swift Potion"}],"is_trial":false,"path_per_floor":["M","?","?","$","M","E","$","R","T","E","T","M","R","M","R","B",null,"M","M","?","T","$","E","M","R","T","R","?","?","?","M","R","B"],"character_chosen":"THE_SILENT","items_purchased":["Noxious Fumes","Footwork","Membership Card"],"campfire_rested":2,"item_purchase_floors":[4,7,22],"current_hp_per_floor":[63,68,68,68,68,28,28,28,28,22,22,22,22,22,22,22,57,46,46,46,46,46,18,17,37,37,37,25,25,25,25,46,13,13],"gold":86,"neow_bonus":"TWO_FIFTY_GOLD","is_daily":false,"chose_seed":false,"campfire_upgraded":4,"win_rate":0.0,"timestamp":1613046562,"path_taken":["M","?","?","$","M","E","$","R","T","E","?","M","R","M","R","BOSS","M","M","?","?","$","E","M","R","T","R","?","?","?","M","R","BOSS"],"items_purchased_type":["Card","Card","Relic"],"build_version":"2020-12-22","purchased_purges":2,"victory":false,"max_hp_per_floor":[63,68,68,68,68,68,68,68,68,68,68,68,68,68,68,68,68,68,68,68,68,68,68,68,68,68,68,73,73,73,73,73,73,73],"card_choices":[{"not_picked":["Concentrate","Calculated Gamble"],"picked":"Backflip","floor":1.0},{"not_picked":["Choke","Terror","Underhanded Strike"],"picked":"SKIP","floor":5.0},{"not_picked":["Poisoned Stab","Quick Slash"],"picked":"Bullet Time","floor":6.0},{"not_picked":["Outmaneuver","Deflect"],"picked":"Dagger Throw","floor":10.0},{"not_picked":["All Out Attack","Dodge and Roll"],"picked":"Dagger Spray","floor":12.0},{"not_picked":["Riddle With Holes","Infinite Blades"],"picked":"Flying Knee","floor":14.0},{"not_picked":["Storm of Steel","Wraith Form v2"],"picked":"Corpse Explosion","floor":16.0},{"not_picked":["Outmaneuver","Predator"],"picked":"Quick Slash","floor":18.0},{"not_picked":["Distraction+1","Prepared"],"picked":"Noxious Fumes","floor":19.0},{"not_picked":["Deadly Poison","Outmaneuver","Caltrops"],"picked":"SKIP","floor":23.0},{"not_picked":["Sucker Punch+1","Finisher+1","Slice+1"],"picked":"SKIP","floor":24.0},{"not_picked":["Cloak And Dagger","Blade Dance"],"picked":"Leg Sweep+1","floor":31.0}],"player_experience":184004,"relics_obtained":[{"floor":6.0,"key":"Matryoshka"},{"floor":9.0,"key":"Bag of Preparation"},{"floor":9.0,"key":"Orichalcum"},{"floor":10.0,"key":"Happy Flower"},{"floor":11.0,"key":"Whetstone"},{"floor":11.0,"key":"Ancient Tea Set"},{"floor":21.0,"key":"Omamori"},{"floor":23.0,"key":"Juzu Bracelet"},{"floor":23.0,"key":"White Beast Statue"},{"floor":26.0,"key":"Sundial"}],"event_choices":[{"damage_healed":0.0,"max_hp_gain":5.0,"max_hp_loss":0.0,"gold_gain":0.0,"event_name":"Big Fish","player_choice":"Donut","floor":2.0,"gold_loss":0.0,"damage_taken":0.0},{"cards_removed":["Defend_G"],"damage_healed":0.0,"max_hp_gain":0.0,"max_hp_loss":0.0,"gold_gain":0.0,"event_name":"The Cleric","player_choice":"Card Removal","floor":3.0,"gold_loss":50.0,"damage_taken":0.0},{"damage_healed":0.0,"max_hp_gain":0.0,"max_hp_loss":0.0,"gold_gain":0.0,"event_name":"Addict","player_choice":"Obtained Relic","floor":20.0,"gold_loss":85.0,"damage_taken":0.0,"relics_obtained":["CaptainsWheel"]},{"damage_healed":0.0,"max_hp_gain":5.0,"max_hp_loss":0.0,"gold_gain":0.0,"event_name":"Forgotten Altar","player_choice":"Shed Blood","floor":28.0,"gold_loss":0.0,"damage_taken":17.0},{"damage_healed":0.0,"max_hp_gain":0.0,"max_hp_loss":0.0,"gold_gain":0.0,"event_name":"Colosseum","player_choice":"Fight","floor":29.0,"gold_loss":0.0,"damage_taken":0.0},{"damage_healed":0.0,"max_hp_gain":0.0,"max_hp_loss":0.0,"gold_gain":0.0,"event_name":"Colosseum","player_choice":"Fled From Nobs","floor":29.0,"gold_loss":0.0,"damage_taken":0.0},{"damage_healed":0.0,"max_hp_gain":0.0,"max_hp_loss":0.0,"gold_gain":0.0,"event_name":"The Library","player_choice":"Read","floor":30.0,"gold_loss":0.0,"damage_taken":0.0,"cards_obtained":["Well Laid Plans"]}],"is_beta":false,"boss_relics":[{"not_picked":["Sozu","WristBlade"],"picked":"Black Star"}],"items_purged_floors":[4,7],"is_endless":false,"potions_floor_spawned":[6,10,12,18,24,29,31],"killed_by":"Champ","ascension_level":11}}