{"host":"ilxricga2547gmyy","time":1613046277,"event":{"mods":["AchievementEnabler","BaseMod","Minty Spire (QoL Compilation)","Quick Restart","StSLib"],"gold_per_floor":[109,109,126,138,157,187,187,38,38,38,52,86,86,102,102,204,204,224,240,94,124,124,124,157,256,305,305,305,334,353,373,373,373,373],"floor_reached":33,"language":"ENG","playtime":1187,"items_purged":[],"score":443,"play_id":"eff8f3da-5f7f-499e-8653-e3ff9724d170","local_time":"20210211132437","is_ascension_mode":true,"campfire_choices":[{"floor":7.0,"key":"REST"},{"data":"Clash","floor":10.0,"key":"SMITH"},{"floor":13.0,"key":"REST"},{"data":"Armaments","floor":15.0,"key":"SMITH"},{"floor":23,"key":"REST"},{"floor":27,"key":"REST"},{"floor":32,"key":"REST"}],"circlet_count":0,"master_deck":["AscendersBane","Strike_R","Strike_R","Strike_R","Strike_R","Strike_R","Defend_R","Defend_R","Defend_R","Defend_R","Bash","Clash+1","Pommel Strike","Warcry","Thunderclap","Armaments+1","Intimidate+1","Pummel","Bludgeon","Warcry+1","Intimidate+1","Dropkick+1","Armaments+1","Flex+1","Sword Boomerang+1","Armaments+1"],"relics":["Sozu","Meat on the Bone","Strawberry","Mummified Hand","Toxic Egg 2","Runic Pyramid","Pen Nib","Red Mask","Red Skull","Akabeko","Toy Ornithopter"],"acts_visited":["TheCity"],"potions_floor_usage":[],"damage_taken":[{"damage":0.0,"enemies":"Cultist","floor":1.0,"turns":4.0},{"damage":10.0,"enemies":"Small Slimes","floor":3.0,"turns":3.0},{"damage":12.0,"enemies":"Jaw Worm","floor":4.0,"turns":3.0},{"damage":10.0,"enemies":"Large Slime","floor":5.0,"turns":5.0},{"damage":20.0,"enemies":"3 Sentries","floor":6.0,"turns":9.0},{"damage":13.0,"enemies":"Red Slaver","floor":11.0,"turns":4.0},{"damage":32.0,"enemies":"Gremlin Nob","floor":12.0,"turns":4.0},{"damage":1.0,"enemies":"Exordium Thugs","floor":14.0,"turns":3.0},{"damage":51.0,"enemies":"The Guardian","floor":16.0,"turns":9.0},{"damage":24,"enemies":"2 Thieves","floor":18,"turns":3},{"damage":11,"enemies":"Shell Parasite","floor":19,"turns":5},{"damage":29,"enemies":"Masked Bandits","floor":21,"turns":6},{"damage":37,"enemies":"Gremlin Leader","floor":24,"turns":6},{"damage":39,"enemies":"Book of Stabbing","floor":29,"turns":5},{"damage":9,"enemies":"Chosen and Byrds","floor":30,"turns":3},{"damage":3,"enemies":"Shelled Parasite and Fungi","floor":31,"turns":2},{"damage":67,"enemies":"Automaton","floor":33,"turns":6}],"seed_played":"683594465756133099","potions_obtained":[],"is_trial":false,"path_per_floor":["M","$","M","M","M","E","R","$","T","R","M","E","R","M","R","B",null,"M","M","$","?","?","R","E","?","T","R","?","E","M","M","R","B"],"character_chosen":"IRONCLAD","items_purchased":["Strawberry","Pen Nib"],"campfire_rested":5,"item_purchase_floors":[8,20],"current_hp_per_floor":[72,72,62,50,40,20,44,51,51,51,50,30,56,55,55,16,69,45,46,46,29,29,55,30,30,30,56,56,29,32,41,67,0,0],"gold":373,"neow_bonus":"BOSS_RELIC","is_daily":false,"chose_seed":false,"campfire_upgraded":2,"win_rate":0.0,"timestamp":1613046277,"path_taken":["M","$","M","M","M","E","R","$","T","R","M","E","R","M","R","BOSS","M","M","$","?","?","R","E","?","T","R","?","E","M","?","R","BOSS"],"items_purchased_type":["Relic","Relic"],"build_version":"2020-12-22","purchased_purges":0,"victory":false,"max_hp_per_floor":[80,80,80,80,80,80,80,87,87,87,87,87,87,87,87,87,87,87,87,87,87,87,87,87,87,87,87,87,87,87,87,87,87,87],"card_choices":[{"not_picked":["Seeing Red","Warcry"],"picked":"Clash","floor":1.0},{"not_picked":["Havoc","Power Through","Rage"],"picked":"SKIP","floor":3.0},{"not_picked":["True Grit","Anger"],"picked":"Pommel Strike","floor":4.0},{"not_picked":["Wild Strike","Reckless Charge"],"picked":"Warcry","floor":5.0},{"not_picked":["Reckless Charge","Warcry"],"picked":"Thunderclap","floor":6.0},{"not_picked":["Burning Pact","Clothesline"],"picked":"Armaments","floor":11.0},{"not_picked":["Sentinel+1","Dropkick"],"picked":"Intimidate+1","floor":12.0},{"not_picked":["Searing Blow","Brutality"],"picked":"Pummel","floor":14.0},{"not_picked":["Reaper","Corruption"],"picked":"Bludgeon","floor":16.0},{"not_picked":["Blood for Blood","Reckless Charge"],"picked":"Warcry+1","floor":18},{"not_picked":["Body Slam+1","Blood for Blood"],"picked":"Intimidate+1","floor":19},{"not_picked":["Clothesline","Evolve"],"picked":"Dropkick","floor":21},{"not_picked":["Barricade","True Grit+1"],"picked":"Armaments+1","floor":24},{"not_picked":["Twin Strike","Sword Boomerang"],"picked":"Flex+1","floor":29},{"not_picked":["Heavy Blade","Evolve+1"],"picked":"Sword Boomerang+1","floor":30},{"not_picked":["Sword Boomerang","Juggernaut"],"picked":"Armaments+1","floor":31}],"player_experience":281905,"relics_obtained":[{"floor":6.0,"key":"Meat on the Bone"},{"floor":9.0,"key":"Mummified Hand"},{"floor":12.0,"key":"Toxic Egg 2"},{"floor":21,"key":"Red Mask"},{"floor":24,"key":"Red Skull"},{"floor":26,"key":"Akabeko"},{"floor":29,"key":"Toy Ornithopter"}],"event_choices":[{"damage_healed":0,"gold_gain":0,"player_choice":"Fought Bandits","damage_taken":0,"max_hp_gain":0,"max_hp_loss":0,"event_name":"Masked Bandits","floor":21,"gold_loss":0},{"damage_healed":0,"gold_gain":0,"player_choice":"Ignored","damage_taken":0,"max_hp_gain":0,"max_hp_loss":0,"event_name":"The Mausoleum","floor":22,"gold_loss":0},{"damage_healed":0,"gold_gain":99,"player_choice":"Stole From Cult","damage_taken":0,"max_hp_gain":0,"max_hp_loss":0,"event_name":"Nest","floor":25,"gold_loss":0},{"damage_healed":0,"gold_gain":0,"player_choice":"Upgraded","damage_taken":0,"max_hp_gain":0,"max_hp_loss":0,"event_name":"Upgrade Shrine","floor":28,"gold_loss":0,"cards_upgraded":["Dropkick"]}],"is_beta":false,"boss_relics":[{"not_picked":["Busted Crown","Mark of Pain"],"picked":"Runic Pyramid"}],"items_purged_floors":[],"is_endless":false,"potions_floor_spawned":[3,5,11,12,24,31],"killed_by":"Automaton","ascension_level":10}}