{"host":"i1fqlpve17okw40o","time":1613059650,"event":{"mods":["A Magickal Journey","Act Like it!","Aspiration","BaseMod","BetterRewards","CapriCore","Colored Map","Colored Powertips","Downfall","Elementarium","Energized Spire","Glutton Mod","Halation","Hermit","Highlight Path","Hubris","Koishi","Marisa????????","Mimic Mod","Minty Spire (QoL Compilation)","Quick Restart","Random Character Button","Relic Sorter","Reliquary","Replay The Spire","Retaliation","Reworked Bosses","Shade Mod","StSLib","SuperFastMode","Td1madao Mod","The Construct","The Disciple","The Forsaken","The Immortal","The Runesmith","The Senshi","The Servant 0.9.4"],"gold_per_floor":[113,123,123,139,153,153,182,182,206,231,231,242,43,61,61,61,61],"floor_reached":16,"language":"ENG","playtime":579,"items_purged":[],"score":112,"play_id":"51d62a60-1ef1-41cf-97f6-3ec090c7c73a","local_time":"20210211100730","is_ascension_mode":false,"campfire_choices":[{"data":"Replay:Anticipation","floor":6,"key":"SMITH"},{"data":"Vigilance","floor":8,"key":"SMITH"},{"floor":15,"key":"REST"}],"circlet_count":0,"master_deck":["Strike_P","Strike_P","Strike_P","Strike_P","Defend_P","Defend_P","Defend_P","Defend_P","Eruption","Vigilance+1","EmptyFist+1","FearNoEvil","Replay:Anticipation+1","Tantrum","Indignation","MentalFortress","Consecrate"],"relics":["PureWater","Calipers","Replay:Towering Pillar of Hats","aspiration:ChemicalBlood","PreservedInsect"],"acts_visited":["Exordium"],"potions_floor_usage":[5,7,10,14,16,16],"damage_taken":[{"damage":6,"enemies":"2 Louse","floor":1,"turns":3},{"damage":4,"enemies":"Cultist","floor":2,"turns":4},{"damage":1,"enemies":"Jaw Worm","floor":4,"turns":3},{"damage":4,"enemies":"Blue Slaver","floor":5,"turns":2},{"damage":21,"enemies":"Lagavulin","floor":7,"turns":6},{"damage":18,"enemies":"3 Sentries","floor":10,"turns":6},{"damage":12,"enemies":"Gremlin Gang","floor":12,"turns":4},{"damage":1,"enemies":"3 Louse","floor":14,"turns":3},{"damage":45,"enemies":"Hexaghost","floor":16,"turns":9}],"seed_played":"2711997417533310514","potions_obtained":[{"floor":2,"key":"Venom Potion"},{"floor":4,"key":"Swift Potion"},{"floor":5,"key":"Fruit Juice"},{"floor":7,"key":"PowerPotion"}],"is_trial":false,"path_per_floor":["M","M","?","M","M","R","E","R","T","E","?","M","$","M","R","B"],"character_chosen":"WATCHER","items_purchased":["PreservedInsect","Fire Potion"],"campfire_rested":1,"item_purchase_floors":[13,13],"current_hp_per_floor":[73,69,69,68,69,69,48,48,48,30,30,18,18,17,42,0,0],"gold":61,"neow_bonus":"TEN_PERCENT_HP_BONUS","is_daily":false,"chose_seed":false,"campfire_upgraded":2,"win_rate":0.0,"timestamp":1613059650,"path_taken":["M","M","?","M","M","R","E","R","T","E","?","?","$","M","R","BOSS"],"items_purchased_type":["Relic","Potion"],"build_version":"2020-12-22","purchased_purges":0,"victory":false,"max_hp_per_floor":[79,79,79,79,84,84,84,84,84,84,84,84,84,84,84,84,84],"card_choices":[{"not_picked":["BowlingBash","Nirvana"],"picked":"EmptyFist","floor":1},{"not_picked":["FollowUp","JustLucky"],"picked":"FearNoEvil","floor":2},{"not_picked":["Crescendo","Consecrate","Replay:Battleflow"],"picked":"SKIP","floor":4},{"not_picked":["EmptyBody","Replay:BluntJabs"],"picked":"Replay:Anticipation","floor":5},{"not_picked":["MasterReality","FlurryOfBlows"],"picked":"Tantrum","floor":7},{"not_picked":["Conclude","Replay:Vibes"],"picked":"Indignation","floor":10},{"not_picked":["FlurryOfBlows","Protect"],"picked":"MentalFortress","floor":12},{"not_picked":["Weave","SashWhip"],"picked":"Consecrate","floor":14}],"player_experience":425761,"relics_obtained":[{"floor":7,"key":"Calipers"},{"floor":10,"key":"Replay:Towering Pillar of Hats"}],"event_choices":[{"damage_healed":0,"gold_gain":0,"player_choice":"Grow","damage_taken":0,"max_hp_gain":0,"max_hp_loss":0,"event_name":"Living Wall","floor":3,"gold_loss":0,"cards_upgraded":["EmptyFist"]},{"damage_healed":0,"gold_gain":0,"player_choice":"Gave Potion","damage_taken":0,"relics_obtained":["aspiration:ChemicalBlood"],"max_hp_gain":0,"max_hp_loss":0,"event_name":"WeMeetAgain","floor":11,"gold_loss":0}],"is_beta":false,"boss_relics":[],"items_purged_floors":[],"is_endless":false,"potions_floor_spawned":[2,4,5,7],"killed_by":"Hexaghost","ascension_level":0}}