{"host":"8eqe2o2g03nh9rfw","time":1613080011,"event":{"mods":["AchievementEnabler","AlwaysNeverKeys","BaseMod","Better Third Choice","Block Reminder","Colored Map","Colored Powertips","GifTheSpireLib","Minty Spire (QoL Compilation)","Permanent Neow","Quick Restart","StSLib","Weighted Paths"],"gold_per_floor":[109,28,45,20,20,20,55,55,78,88,88,88,101,132,132,232,232,245,245,262,277,277,277,277,277],"floor_reached":24,"language":"ENG","playtime":1427,"items_purged":[],"score":204,"play_id":"267290f6-6609-45e9-925a-60c1807db09b","local_time":"20210211164651","is_ascension_mode":false,"campfire_choices":[{"floor":6,"key":"REST"},{"data":"Terror","floor":8,"key":"SMITH"},{"floor":12,"key":"REST"},{"data":"Bullet Time","floor":15,"key":"SMITH"},{"floor":23,"key":"REST"}],"circlet_count":0,"master_deck":["Strike_G","Strike_G","Strike_G+1","Strike_G","Strike_G","Defend_G","Defend_G","Defend_G","Defend_G","Defend_G","Survivor+1","Neutralize","Infinite Blades","Panacea","Terror+1","Blade Dance","Blade Dance","Slice","Regret","Bullet Time+1","Glass Knife","Night Terror","Well Laid Plans+1","Pain","Expertise+1","Flying Knee+1"],"relics":["Runic Dome","Strawberry","Kunai","White Beast Statue","Philosopher\u0027s Stone","WarpedTongs","Nloth\u0027s Gift"],"acts_visited":["Exordium","TheCity"],"potions_floor_usage":[1,14,16,16,18,21,21,21,24,24],"damage_taken":[{"damage":4,"enemies":"Cultist","floor":1,"turns":5},{"damage":0,"enemies":"Jaw Worm","floor":3,"turns":3},{"damage":26,"enemies":"3 Sentries","floor":7,"turns":9},{"damage":0,"enemies":"2 Louse","floor":10,"turns":2},{"damage":1,"enemies":"Blue Slaver","floor":13,"turns":4},{"damage":2,"enemies":"Lagavulin","floor":14,"turns":5},{"damage":50,"enemies":"The Guardian","floor":16,"turns":11},{"damage":26,"enemies":"3 Byrds","floor":18,"turns":5},{"damage":5,"enemies":"Spheric Guardian","floor":20,"turns":2},{"damage":40,"enemies":"Centurion and Healer","floor":21,"turns":4},{"damage":29,"enemies":"Gremlin Leader","floor":24,"turns":2}],"seed_played":"7455758126248482556","potions_obtained":[{"floor":1,"key":"EntropicBrew"},{"floor":10,"key":"PowerPotion"},{"floor":13,"key":"ColorlessPotion"},{"floor":16,"key":"LiquidMemories"},{"floor":18,"key":"GamblersBrew"},{"floor":20,"key":"Poison Potion"},{"floor":21,"key":"Explosive Potion"}],"is_trial":false,"path_per_floor":["M","$","M","$","?","R","E","R","T","M","?","R","M","E","R","B",null,"M","?","M","M","?","R","E"],"character_chosen":"THE_SILENT","items_purchased":["Panacea","Blade Dance"],"campfire_rested":3,"item_purchase_floors":[2,4],"current_hp_per_floor":[66,66,66,66,52,70,51,51,51,51,51,74,73,71,71,21,77,51,51,46,6,6,29,0,0],"gold":277,"neow_bonus":"BOSS_RELIC","is_daily":false,"chose_seed":false,"campfire_upgraded":2,"win_rate":0.0,"timestamp":1613080011,"path_taken":["M","?","M","$","?","R","E","R","T","M","?","R","?","E","R","BOSS","M","?","?","M","?","R","E"],"items_purchased_type":["Card","Card"],"build_version":"2020-12-22","purchased_purges":0,"victory":false,"max_hp_per_floor":[70,70,70,70,70,70,77,77,77,77,77,77,77,77,77,77,77,77,77,77,77,77,77,77,77],"card_choices":[{"not_picked":["Caltrops","Prepared"],"picked":"Infinite Blades","floor":1},{"not_picked":["Deadly Poison","Accuracy"],"picked":"Terror","floor":3},{"not_picked":["All Out Attack","Deflect"],"picked":"Blade Dance","floor":7},{"not_picked":["Outmaneuver","Endless Agony"],"picked":"Slice","floor":10},{"not_picked":["Blur","Flying Knee"],"picked":"Bullet Time","floor":13},{"not_picked":["Backflip","Slice"],"picked":"Glass Knife","floor":14},{"not_picked":["Unload","Bullet Time"],"picked":"Night Terror","floor":16},{"not_picked":["Quick Slash","Heel Hook+1"],"picked":"Well Laid Plans+1","floor":18},{"not_picked":["Acrobatics","Dodge and Roll"],"picked":"Expertise+1","floor":20},{"not_picked":["Slice+1","Dodge and Roll"],"picked":"Flying Knee+1","floor":21}],"player_experience":115324,"relics_obtained":[{"floor":7,"key":"Strawberry"},{"floor":9,"key":"Potion Belt"},{"floor":14,"key":"White Beast Statue"}],"event_choices":[{"damage_healed":66,"gold_gain":0,"player_choice":"Upgrade","damage_taken":14,"max_hp_gain":0,"max_hp_loss":70,"event_name":"betterThird:BetterShining","floor":5,"gold_loss":0,"cards_upgraded":["Survivor","Strike_G"]},{"damage_healed":0,"gold_gain":0,"player_choice":"Box","damage_taken":0,"relics_obtained":["Kunai"],"max_hp_gain":0,"max_hp_loss":0,"event_name":"Big Fish","floor":11,"gold_loss":0,"cards_obtained":["Regret"]},{"damage_healed":0,"gold_gain":0,"player_choice":"Rummage","damage_taken":0,"relics_obtained":["WarpedTongs"],"max_hp_gain":0,"max_hp_loss":0,"event_name":"Accursed Blacksmith","floor":19,"gold_loss":0,"cards_obtained":["Pain"]},{"damage_healed":0,"gold_gain":0,"player_choice":"Traded Relic","damage_taken":0,"relics_obtained":["Nloth\u0027s Gift"],"max_hp_gain":0,"max_hp_loss":0,"event_name":"N\u0027loth","floor":22,"relics_lost":["Potion Belt"],"gold_loss":0}],"is_beta":false,"boss_relics":[{"not_picked":["Coffee Dripper","Astrolabe"],"picked":"Philosopher\u0027s Stone"}],"items_purged_floors":[],"is_endless":false,"potions_floor_spawned":[1,10,13,16,18,20,21],"killed_by":"Gremlin Leader","ascension_level":0}}