{"host":"1bzbl1adcbkdzqlf","time":1613014693,"event":{"mods":["BaseMod","Minty Spire (QoL Compilation)","Slay the Relics Exporter"],"gold_per_floor":[113,127,127,145,145,145,189,189,189,202,202,202,49,84,84,204,204,228,228,128,141,161,196,196,210,210,251,301,301,301],"floor_reached":29,"language":"ENG","playtime":2375,"items_purged":["Strike_R","Perfected Strike"],"score":459,"play_id":"a2a3bed2-07da-4cdc-aca0-fbd9bfec685e","local_time":"20210210213813","is_ascension_mode":true,"campfire_choices":[{"floor":6,"key":"REST"},{"floor":11,"key":"REST"},{"floor":15,"key":"REST"},{"floor":24,"key":"REST"}],"circlet_count":0,"master_deck":["AscendersBane","Bash","Shrug It Off","Thunderclap","Armaments","Offering","Battle Trance","Inflame","Dual Wield","Feed","Battle Trance","Entrench","Hemokinesis","Shockwave","Shockwave","Corruption","Headbutt","Feed","Twin Strike","Pommel Strike","Spot Weakness+1","Dark Embrace","True Grit+1"],"relics":["SlaversCollar","Golden Idol","Bag of Preparation","Anchor","Question Card","Ancient Tea Set","Vajra","Pandora\u0027s Box","Sundial","Bird Faced Urn","Toxic Egg 2"],"acts_visited":["Exordium","TheCity"],"potions_floor_usage":[7,14,21,22,22],"damage_taken":[{"damage":5,"enemies":"2 Louse","floor":1,"turns":4},{"damage":6,"enemies":"Small Slimes","floor":2,"turns":4},{"damage":0,"enemies":"Cultist","floor":4,"turns":4},{"damage":19,"enemies":"3 Sentries","floor":7,"turns":12},{"damage":15,"enemies":"Gremlin Gang","floor":10,"turns":6},{"damage":14,"enemies":"Gremlin Nob","floor":14,"turns":3},{"damage":37,"enemies":"The Guardian","floor":16,"turns":11},{"damage":4,"enemies":"Spheric Guardian","floor":18,"turns":3},{"damage":6,"enemies":"Chosen","floor":21,"turns":3},{"damage":6,"enemies":"Snecko","floor":22,"turns":3},{"damage":34,"enemies":"Slavers","floor":23,"turns":5},{"damage":22,"enemies":"Cultist and Chosen","floor":25,"turns":5},{"damage":21,"enemies":"Book of Stabbing","floor":27,"turns":4},{"damage":34,"enemies":"Gremlin Leader","floor":29,"turns":4}],"seed_played":"3962655365819350611","potions_obtained":[{"floor":2,"key":"FearPotion"},{"floor":4,"key":"Ancient Potion"},{"floor":10,"key":"Energy Potion"},{"floor":18,"key":"SkillPotion"},{"floor":21,"key":"SkillPotion"}],"is_trial":false,"path_per_floor":["M","M","?","M","?","R","E","?","T","M","R","T","$","E","R","B",null,"M","?","$","M","M","E","R","M","T","E","?","E"],"character_chosen":"IRONCLAD","items_purchased":["Inflame"],"campfire_rested":4,"item_purchase_floors":[13],"current_hp_per_floor":[67,61,41,41,34,58,39,32,32,17,41,41,41,27,51,14,64,63,63,63,60,54,26,53,34,34,22,22,0,0],"gold":301,"neow_bonus":"BOSS_RELIC","is_daily":false,"chose_seed":false,"campfire_upgraded":0,"win_rate":0.0,"timestamp":1613014693,"path_taken":["M","M","?","M","?","R","E","?","T","M","R","?","$","E","R","BOSS","M","?","$","M","?","E","R","?","T","E","?","E"],"items_purchased_type":["Card"],"build_version":"2020-12-22","purchased_purges":2,"victory":false,"max_hp_per_floor":[80,80,80,80,80,80,80,80,80,80,80,80,80,80,80,80,80,83,83,83,86,86,92,92,95,95,98,98,98,98],"card_choices":[{"not_picked":["Hemokinesis","Headbutt"],"picked":"Shrug It Off","floor":1},{"not_picked":["Pommel Strike","Iron Wave"],"picked":"Thunderclap","floor":2},{"not_picked":["Feel No Pain","Infernal Blade"],"picked":"Armaments","floor":4},{"not_picked":["Clash","Perfected Strike"],"picked":"Offering","floor":7},{"not_picked":["Iron Wave","Burning Pact","Thunderclap"],"picked":"Battle Trance","floor":10},{"not_picked":["Perfected Strike","Dropkick","Wild Strike"],"picked":"Dual Wield","floor":14},{"not_picked":["Juggernaut","Immolate","Demon Form"],"picked":"Feed","floor":16},{"not_picked":["Shrug It Off","Metallicize","Armaments"],"picked":"Headbutt","floor":18},{"not_picked":["True Grit","Spot Weakness","Sword Boomerang"],"picked":"Twin Strike","floor":21},{"not_picked":["Heavy Blade","Body Slam","Armaments"],"picked":"Pommel Strike","floor":22},{"not_picked":["Body Slam+1","Combust+1","Havoc"],"picked":"Spot Weakness+1","floor":23},{"not_picked":["Anger","Spot Weakness","Seeing Red"],"picked":"Dark Embrace","floor":25},{"not_picked":["Headbutt","Entrench+1","Feed"],"picked":"True Grit+1","floor":27}],"player_experience":429921,"relics_obtained":[{"floor":7,"key":"Bag of Preparation"},{"floor":9,"key":"Question Card"},{"floor":12,"key":"Ancient Tea Set"},{"floor":14,"key":"Vajra"},{"floor":23,"key":"Sundial"},{"floor":26,"key":"Bird Faced Urn"},{"floor":27,"key":"Toxic Egg 2"}],"event_choices":[{"damage_healed":0,"gold_gain":0,"player_choice":"Take Damage","damage_taken":20,"relics_obtained":["Golden Idol"],"max_hp_gain":0,"max_hp_loss":0,"event_name":"Golden Idol","floor":3,"gold_loss":0},{"cards_removed":["Strike_R"],"damage_healed":0,"gold_gain":0,"player_choice":"Card Removal","damage_taken":7,"max_hp_gain":0,"max_hp_loss":0,"event_name":"Golden Wing","floor":5,"gold_loss":0},{"damage_healed":0,"gold_gain":0,"player_choice":"Success","damage_taken":7,"relics_obtained":["Anchor"],"max_hp_gain":0,"max_hp_loss":0,"event_name":"Scrap Ooze","floor":8,"gold_loss":0},{"damage_healed":0,"gold_gain":0,"player_choice":"Copied","damage_taken":0,"max_hp_gain":0,"max_hp_loss":0,"event_name":"Duplicator","floor":19,"gold_loss":0,"cards_obtained":["Feed"]},{"damage_healed":0,"gold_gain":100,"player_choice":"Bet on Murderer","damage_taken":0,"max_hp_gain":0,"max_hp_loss":0,"event_name":"The Joust","floor":28,"gold_loss":50}],"is_beta":false,"boss_relics":[{"not_picked":["Runic Pyramid","Runic Cube"],"picked":"Pandora\u0027s Box"}],"items_purged_floors":[13,20],"is_endless":false,"potions_floor_spawned":[2,4,10,18,21],"killed_by":"Gremlin Leader","ascension_level":12}}