{"host":"17w3oyws87dzn6xb","time":1613039379,"event":{"mods":["BaseMod","Colored Powertips","Conspire","Downfall","Hero for Fun","Hubris","Infinite Spire","Marisa????????","Mimic Mod","Minty Spire (QoL Compilation)","Rare Cards Sparkle","Reliquary","Replay The Spire","Robot Space Explorer","Spicy Shops","StSLib","The Cursed","The Disciple","The Necromancer","The Servant 0.9.4"],"gold_per_floor":[99,110,120,140,140,153,153,177,188,199,212,212,229,245,257,257,257,257],"floor_reached":16,"language":"ENG","playtime":1866,"items_purged":[],"score":100,"play_id":"a46d2ae6-fc42-47d9-aa76-00b900e7af0f","local_time":"20210211132939","is_ascension_mode":false,"campfire_choices":[{"data":"hexamod:Sear","floor":1,"key":"SMITH"}],"circlet_count":0,"master_deck":["hexamod:Strike","hexamod:Strike","hexamod:Strike","hexamod:Strike","hexamod:Defend","hexamod:Defend","hexamod:Defend","hexamod:Defend","hexamod:Sear+1","hexamod:Float","hexamod:FastForward","hexamod:RecurringNightmare","hexamod:Again","hexamod:TurnItUp","hexamod:EtherealExpedition","hexamod:NightmareGuise","hexamod:Again+1","hexamod:ThermalTransfer","hexamod:RetreatToShadows","hexamod:SwordOfDarkness"],"relics":["hexamod:SpiritBrand","Chameleon Ring","reliquary:TatteredRug"],"acts_visited":["Exordium"],"potions_floor_usage":[10,15,16,16],"damage_taken":[{"damage":0,"enemies":"Cultist","floor":2,"turns":3},{"damage":1,"enemies":"2 Louse","floor":3,"turns":3},{"damage":1,"enemies":"Jaw Worm","floor":4,"turns":4},{"damage":0,"enemies":"Gremlin Gang","floor":6,"turns":7},{"damage":13,"enemies":"3 Louse","floor":9,"turns":5},{"damage":10,"enemies":"Exordium Thugs","floor":10,"turns":7},{"damage":2,"enemies":"Blue Slaver","floor":11,"turns":5},{"damage":14,"enemies":"Exordium Wildlife","floor":13,"turns":5},{"damage":9,"enemies":"Exordium Thugs","floor":14,"turns":6},{"damage":0,"enemies":"3 Louse","floor":15,"turns":2},{"damage":51,"enemies":"DF_ARCHETYPE_STREAMLINE","floor":16,"turns":6}],"seed_played":"-1540804188999128678","potions_obtained":[{"floor":2,"key":"SpeedPotion"},{"floor":4,"key":"ColorlessPotion"},{"floor":5,"key":"conspire:TimeTravelPotion"},{"floor":10,"key":"ColorlessPotion"}],"is_trial":false,"path_per_floor":["R","M","M","M","?","M","T","T","M","M","M","?","M","M","M","B"],"character_chosen":"THE_SPIRIT","items_purchased":[],"campfire_rested":0,"item_purchase_floors":[],"current_hp_per_floor":[77,77,76,75,75,75,75,75,62,52,50,50,36,27,27,0,0,0],"gold":257,"neow_bonus":"TEN_PERCENT_HP_BONUS","is_daily":false,"chose_seed":false,"campfire_upgraded":1,"win_rate":0.0,"timestamp":1613039379,"path_taken":["R","M","M","?","?","?","T","?","?","M","M","?","M","M","M","BOSS"],"items_purchased_type":[],"build_version":"2020-12-22","purchased_purges":0,"victory":false,"max_hp_per_floor":[77,77,77,77,77,77,77,77,77,77,77,77,77,77,77,77,77,77],"card_choices":[{"not_picked":["hexamod:ThirdSeal","hexamod:Hexaguard"],"picked":"hexamod:FastForward","floor":2},{"not_picked":["hexamod:FastForward","hexamod:SecondSeal"],"picked":"hexamod:RecurringNightmare","floor":3},{"not_picked":["hexamod:Incineration","hexamod:SpectersWail"],"picked":"hexamod:Again","floor":4},{"not_picked":["hexamod:NightmareGuise","hexamod:NightmareStrike"],"picked":"hexamod:TurnItUp","floor":6},{"not_picked":["hexamod:GhostShield","hexamod:HauntingEcho"],"picked":"hexamod:EtherealExpedition","floor":9},{"not_picked":["hexamod:HeatCrush","hexamod:FastForward"],"picked":"hexamod:NightmareGuise","floor":10},{"not_picked":["hexamod:HeatMetal","hexamod:ThermalTransfer"],"picked":"hexamod:Again","floor":11},{"not_picked":["hexamod:GhostOfSpireFuture","hexamod:Hexaguard"],"picked":"hexamod:ThermalTransfer","floor":13},{"not_picked":["hexamod:FastForward","hexamod:BacktrackSmack"],"picked":"hexamod:RetreatToShadows","floor":14},{"not_picked":["hexamod:Firestarter","hexamod:NightmareGuise"],"picked":"hexamod:SwordOfDarkness","floor":15}],"player_experience":119652,"relics_obtained":[{"floor":7,"key":"Chameleon Ring"},{"floor":8,"key":"reliquary:TatteredRug"}],"event_choices":[{"damage_healed":0,"gold_gain":0,"player_choice":"Got Potions","damage_taken":0,"max_hp_gain":0,"max_hp_loss":0,"event_name":"Lab","floor":5,"gold_loss":0},{"damage_healed":0,"gold_gain":0,"player_choice":"Forge","damage_taken":0,"max_hp_gain":0,"max_hp_loss":0,"event_name":"Accursed Blacksmith","floor":12,"gold_loss":0,"cards_upgraded":["hexamod:Again"]}],"is_beta":false,"boss_relics":[],"items_purged_floors":[],"is_endless":false,"potions_floor_spawned":[2,4,10,13,14],"killed_by":"DF_ARCHETYPE_STREAMLINE","ascension_level":0}}