{"host":"Doisman","time":1613064769,"event":{"mods":["AchievementEnabler","BaseMod","Better Note","Curses Come First","Minty Spire (QoL Compilation)","Permanent Neow","Quick Restart","Relic Stats","Replay The Spire","StSLib","slay the spire mod where everything is the same but ironclad has a cowboy hat"],"gold_per_floor":[114,114,39,4,19,19,34,34,34,46,58,85,112,124,136,274,286,337,349,286,319,36,79,79,112,162,205,205,205,242,279,279,405,405,446,477,477,508,508,556,599,142,142,142,2,41,18,53,53,69],"floor_reached":51,"language":"ENG","playtime":1867,"items_purged":["The Bomb","Strike_P"],"score":921,"play_id":"ac5cf64b-99bc-4fed-bf8b-fbdaf40f3dcd","local_time":"20210211113249","daily_mods":["Allstar","Vintage","Binary"],"is_ascension_mode":false,"campfire_choices":[{"data":"Vigilance","floor":6,"key":"SMITH"},{"data":"Metamorphosis","floor":8,"key":"SMITH"},{"data":"Panacea","floor":10,"key":"SMITH"},{"data":"Dark Shackles","floor":15,"key":"SMITH"},{"floor":24,"key":"REST"},{"floor":28,"key":"REST"},{"floor":32,"key":"REST"},{"floor":44,"key":"REST"},{"floor":49,"key":"REST"}],"circlet_count":0,"master_deck":["Strike_P+1","Defend_P+1","Defend_P+1","Defend_P+1","Defend_P+1","Eruption+1","Vigilance+1","Flash of Steel+1","Dark Shackles+1","Metamorphosis+1","Panacea+1","MasterReality+1","Master of Strategy+1","JustLucky+1","Wireheading+1","FlurryOfBlows+1"],"relics":["PureWater","Matryoshka","Whetstone","Pen Nib","MawBank","White Beast Statue","Juzu Bracelet","Replay:Bandana","Fusion Hammer","Golden Egg","Gremlin Food","Pondfish Scales","Eternal Feather","Anchor","Centennial Puzzle","Mummified Hand","HornCleat","Replay:Mystery Machine","SlaversCollar","Replay:Rubber Ducky","Damaru","Du-Vu Doll","Yang","ReplayTheSpireMod:Shallot","OrangePellets","Potion Belt","Pear","Nunchaku","Toy Ornithopter","Iron Hammer"],"acts_visited":["Exordium","TheCity","TheBeyond"],"potions_floor_usage":[46,50,50,50,50,50,50,50,50],"damage_taken":[{"damage":3,"enemies":"2 Louse","floor":1,"turns":2},{"damage":0,"enemies":"Jaw Worm","floor":5,"turns":4},{"damage":1,"enemies":"Cultist","floor":7,"turns":3},{"damage":0,"enemies":"Exordium Wildlife","floor":12,"turns":1},{"damage":2,"enemies":"Looter","floor":13,"turns":3},{"damage":0,"enemies":"Slime Boss","floor":16,"turns":5},{"damage":0,"enemies":"Spheric Guardian","floor":18,"turns":3},{"damage":3,"enemies":"2 Thieves","floor":21,"turns":4},{"damage":2,"enemies":"Cultist and Chosen","floor":23,"turns":5},{"damage":0,"enemies":"Shelled Parasite and Fungi","floor":25,"turns":3},{"damage":0,"enemies":"Snake Plant","floor":27,"turns":3},{"damage":0,"enemies":"Cultist and Chosen","floor":30,"turns":3},{"damage":13,"enemies":"3 Cultists","floor":31,"turns":4},{"damage":28,"enemies":"Champ","floor":33,"turns":9},{"damage":2,"enemies":"3 Darklings","floor":35,"turns":5},{"damage":0,"enemies":"Orb Walker","floor":36,"turns":4},{"damage":0,"enemies":"3 Darklings","floor":38,"turns":5},{"damage":0,"enemies":"R_Hoarder","floor":40,"turns":5},{"damage":0,"enemies":"Sphere and 2 Shapes","floor":41,"turns":3},{"damage":0,"enemies":"Spire Growth","floor":46,"turns":3},{"damage":0,"enemies":"3 Darklings","floor":48,"turns":5},{"damage":51,"enemies":"Time Eater","floor":50,"turns":7}],"seed_played":"-587577638262706789","potions_obtained":[{"floor":1,"key":"EntropicBrew"},{"floor":12,"key":"Reflective Coating"},{"floor":13,"key":"Venom Potion"},{"floor":18,"key":"BottledMiracle"},{"floor":21,"key":"CultistPotion"},{"floor":46,"key":"Cursed Concoction"},{"floor":48,"key":"SkillPotion"}],"is_trial":false,"path_per_floor":["M","?","$","?","M","R","M","R","T","R","$","M","M","?","R","B",null,"M","$","?","M","$","M","R","M","T","M","R","?","M","M","R","B",null,"M","M","?","M","?","E","M","$","T","R","?","M","$","M","R","B",null],"character_chosen":"WATCHER","items_purchased":["Master of Strategy","JustLucky","Wireheading+1","OrangePellets","Potion Belt","Dexterity Potion","AttackPotion","FlurryOfBlows"],"campfire_rested":5,"item_purchase_floors":[22,22,42,42,42,42,42,47],"current_hp_per_floor":[69,69,69,72,72,72,71,71,71,71,71,71,69,62,62,62,72,72,72,72,69,69,67,72,72,72,72,72,72,72,59,72,44,72,70,70,70,70,70,70,70,70,80,82,82,82,82,82,82,31],"gold":69,"neow_bonus":"","is_daily":true,"chose_seed":false,"campfire_upgraded":4,"win_rate":0.0,"timestamp":1613064769,"path_taken":["M","?","$","?","M","R","M","R","T","R","?","?","M","?","R","BOSS","M","$","?","M","$","M","R","M","T","M","R","?","M","M","R","BOSS","M","M","?","M","?","E","M","$","T","R","?","M","?","M","R","BOSS"],"items_purchased_type":["Card","Card","Card","Relic","Relic","Potion","Potion","Card"],"build_version":"2020-12-18","purchased_purges":2,"victory":true,"max_hp_per_floor":[72,72,72,72,72,72,72,72,72,72,72,72,72,72,72,72,72,72,72,72,72,72,72,72,72,72,72,72,72,72,72,72,72,72,72,72,72,72,72,72,72,72,82,82,82,82,82,82,82,82],"relic_stats":{"counters":[22,89],"Eternal Feather":8,"Yang":[59],"Pen Nib":[23],"Juzu Bracelet":1,"Whetstone":["Strike_P","Eruption"],"MawBank":156,"OrangePellets":[4],"Centennial Puzzle":[12],"Nunchaku":[5],"Mummified Hand":[23],"obtain_stats":[{"Golden Egg":18,"Yang":40,"Juzu Bracelet":12,"Whetstone":5,"Replay:Mystery Machine":31,"Replay:Rubber Ducky":35,"Replay:Bandana":13,"Centennial Puzzle":26,"Nunchaku":45,"Matryoshka":1,"HornCleat":30,"Mummified Hand":27,"Fusion Hammer":17,"Iron Hammer":48,"Gremlin Food":21,"Potion Belt":42,"Pear":43,"Damaru":36,"Eternal Feather":25,"Pen Nib":7,"MawBank":9,"White Beast Statue":9,"Du-Vu Doll":38,"SlaversCollar":34,"OrangePellets":42,"Pondfish Scales":23,"Anchor":26,"ReplayTheSpireMod:Shallot":41,"PureWater":0,"Toy Ornithopter":46},{"Golden Egg":7,"Yang":18,"Juzu Bracelet":4,"Whetstone":2,"Replay:Mystery Machine":13,"Replay:Rubber Ducky":15,"Replay:Bandana":5,"Centennial Puzzle":10,"Nunchaku":19,"Matryoshka":1,"HornCleat":12,"Mummified Hand":11,"Fusion Hammer":6,"Iron Hammer":21,"Gremlin Food":8,"Potion Belt":19,"Pear":19,"Damaru":16,"Eternal Feather":10,"Pen Nib":3,"MawBank":3,"White Beast Statue":3,"Du-Vu Doll":17,"SlaversCollar":14,"OrangePellets":19,"Pondfish Scales":9,"Anchor":10,"ReplayTheSpireMod:Shallot":19,"PureWater":0,"Toy Ornithopter":20},{"Golden Egg":21,"Yang":71,"Juzu Bracelet":10,"Whetstone":6,"Replay:Mystery Machine":43,"Replay:Rubber Ducky":57,"Replay:Bandana":13,"Centennial Puzzle":33,"Nunchaku":74,"Matryoshka":2,"HornCleat":39,"Mummified Hand":36,"Fusion Hammer":18,"Iron Hammer":82,"Gremlin Food":25,"Potion Belt":74,"Pear":74,"Damaru":61,"Eternal Feather":33,"Pen Nib":9,"MawBank":9,"White Beast Statue":9,"Du-Vu Doll":66,"SlaversCollar":52,"OrangePellets":74,"Pondfish Scales":30,"Anchor":33,"ReplayTheSpireMod:Shallot":74,"PureWater":0,"Toy Ornithopter":77}],"Toy Ornithopter":0},"card_choices":[{"not_picked":["Replay:LoomingThreat"],"picked":"MasterReality","floor":16},{"not_picked":["Indignation","Replay:BluntJabs+1"],"picked":"SKIP","floor":40}],"player_experience":1117995,"relics_obtained":[{"floor":1,"key":"Matryoshka"},{"floor":5,"key":"Whetstone"},{"floor":7,"key":"Pen Nib"},{"floor":9,"key":"MawBank"},{"floor":9,"key":"White Beast Statue"},{"floor":12,"key":"Juzu Bracelet"},{"floor":13,"key":"Replay:Bandana"},{"floor":18,"key":"Golden Egg"},{"floor":21,"key":"Gremlin Food"},{"floor":23,"key":"Pondfish Scales"},{"floor":25,"key":"Eternal Feather"},{"floor":26,"key":"Anchor"},{"floor":26,"key":"Centennial Puzzle"},{"floor":27,"key":"Mummified Hand"},{"floor":30,"key":"HornCleat"},{"floor":31,"key":"Replay:Mystery Machine"},{"floor":35,"key":"Replay:Rubber Ducky"},{"floor":36,"key":"Damaru"},{"floor":38,"key":"Du-Vu Doll"},{"floor":40,"key":"Yang"},{"floor":41,"key":"ReplayTheSpireMod:Shallot"},{"floor":43,"key":"Pear"},{"floor":46,"key":"Toy Ornithopter"},{"floor":48,"key":"Iron Hammer"}],"event_choices":[{"damage_healed":18,"gold_gain":0,"player_choice":"Healed","damage_taken":0,"max_hp_gain":0,"max_hp_loss":0,"event_name":"The Cleric","floor":4,"gold_loss":35},{"cards_removed":["Strike_P"],"damage_healed":0,"gold_gain":0,"player_choice":"Card Removal","damage_taken":7,"max_hp_gain":0,"max_hp_loss":0,"event_name":"Golden Wing","floor":14,"gold_loss":0},{"cards_removed":["Strike_P"],"damage_healed":0,"gold_gain":0,"player_choice":"Gave Gold","damage_taken":0,"max_hp_gain":0,"max_hp_loss":0,"event_name":"Beggar","floor":20,"gold_loss":75},{"damage_healed":0,"gold_gain":0,"player_choice":"Ignored","damage_taken":0,"max_hp_gain":0,"max_hp_loss":0,"event_name":"Ghosts","floor":29,"gold_loss":0},{"damage_healed":0,"gold_gain":0,"player_choice":"Ignored","damage_taken":0,"max_hp_gain":0,"max_hp_loss":0,"event_name":"Tomb of Lord Red Mask","floor":39,"gold_loss":0},{"damage_healed":0,"gold_gain":0,"player_choice":"Paid Gold","damage_taken":0,"relics_obtained":["Nunchaku"],"max_hp_gain":0,"max_hp_loss":0,"event_name":"WeMeetAgain","floor":45,"gold_loss":140}],"is_beta":true,"boss_relics":[{"not_picked":["Runic Dome","Busted Crown"],"picked":"Fusion Hammer"},{"not_picked":["Coffee Dripper","SacredBark"],"picked":"SlaversCollar"}],"items_purged_floors":[3,22],"is_endless":false,"potions_floor_spawned":[1,12,13,16,18,21,23,25,27,30,31,33,35,36,38,40,41,46,48],"ascension_level":0}}