{"host":"c97twqu0op5dg8i4","time":1613029024,"event":{"mods":["AchievementEnabler","BaseMod","Colored Map","Minty Spire (QoL Compilation)","Permanent Neow"],"gold_per_floor":[119,294,75,153,172,172,200,210,210,221,221,241,254,15,15,112,112,128,128,148,158,158,158,158,158,158,158],"floor_reached":26,"language":"ENG","playtime":830,"items_purged":["Doubt","Strike_P"],"score":402,"play_id":"3c9a51a8-a9ba-4d88-a1b6-915451f7a411","local_time":"20210211023704","is_ascension_mode":true,"campfire_choices":[{"data":"Fasting2","floor":6.0,"key":"SMITH"},{"floor":11.0,"key":"REST"},{"data":"Eruption","floor":15,"key":"SMITH"},{"floor":23,"key":"DIG"},{"data":"Blasphemy","floor":25,"key":"SMITH"}],"circlet_count":0,"master_deck":["Defend_P","Defend_P","Defend_P","Defend_P","Eruption+1","Vigilance","Flash of Steel","Prostrate","Evaluate","Conclude","Fasting2+1","DeusExMachina","FlurryOfBlows","TalkToTheHand","ThirdEye","FlurryOfBlows","JustLucky","EmptyBody","CutThroughFate","Swift Strike","Blasphemy+1","TalkToTheHand+1","LikeWater+1","Bite","Bite","Bite","Bite","Bite"],"relics":["PureWater","Orrery","Shovel","Philosopher\u0027s Stone","Dream Catcher"],"acts_visited":["Exordium","TheCity"],"potions_floor_usage":[21,24,26],"damage_taken":[{"damage":0.0,"enemies":"2 Louse","floor":1.0,"turns":4.0},{"damage":3.0,"enemies":"Small Slimes","floor":5.0,"turns":4.0},{"damage":25.0,"enemies":"3 Sentries","floor":7.0,"turns":7.0},{"damage":0.0,"enemies":"Cultist","floor":8.0,"turns":3.0},{"damage":10.0,"enemies":"Exordium Wildlife","floor":10.0,"turns":3.0},{"damage":10.0,"enemies":"3 Louse","floor":12.0,"turns":3.0},{"damage":0.0,"enemies":"2 Fungi Beasts","floor":13.0,"turns":3.0},{"damage":0,"enemies":"Slime Boss","floor":16,"turns":3},{"damage":0,"enemies":"Shell Parasite","floor":18,"turns":3},{"damage":11,"enemies":"Spheric Guardian","floor":20,"turns":3},{"damage":7,"enemies":"Centurion and Healer","floor":21,"turns":4},{"damage":0,"enemies":"Shelled Parasite and Fungi","floor":24,"turns":1},{"damage":44,"enemies":"Gremlin Leader","floor":26,"turns":5}],"seed_played":"-9010735261568557341","potions_obtained":[{"floor":1.0,"key":"GamblersBrew"},{"floor":5.0,"key":"SmokeBomb"},{"floor":8.0,"key":"Weak Potion"},{"floor":21,"key":"SpeedPotion"}],"is_trial":false,"path_per_floor":["M","?","$","?","M","R","E","M","T","M","R","M","M","$","R","B",null,"M","?","M","M","?","R","M","R","E"],"character_chosen":"WATCHER","items_purchased":["Orrery","CutThroughFate","Swift Strike"],"campfire_rested":1,"item_purchase_floors":[3,14,14],"current_hp_per_floor":[65,65,65,65,62,62,37,37,37,27,48,38,38,38,38,38,64,64,51,40,33,33,33,33,33,0,0],"gold":158,"neow_bonus":"RANDOM_COLORLESS","is_daily":false,"chose_seed":false,"campfire_upgraded":3,"win_rate":0.0,"timestamp":1613029024,"path_taken":["M","?","$","?","M","R","E","M","T","M","R","M","M","$","R","BOSS","M","?","M","M","?","R","M","R","E"],"items_purchased_type":["Relic","Card","Card"],"build_version":"2020-12-22","purchased_purges":2,"victory":false,"max_hp_per_floor":[72,72,72,72,72,72,72,72,72,72,72,72,72,72,72,72,72,72,77,77,77,53,53,53,53,53,53],"card_choices":[{"not_picked":["Blind","Purity"],"picked":"Flash of Steel","floor":0.0},{"not_picked":["Perseverance","SashWhip"],"picked":"Prostrate","floor":1.0},{"not_picked":["Study","Protect"],"picked":"Evaluate","floor":3.0},{"not_picked":["SashWhip","Perseverance"],"picked":"Conclude","floor":3.0},{"not_picked":["Indignation","Perseverance"],"picked":"Fasting2","floor":3.0},{"not_picked":["Protect","InnerPeace"],"picked":"DeusExMachina","floor":3.0},{"not_picked":["Sanctity","Weave"],"picked":"FlurryOfBlows","floor":5.0},{"not_picked":["FollowUp","Vault"],"picked":"TalkToTheHand","floor":7.0},{"not_picked":["Conclude","SashWhip"],"picked":"ThirdEye","floor":8.0},{"not_picked":["Wireheading","Consecrate"],"picked":"FlurryOfBlows","floor":10.0},{"not_picked":["ForeignInfluence","Wallop"],"picked":"JustLucky","floor":12.0},{"not_picked":["Crescendo","Halt"],"picked":"EmptyBody","floor":13.0},{"not_picked":["Vault","Omniscience"],"picked":"Blasphemy","floor":16},{"not_picked":["ThirdEye+1","Crescendo"],"picked":"TalkToTheHand+1","floor":18},{"not_picked":["WindmillStrike+1","Evaluate","Study+1"],"picked":"SKIP","floor":20},{"not_picked":["Halt","SignatureMove"],"picked":"LikeWater+1","floor":21}],"player_experience":379974,"relics_obtained":[{"floor":7.0,"key":"Shovel"},{"floor":23,"key":"Dream Catcher"}],"event_choices":[{"damage_healed":0.0,"max_hp_gain":0.0,"max_hp_loss":0.0,"gold_gain":175.0,"event_name":"Liars Game","player_choice":"AGREE","floor":2.0,"gold_loss":0.0,"damage_taken":0.0,"cards_obtained":["Doubt"]},{"damage_healed":0.0,"max_hp_gain":0.0,"max_hp_loss":0.0,"gold_gain":78.0,"event_name":"Golden Wing","player_choice":"Gained Gold","floor":4.0,"gold_loss":0.0,"damage_taken":0.0},{"damage_healed":0,"gold_gain":0,"player_choice":"Shed Blood","damage_taken":18,"max_hp_gain":5,"max_hp_loss":0,"event_name":"Forgotten Altar","floor":19,"gold_loss":0},{"damage_healed":0,"gold_gain":0,"player_choice":"Became a vampire","damage_taken":0,"max_hp_gain":0,"max_hp_loss":24,"event_name":"Vampires","floor":22,"gold_loss":0,"cards_obtained":["Bite","Bite","Bite","Bite","Bite"]}],"is_beta":false,"boss_relics":[{"not_picked":["Astrolabe","Fusion Hammer"],"picked":"Philosopher\u0027s Stone"}],"items_purged_floors":[3,14],"is_endless":false,"potions_floor_spawned":[1,5,8,13,16,21,24],"killed_by":"Gremlin Leader","ascension_level":9}}