{"host":"51f0ad793vly1w6u","time":1613044760,"event":{"mods":["BaseMod","Colored Map","DeckTracker","Minty Spire (QoL Compilation)","StSLib","SuperFastMode"],"gold_per_floor":[118,67,80,80,98,98,123,135,215,215,215,232,243,5,5,83,83,99,149,177,177,98,98,131,91,91],"floor_reached":25,"language":"KOR","playtime":569,"items_purged":["Strike_G"],"score":438,"play_id":"df28a024-56ba-4df7-83d0-ef45173b4dce","local_time":"20210211205920","is_ascension_mode":true,"campfire_choices":[{"data":"Skewer","floor":6.0,"key":"SMITH"},{"data":"Well Laid Plans","floor":15.0,"key":"SMITH"},{"data":"Blade Dance","floor":23,"key":"SMITH"}],"circlet_count":0,"master_deck":["AscendersBane","Strike_G","Strike_G","Defend_G","Defend_G","Defend_G","Defend_G","Survivor","Neutralize","Phantasmal Killer+1","Skewer+1","Dagger Spray","Backstab","Well Laid Plans+1","Corpse Explosion","Footwork","Escape Plan","After Image","Die Die Die+1","Noxious Fumes+1","A Thousand Cuts+1","Concentrate+1","Blade Dance+1","Accuracy"],"relics":["Ring of the Snake","Turnip","Pantograph","Orrery","Astrolabe","Red Mask","PreservedInsect"],"acts_visited":["Exordium","TheCity"],"potions_floor_usage":[24],"damage_taken":[{"damage":0.0,"enemies":"Jaw Worm","floor":1.0,"turns":5.0},{"damage":0.0,"enemies":"Cultist","floor":3.0,"turns":2.0},{"damage":3.0,"enemies":"Small Slimes","floor":5.0,"turns":4.0},{"damage":19.0,"enemies":"3 Sentries","floor":7.0,"turns":8.0},{"damage":0.0,"enemies":"2 Fungi Beasts","floor":8.0,"turns":4.0},{"damage":12.0,"enemies":"Blue Slaver","floor":12.0,"turns":4.0},{"damage":1.0,"enemies":"Looter","floor":13.0,"turns":2.0},{"damage":28.0,"enemies":"Slime Boss","floor":16.0,"turns":7.0},{"damage":14.0,"enemies":"Shell Parasite","floor":18.0,"turns":7.0},{"damage":7.0,"enemies":"Masked Bandits","floor":20.0,"turns":3.0},{"damage":33,"enemies":"Slavers","floor":24,"turns":5},{"damage":8,"enemies":"2 Thieves","floor":25,"turns":2}],"seed_played":"-3011888847291696265","potions_obtained":[{"floor":7.0,"key":"LiquidBronze"},{"floor":8.0,"key":"Energy Potion"},{"floor":16.0,"key":"Poison Potion"},{"floor":18.0,"key":"ColorlessPotion"}],"is_trial":false,"path_per_floor":["M","$","M","?","M","R","E","M","T","?","?","M","M","$","R","B",null,"M","?","?","?","$","R","E","M"],"character_chosen":"THE_SILENT","items_purchased":["Dagger Spray","Orrery","Accuracy"],"campfire_rested":0,"item_purchase_floors":[2,14,22],"current_hp_per_floor":[59,59,59,59,56,56,37,37,37,37,37,25,24,24,24,21,55,41,41,34,47,47,47,14,6,6],"gold":91,"neow_bonus":"ONE_RANDOM_RARE_CARD","is_daily":false,"chose_seed":false,"campfire_upgraded":3,"win_rate":0.0,"timestamp":1613044760,"path_taken":["M","$","M","?","M","R","E","?","T","?","?","M","M","?","R","BOSS","M","?","?","?","$","R","E","M"],"items_purchased_type":["Card","Relic","Card"],"build_version":"2020-12-22","purchased_purges":1,"victory":false,"max_hp_per_floor":[66,66,66,66,66,66,66,66,66,66,66,66,66,66,66,66,66,66,66,66,66,66,66,66,66,66],"card_choices":[{"not_picked":["Deflect","PiercingWail"],"picked":"Skewer","floor":1.0},{"not_picked":["Slice","PiercingWail","Dodge and Roll"],"picked":"SKIP","floor":3.0},{"not_picked":["Flying Knee","Distraction"],"picked":"Backstab","floor":5.0},{"not_picked":["Riddle With Holes","Deflect","Quick Slash"],"picked":"SKIP","floor":7.0},{"not_picked":["Flechettes","Slice","Dagger Spray"],"picked":"SKIP","floor":8.0},{"not_picked":["Backstab","Backflip"],"picked":"Well Laid Plans","floor":12.0},{"not_picked":["Slice","Dash","Skewer"],"picked":"SKIP","floor":13.0},{"not_picked":["Slice","Dash","Skewer"],"picked":"SKIP","floor":13.0},{"not_picked":["Deadly Poison","Storm of Steel"],"picked":"Corpse Explosion","floor":14.0},{"not_picked":["Backstab","Deflect"],"picked":"Footwork","floor":14.0},{"not_picked":["Sucker Punch","Dodge and Roll"],"picked":"Escape Plan","floor":14.0},{"not_picked":["A Thousand Cuts","Night Terror"],"picked":"After Image","floor":16.0},{"not_picked":["Quick Slash","Predator"],"picked":"Concentrate+1","floor":18.0},{"not_picked":["Escape Plan","Infinite Blades"],"picked":"Blade Dance","floor":20.0},{"not_picked":["Unload","Dagger Throw+1","Predator"],"picked":"SKIP","floor":24}],"player_experience":1457251,"relics_obtained":[{"floor":7.0,"key":"Turnip"},{"floor":9.0,"key":"Pantograph"},{"floor":20.0,"key":"Red Mask"},{"floor":24,"key":"PreservedInsect"}],"event_choices":[{"damage_healed":0.0,"max_hp_gain":0.0,"max_hp_loss":0.0,"gold_gain":0.0,"event_name":"Accursed Blacksmith","player_choice":"Forge","floor":4.0,"gold_loss":0.0,"damage_taken":0.0,"cards_upgraded":["Phantasmal Killer"]},{"damage_healed":0.0,"max_hp_gain":0.0,"max_hp_loss":0.0,"gold_gain":0.0,"event_name":"Dead Adventurer","player_choice":"Searched \u00271\u0027 times","floor":10.0,"gold_loss":0.0,"damage_taken":0.0},{"damage_healed":0.0,"max_hp_gain":0.0,"max_hp_loss":0.0,"gold_gain":0.0,"event_name":"Liars Game","player_choice":"Ignored","floor":11.0,"gold_loss":0.0,"damage_taken":0.0},{"damage_healed":0.0,"max_hp_gain":0.0,"max_hp_loss":0.0,"gold_gain":50.0,"event_name":"Nest","player_choice":"Stole From Cult","floor":19.0,"gold_loss":0.0,"damage_taken":0.0},{"damage_healed":0.0,"max_hp_gain":0.0,"max_hp_loss":0.0,"gold_gain":0.0,"event_name":"Masked Bandits","player_choice":"Fought Bandits","floor":20.0,"gold_loss":0.0,"damage_taken":0.0},{"damage_healed":13.0,"max_hp_gain":0.0,"max_hp_loss":0.0,"gold_gain":0.0,"event_name":"The Library","player_choice":"Heal","floor":21.0,"gold_loss":0.0,"damage_taken":0.0}],"is_beta":false,"boss_relics":[{"not_picked":["Sozu","Ring of the Serpent"],"picked":"Astrolabe"}],"items_purged_floors":[14],"is_endless":false,"potions_floor_spawned":[7,8,16,18],"killed_by":"2 Thieves","ascension_level":20}}