{"host":"e8rlfedn69rz2s07","time":1613062573,"event":{"mods":["AchievementEnabler","BaseMod","Minty Spire (QoL Compilation)","Permanent Neow","Relic Stats"],"gold_per_floor":[110,124,124,148,167,167,201,201,201,201,219,232,10,10,10,10,10],"floor_reached":16,"language":"ENG","playtime":450,"items_purged":[],"score":204,"play_id":"53561c05-6a93-42e3-a854-302b0dfe642e","local_time":"20210211185613","is_ascension_mode":true,"campfire_choices":[{"data":"Ball Lightning","floor":6.0,"key":"SMITH"},{"data":"Leap","floor":8.0,"key":"SMITH"},{"data":"Rebound","floor":10.0,"key":"SMITH"},{"data":"Loop","floor":15.0,"key":"SMITH"}],"circlet_count":0,"master_deck":["AscendersBane","Strike_B","Strike_B","Strike_B","Strike_B","Defend_B","Defend_B","Defend_B","Defend_B","Zap","Dualcast","Ball Lightning+1","Leap+1","Rebound+1","Ball Lightning","Darkness","Loop+1","Amplify","Leap","Decay"],"relics":["Coffee Dripper","Golden Idol","Prayer Wheel","Runic Capacitor"],"acts_visited":["Exordium"],"potions_floor_usage":[16],"damage_taken":[{"damage":2.0,"enemies":"2 Louse","floor":1.0,"turns":3.0},{"damage":7.0,"enemies":"Jaw Worm","floor":2.0,"turns":3.0},{"damage":0.0,"enemies":"Cultist","floor":4.0,"turns":3.0},{"damage":8.0,"enemies":"2 Fungi Beasts","floor":5.0,"turns":4.0},{"damage":17.0,"enemies":"Lagavulin","floor":7.0,"turns":6.0},{"damage":0.0,"enemies":"Large Slime","floor":11.0,"turns":4.0},{"damage":0.0,"enemies":"Blue Slaver","floor":12.0,"turns":3.0},{"damage":38,"enemies":"The Guardian","floor":16,"turns":2}],"seed_played":"-5514137506735215474","potions_obtained":[{"floor":2.0,"key":"SteroidPotion"},{"floor":11.0,"key":"SkillPotion"}],"is_trial":false,"path_per_floor":["M","M","?","M","M","R","E","R","T","R","M","M","$","?","R","B"],"character_chosen":"DEFECT","items_purchased":["Runic Capacitor","Leap"],"campfire_rested":0,"item_purchase_floors":[13,13],"current_hp_per_floor":[62,55,55,55,47,47,30,30,30,30,30,30,30,30,30,0,0],"gold":10,"neow_bonus":"BOSS_RELIC","is_daily":false,"chose_seed":false,"campfire_upgraded":4,"win_rate":0.0,"timestamp":1613062573,"path_taken":["M","M","?","M","M","R","E","R","T","R","M","M","$","?","R","BOSS"],"items_purchased_type":["Relic","Card"],"build_version":"2020-12-22","purchased_purges":0,"victory":false,"max_hp_per_floor":[71,71,64,64,64,64,64,64,64,64,64,64,64,64,64,64,64],"relic_stats":{"counters":[8,28],"Golden Idol":23,"Prayer Wheel":2,"obtain_stats":[{"Golden Idol":3,"Prayer Wheel":7,"Coffee Dripper":0,"Runic Capacitor":13,"Cracked Core":0},{"Golden Idol":2,"Prayer Wheel":5,"Coffee Dripper":0,"Runic Capacitor":7,"Cracked Core":0},{"Golden Idol":6,"Prayer Wheel":19,"Coffee Dripper":0,"Runic Capacitor":26,"Cracked Core":0}]},"card_choices":[{"not_picked":["Sweeping Beam","Stack"],"picked":"Ball Lightning","floor":1.0},{"not_picked":["Turbo","Steam","Compile Driver"],"picked":"SKIP","floor":2.0},{"not_picked":["Machine Learning","Compile Driver"],"picked":"Leap","floor":4.0},{"not_picked":["Steam","Barrage"],"picked":"Rebound","floor":5.0},{"not_picked":["Tempest","Beam Cell"],"picked":"Ball Lightning","floor":7.0},{"not_picked":["Barrage","Beam Cell"],"picked":"Darkness","floor":11.0},{"not_picked":["Heatsinks","Melter","Gash"],"picked":"SKIP","floor":11.0},{"not_picked":["Auto Shields","Skim"],"picked":"Loop","floor":12.0},{"not_picked":["Ball Lightning","Rip and Tear"],"picked":"Amplify","floor":12.0}],"player_experience":1073081,"relics_obtained":[{"floor":7.0,"key":"Prayer Wheel"}],"event_choices":[{"damage_healed":0.0,"max_hp_gain":0.0,"max_hp_loss":7.0,"gold_gain":0.0,"event_name":"Golden Idol","player_choice":"Lose Max HP","floor":3.0,"gold_loss":0.0,"damage_taken":0.0,"relics_obtained":["Golden Idol"]},{"damage_healed":0.0,"max_hp_gain":0.0,"max_hp_loss":0.0,"gold_gain":0.0,"event_name":"Wheel of Change","player_choice":"Cursed","floor":14.0,"gold_loss":0.0,"damage_taken":0.0,"cards_obtained":["Decay"]}],"is_beta":false,"boss_relics":[],"items_purged_floors":[],"is_endless":false,"potions_floor_spawned":[2,11],"killed_by":"The Guardian","ascension_level":20}}