{"host":"k7udt7atmcuzf6l0","time":1613042098,"event":{"mods":["AchievementEnabler","BaseMod","BetterRewards","Colored Map","Colored Powertips","Highlight Path","Minty Spire (QoL Compilation)","Quick Restart","Rare Cards Sparkle","Relic Stats","StSLib","UnlockEverythingMod"],"gold_per_floor":[113,113,128,128,7,7,23,23,23,35,66,66,66,79,79,176,176,176,176,176],"floor_reached":19,"language":"ZHS","playtime":557,"items_purged":[],"score":167,"play_id":"86219e0d-469b-48bd-9dab-f9de257f8902","local_time":"20210211191458","is_ascension_mode":false,"campfire_choices":[{"data":"Inflame","floor":6,"key":"SMITH"},{"data":"Flex","floor":8,"key":"SMITH"},{"data":"Anger","floor":15,"key":"SMITH"}],"circlet_count":0,"master_deck":["Strike_R","Strike_R","Strike_R","Strike_R","Strike_R","Defend_R","Defend_R","Defend_R","Defend_R","Bash","Headbutt","Anger+1","Inflame+1","Havoc","Flex+1","Clash","Limit Break","Sword Boomerang"],"relics":["Burning Blood","NeowsBlessing","Dream Catcher","Bottled Flame","Orichalcum","Ectoplasm"],"acts_visited":["Exordium","TheCity"],"potions_floor_usage":[10,11],"damage_taken":[{"damage":0,"enemies":"Small Slimes","floor":1,"turns":1},{"damage":0,"enemies":"2 Louse","floor":3,"turns":1},{"damage":0,"enemies":"Cultist","floor":7,"turns":1},{"damage":4,"enemies":"Gremlin Gang","floor":10,"turns":2},{"damage":26,"enemies":"Gremlin Nob","floor":11,"turns":4},{"damage":4,"enemies":"Looter","floor":14,"turns":2},{"damage":45,"enemies":"The Guardian","floor":16,"turns":8},{"damage":22,"enemies":"Spheric Guardian","floor":18,"turns":4},{"damage":0,"enemies":"3 Byrds","floor":19,"turns":2}],"seed_played":"-954576021292101661","potions_obtained":[{"floor":1,"key":"Explosive Potion"},{"floor":7,"key":"PowerPotion"},{"floor":14,"key":"DuplicationPotion"},{"floor":18,"key":"ColorlessPotion"}],"is_trial":false,"path_per_floor":["M","?","M","?","$","R","M","R","T","M","E","?","$","M","R","B",null,"M","M"],"character_chosen":"IRONCLAD","items_purchased":["Inflame","Havoc"],"campfire_rested":0,"item_purchase_floors":[5,5],"current_hp_per_floor":[80,80,80,80,80,80,80,80,80,80,60,60,60,62,62,23,80,64,64,64],"gold":176,"neow_bonus":"THREE_ENEMY_KILL","is_daily":false,"chose_seed":false,"campfire_upgraded":3,"win_rate":0.0,"timestamp":1613042098,"path_taken":["M","?","M","?","$","R","?","R","T","?","E","?","$","?","R","BOSS","M","?"],"items_purchased_type":["Card","Card"],"build_version":"2020-12-22","purchased_purges":0,"victory":false,"max_hp_per_floor":[80,80,80,80,80,80,80,80,80,80,80,80,80,80,80,80,80,80,80,80],"relic_stats":{"Dream Catcher":0,"counters":[9,25],"Ectoplasm":16,"Orichalcum":[36],"obtain_stats":[{"Dream Catcher":2,"Bottled Flame":9,"NeowsBlessing":0,"Ectoplasm":17,"Orichalcum":11,"Burning Blood":0},{"Dream Catcher":1,"Bottled Flame":3,"NeowsBlessing":0,"Ectoplasm":7,"Orichalcum":5,"Burning Blood":0},{"Dream Catcher":1,"Bottled Flame":3,"NeowsBlessing":0,"Ectoplasm":19,"Orichalcum":9,"Burning Blood":0}],"Burning Blood":28},"card_choices":[{"not_picked":["Seeing Red","Shrug It Off"],"picked":"Headbutt","floor":1},{"not_picked":["Seeing Red","Heavy Blade"],"picked":"Anger","floor":3},{"not_picked":["Thunderclap","Pommel Strike"],"picked":"Flex","floor":7},{"not_picked":["Twin Strike","Combust"],"picked":"Clash","floor":10},{"not_picked":["Searing Blow","Sentinel","Iron Wave"],"picked":"SKIP","floor":11},{"not_picked":["Hemokinesis","Twin Strike","Uppercut"],"picked":"SKIP","floor":14},{"not_picked":["Berserk","Reaper"],"picked":"Limit Break","floor":16},{"not_picked":["Dropkick","Shrug It Off"],"picked":"Sword Boomerang","floor":18}],"player_experience":95404,"relics_obtained":[{"floor":9,"key":"Bottled Flame"},{"floor":11,"key":"Orichalcum"}],"event_choices":[{"damage_healed":0,"gold_gain":0,"player_choice":"Box","damage_taken":0,"relics_obtained":["Dream Catcher"],"max_hp_gain":0,"max_hp_loss":0,"event_name":"Big Fish","floor":2,"gold_loss":0,"cards_obtained":["Regret"]},{"cards_removed":["Regret"],"damage_healed":0,"gold_gain":0,"player_choice":"Purged","damage_taken":0,"max_hp_gain":0,"max_hp_loss":0,"event_name":"Purifier","floor":4,"gold_loss":0},{"damage_healed":0,"gold_gain":0,"player_choice":"0 cards matched","damage_taken":0,"max_hp_gain":0,"max_hp_loss":0,"event_name":"Match and Keep!","floor":12,"gold_loss":0,"cards_obtained":[]}],"is_beta":false,"boss_relics":[{"not_picked":["Cursed Key","Calling Bell"],"picked":"Ectoplasm"}],"items_purged_floors":[],"is_endless":false,"potions_floor_spawned":[1,7,14,18],"killed_by":"3 Byrds","ascension_level":0}}