{"host":"n605f8gctjc87d7h","time":1613078660,"event":{"mods":["Aspiration","Bard","BaseMod","Better Match","Better Note","Better Skull","Better Third Choice","Conspire","Downfall","Halation","Hermit","Infinite Spire","Minty Spire (QoL Compilation)","Reliquary","Replay The Spire","Retaliation","Shade Mod","Spicy Shops","StSLib","The IronCluck","The Jungle","The Runesmith"],"gold_per_floor":[112,112,129,129,143,170,8,8,8,38,61,73,73,73,73,144,144,134,149,149,199,210,210,210,236,236,246,246,246,262,276,276,76,76,152,152,182,132,153,183,183,183,220,247,270,313,344,344,344,384,384,384],"floor_reached":53,"language":"ENG","playtime":3700,"items_purged":["Injury","Strike_B","Strike_B"],"score":1665,"play_id":"a2074bbd-263a-4842-b5cf-dff1aeaa4c4b","local_time":"20210211132420","is_ascension_mode":true,"campfire_choices":[{"data":"Zap","floor":8.0,"key":"SMITH"},{"data":"Glacier","floor":13.0,"key":"SMITH"},{"floor":15.0,"key":"REST"},{"floor":23.0,"key":"REST"},{"floor":32.0,"key":"REST"},{"data":"infinitespire:Collect","floor":34.0,"key":"SMITH"},{"floor":42,"key":"REST"},{"data":"ReplayTheSpireMod:Calculation Training","floor":49,"key":"SMITH"}],"circlet_count":0,"master_deck":["AscendersBane","Defend_B","Defend_B","Defend_B","Defend_B","Zap+1","Dualcast","ReplayTheSpireMod:Calculation Training+1","Cold Snap+1","Ball Lightning+1","Glacier+1","Loop","Rainbow","Cold Snap+1","infinitespire:Collect+1","Electrodynamics","Redo+1","Ball Lightning+1","Self Repair+1","Ball Lightning+1","Conserve Battery+1","Chaos+1"],"relics":["Cracked Core","Molten Egg 2","Lee\u0027s Waffle","Singing Bowl","reliquary:Conveyor","Dream Catcher","Lantern","aspiration:HummingbirdHeart","Membership Card","conspire:TopHat","Solar Panel","Replay:Frozen Program","DataDisk","infinitespire:EvilPickle","Nuclear Battery","Prayer Wheel","infinitespire:SolderingIron","Akabeko","reliquary:Sideboard"],"acts_visited":["Exordium","TheCity","TheBeyond"],"potions_floor_usage":[43,46,52],"damage_taken":[{"damage":2.0,"enemies":"Jaw Worm","floor":1.0,"turns":3.0},{"damage":0.0,"enemies":"conspire:RoseBush","floor":3.0,"turns":2.0},{"damage":7.0,"enemies":"infinitespire:Voidling","floor":5.0,"turns":3.0},{"damage":27.0,"enemies":"Gremlin Nob","floor":6.0,"turns":5.0},{"damage":19.0,"enemies":"Lagavulin","floor":10.0,"turns":5.0},{"damage":12.0,"enemies":"Exordium Thugs","floor":12.0,"turns":4.0},{"damage":34.0,"enemies":"Fading Forest","floor":16.0,"turns":11.0},{"damage":3.0,"enemies":"2 Thieves","floor":18.0,"turns":4.0},{"damage":14.0,"enemies":"Shell Parasite","floor":19.0,"turns":7.0},{"damage":1.0,"enemies":"Snecko","floor":22.0,"turns":7.0},{"damage":7.0,"enemies":"Book of Stabbing","floor":25.0,"turns":7.0},{"damage":3.0,"enemies":"Snake Plant","floor":27.0,"turns":4.0},{"damage":16.0,"enemies":"Cultist and Chosen","floor":30.0,"turns":6.0},{"damage":18.0,"enemies":"3 Cultists","floor":31.0,"turns":4.0},{"damage":25.0,"enemies":"Pondfish","floor":35.0,"turns":10.0},{"damage":0,"enemies":"3 Darklings","floor":37,"turns":4},{"damage":0,"enemies":"3 Shapes","floor":39,"turns":4},{"damage":29,"enemies":"Spire Growth","floor":40,"turns":5},{"damage":46,"enemies":"R_Hoarder","floor":43,"turns":9},{"damage":0,"enemies":"3 Darklings","floor":44,"turns":5},{"damage":1,"enemies":"Reptomancer","floor":46,"turns":5},{"damage":4,"enemies":"Jaw Worm Horde","floor":47,"turns":3},{"damage":12,"enemies":"Maw","floor":50,"turns":6},{"damage":15,"enemies":"Time Eater","floor":52,"turns":9}],"seed_played":"2285736180920947522","potions_obtained":[{"floor":6.0,"key":"Dexterity Potion"},{"floor":12.0,"key":"Cursed Concoction"},{"floor":18.0,"key":"hexamod:SoulburnPotion"},{"floor":19.0,"key":"AttackPotion"},{"floor":35.0,"key":"Dexterity Potion"},{"floor":37,"key":"LiquidMemories"},{"floor":39,"key":"hexamod:SoulburnPotion"},{"floor":44,"key":"hexamod:SoulburnPotion"},{"floor":50,"key":"Swift Potion"}],"is_trial":false,"path_per_floor":["M","?","M","?","M","E","$","R","T","E","T","M","R","?","R","B",null,"M","M","AVR","?","M","R","?","E","T","M","PTL","PTL","M","M","R","$","R","B",null,"M","$","M","M","?","R","E","M","T","E","M","?","R","M","R","B",null],"character_chosen":"DEFECT","items_purchased":["Lee\u0027s Waffle","Replay:Frozen Program","DataDisk"],"campfire_rested":4,"item_purchase_floors":[7,33,33],"current_hp_per_floor":[69,69,69,78,71,44,85,85,85,66,66,56,56,56,82,54,79,76,64,64,64,65,93,93,86,86,89,89,89,75,63,92,92,92,73,94,100,100,100,83,83,105,71,89,89,110,113,113,113,117,117,108],"gold":384,"neow_bonus":"TEN_PERCENT_HP_BONUS","is_daily":false,"chose_seed":false,"campfire_upgraded":4,"win_rate":0.0,"timestamp":1613078660,"path_taken":["M","?","M","?","?","E","$","R","T","E","?","M","R","?","R","BOSS","M","M","AVR","?","?","R","?","E","T","M","PTL","PTL","M","M","R","$","R","BOSS","M","$","M","M","?","R","E","M","T","E","?","?","R","M","R","BOSS"],"items_purchased_type":["Relic","Relic","Relic"],"build_version":"2020-12-22","purchased_purges":3,"victory":true,"max_hp_per_floor":[78,78,78,78,78,78,85,85,85,85,85,87,87,87,87,87,87,87,89,89,89,91,93,93,93,93,95,95,95,97,99,99,99,99,101,101,103,103,103,105,105,105,105,109,109,111,113,113,113,117,117,117],"card_choices":[{"not_picked":["ReplayTheSpireMod:System Scan","Static Discharge"],"picked":"ReplayTheSpireMod:Calculation Training","floor":1.0},{"not_picked":["Ball Lightning+1","Redo"],"picked":"Cold Snap+1","floor":3.0},{"not_picked":["Cold Snap+1","Redo"],"picked":"Ball Lightning+1","floor":5.0},{"not_picked":["Sweeping Beam+1","Mirror Shield","conspire:SharedLibrary"],"picked":"SKIP","floor":6.0},{"not_picked":["Beam Cell+1","Conserve Battery"],"picked":"Glacier","floor":10.0},{"not_picked":["BasicCrystalCard","Conserve Battery","Sweeping Beam+1"],"picked":"Singing Bowl","floor":12.0},{"not_picked":["Lockon+1","Sweeping Beam+1"],"picked":"Loop","floor":15.0},{"not_picked":["Creative AI","Meteor Strike+1"],"picked":"Rainbow","floor":16.0},{"not_picked":["Redo","Hologram"],"picked":"Cold Snap+1","floor":18.0},{"not_picked":["Double Energy","Leap","ReplaySolidLightProjector"],"picked":"Singing Bowl","floor":19.0},{"not_picked":["Stack","Coolheaded","Crystallizer"],"picked":"Singing Bowl","floor":22.0},{"not_picked":["Crystallizer","Panic Button","Mirror Shield"],"picked":"Singing Bowl","floor":23.0},{"not_picked":["Panic Button","Sweeping Beam+1"],"picked":"Redo+1","floor":25.0},{"not_picked":["Sweeping Beam+1","ReplayTheSpireMod:Reroute Power","Storm"],"picked":"Singing Bowl","floor":27.0},{"not_picked":["ReplayTheSpireMod:GoodbyeWorld","Doom and Gloom+1","Steam"],"picked":"Singing Bowl","floor":30.0},{"not_picked":["Rebound+1","Steam","Beam Cell+1"],"picked":"Singing Bowl","floor":31.0},{"not_picked":["Sweeping Beam+1","Hologram"],"picked":"Ball Lightning+1","floor":32.0},{"not_picked":["Electrodynamics","Core Surge+1","Multi-Cast"],"picked":"Singing Bowl","floor":35.0},{"not_picked":["Sunder+1","Panic Button+1","Skim"],"picked":"Singing Bowl","floor":37},{"not_picked":["Go for the Eyes+1","Double Energy"],"picked":"Self Repair+1","floor":39},{"not_picked":["Beam Cell+1","Hologram","BasicCrystalCard"],"picked":"Singing Bowl","floor":40},{"not_picked":["Lockon+1","Stack"],"picked":"Ball Lightning+1","floor":42},{"not_picked":["Ball Lightning+1","Barrage+1"],"picked":"Conserve Battery+1","floor":43},{"not_picked":["Buffer","Conserve Battery","Turbo"],"picked":"Singing Bowl","floor":44},{"not_picked":["Fusion","Steam Power+1","Skim"],"picked":"Singing Bowl","floor":44},{"not_picked":["Coolheaded+1","Steam","Hello World+1"],"picked":"Singing Bowl","floor":46},{"not_picked":["Ball Lightning+1","ReplayTheSpireMod:Dual Polarity+1","Heatsinks+1"],"picked":"Singing Bowl","floor":47},{"not_picked":["Rebound+1","Steam Power"],"picked":"Chaos+1","floor":47},{"not_picked":["Go for the Eyes+1","Gash+1","Darkness+1"],"picked":"Singing Bowl","floor":50},{"not_picked":["ReplayTheSpireMod:GoodbyeWorld","Sunder+1","ReplayTheSpireMod:Dual Polarity"],"picked":"Singing Bowl","floor":50}],"player_experience":848873,"relics_obtained":[{"floor":6.0,"key":"reliquary:FerryPass"},{"floor":9.0,"key":"Singing Bowl"},{"floor":10.0,"key":"reliquary:Conveyor"},{"floor":10.0,"key":"Dream Catcher"},{"floor":11.0,"key":"Lantern"},{"floor":25.0,"key":"conspire:TopHat"},{"floor":26.0,"key":"Solar Panel"},{"floor":43,"key":"infinitespire:SolderingIron"},{"floor":45,"key":"Akabeko"},{"floor":46,"key":"reliquary:Sideboard"}],"event_choices":[{"damage_healed":9.0,"max_hp_gain":0.0,"max_hp_loss":0.0,"gold_gain":0.0,"event_name":"Wheel of Change","player_choice":"Full Heal","floor":4.0,"gold_loss":0.0,"damage_taken":0.0},{"damage_healed":0.0,"max_hp_gain":0.0,"max_hp_loss":0.0,"gold_gain":0.0,"event_name":"WeMeetAgain","player_choice":"Gave Potion","floor":14.0,"gold_loss":0.0,"damage_taken":0.0,"relics_obtained":["aspiration:HummingbirdHeart"]},{"damage_healed":0.0,"max_hp_gain":0.0,"max_hp_loss":0.0,"gold_gain":50.0,"event_name":"Golden Shrine","player_choice":"Pray","floor":21.0,"gold_loss":0.0,"damage_taken":0.0},{"damage_healed":0.0,"max_hp_gain":0.0,"max_hp_loss":0.0,"gold_gain":0.0,"cards_transformed":["Strike_B"],"event_name":"Transmorgrifier","player_choice":"Transformed","floor":24.0,"gold_loss":0.0,"damage_taken":0.0,"cards_obtained":["Electrodynamics"]},{"cards_removed":["Strike_B"],"damage_healed":0,"gold_gain":0,"player_choice":"Card Removal","damage_taken":0,"max_hp_gain":0,"max_hp_loss":0,"event_name":"Wheel of Change","floor":41,"gold_loss":0},{"damage_healed":0,"gold_gain":0,"player_choice":"Ignored","damage_taken":0,"max_hp_gain":0,"max_hp_loss":0,"event_name":"Tomb of Lord Red Mask","floor":48,"gold_loss":0}],"is_beta":false,"boss_relics":[{"not_picked":["Painkiller Herb","halation:MonkeysPaw","Snecko Eye"]},{"not_picked":["halation:ForbiddenBikini","Runic Pyramid"],"picked":"Nuclear Battery"}],"items_purged_floors":[20,33,38],"is_endless":false,"potions_floor_spawned":[6,12,18,19,22,35,37,39,44,50],"ascension_level":16}}