{"host":"d61fcf2p3sjwe6yo","time":1613065331,"event":{"mods":["Act Like it!","BaseMod","Colored Map","Gensokyo","Koishi","Marisa????????","Minty Spire (QoL Compilation)","Reimu??????","StSLib","SuperFastMode","The Servant 0.9.4"],"gold_per_floor":[118,130,25,25,25,25,43,368,395,395,427,427,427,427,427,427,427],"floor_reached":16,"language":"ENG","playtime":796,"items_purged":[],"score":242,"play_id":"2c36d7ca-98a8-4aa0-9f04-97d8e4d244fd","local_time":"20210211204211","is_ascension_mode":true,"campfire_choices":[{"data":"KidneyShot","floor":10,"key":"SMITH"},{"data":"SpecialFormula","floor":13,"key":"SMITH"},{"data":"FlawlessForm","floor":15,"key":"SMITH"}],"circlet_count":0,"master_deck":["AscendersBane","Strike_S","Strike_S","Strike_S","Strike_S","Defend_S","Defend_S","Defend_S","Defend_S","KidneyShot+1","Exchange","SurpressingFire","Rewind+1","FlawlessForm+1","SpecialFormula+1","KillingDoll"],"relics":["Uniform","Happy Flower","Gensokyo:Justice","Tiny Chest","Anchor","Oddly Smooth Stone","Gensokyo:NagashiBinaDoll"],"acts_visited":["Gensokyo:Gensokyo"],"potions_floor_usage":[11,11,16],"damage_taken":[{"damage":0,"enemies":"Gensokyo:Python","floor":1,"turns":4},{"damage":0,"enemies":"Gensokyo:2_Kodama","floor":2,"turns":2},{"damage":20,"enemies":"Gensokyo:3_Fairies","floor":7,"turns":6},{"damage":24,"enemies":"Gensokyo:Mamizou","floor":8,"turns":13},{"damage":0,"enemies":"Gensokyo:Aya","floor":11,"turns":6},{"damage":45,"enemies":"Gensokyo:Kokoro","floor":16,"turns":14}],"seed_played":"-98352236960855692","potions_obtained":[{"floor":7,"key":"MagicPotion:ReiMu"},{"floor":8,"key":"EssenceOfSteel"},{"floor":11,"key":"Strength Potion"}],"is_trial":false,"path_per_floor":["M","M","COS","?","?","?","M","E","T","R","E","?","R","?","R","B"],"character_chosen":"THE_SERVANT","items_purchased":[],"campfire_rested":0,"item_purchase_floors":[],"current_hp_per_floor":[60,60,60,60,60,66,46,22,22,22,27,27,27,27,27,0,0],"gold":427,"neow_bonus":"TEN_PERCENT_HP_BONUS","is_daily":false,"chose_seed":false,"campfire_upgraded":3,"win_rate":0.0,"timestamp":1613065331,"path_taken":["M","M","COS","?","?","?","?","E","T","R","E","?","R","?","R","BOSS"],"items_purchased_type":[],"build_version":"2020-12-22","purchased_purges":0,"victory":false,"max_hp_per_floor":[66,66,66,66,66,72,72,72,72,72,72,72,72,72,72,72,72],"card_choices":[{"not_picked":["Potential","Contraction"],"picked":"Ricochet","floor":1},{"not_picked":["BottledTime","ReturningBlade"],"picked":"InstantArmor","floor":2},{"not_picked":["Embodiment","Rearm"],"picked":"SurpressingFire","floor":7},{"not_picked":["Potential+1","Starlight+1"],"picked":"Rewind+1","floor":7},{"not_picked":["PendulumOfEternity","ForgedInTime"],"picked":"FlawlessForm","floor":8},{"not_picked":["Alleviate","Collapse"],"picked":"SpecialFormula","floor":8},{"not_picked":["Alleviate","Misdirection"],"picked":"KillingDoll","floor":11}],"player_experience":343358,"relics_obtained":[{"floor":8,"key":"Tiny Chest"},{"floor":9,"key":"Anchor"},{"floor":11,"key":"Oddly Smooth Stone"}],"event_choices":[],"is_beta":false,"boss_relics":[],"items_purged_floors":[],"is_endless":false,"potions_floor_spawned":[7,8,11],"killed_by":"Gensokyo:Kokoro","ascension_level":20}}