{"host":"vyjryxuuuxkt43k4","time":1613027911,"event":{"mods":["AchievementEnabler","BaseMod","Colored Map","DeckTracker","Keyboard Shortcuts","Minty Spire (QoL Compilation)","Permanent Neow","Quick Restart","StSLib","SuperFastMode","everything is the same but u backflip on backflip"],"gold_per_floor":[114,114,114,131,149,159,159,178,178,178,209,209,236,246,246,319,319,330,380,305,321,331,331,360,379,379,172,172,87,87,106,106,184,184,197,222,236,252,269,299,328,365,377,389,401,427,439,67,67,67,67,67],"floor_reached":51,"language":"KOR","playtime":4736,"items_purged":["Normality","Injury"],"score":1378,"play_id":"31db717d-824d-4fe8-b123-86cf1d5503c0","local_time":"20210211161831","is_ascension_mode":true,"campfire_choices":[{"data":"Skewer","floor":7.0,"key":"SMITH"},{"data":"Deadly Poison","floor":10.0,"key":"SMITH"},{"data":"A Thousand Cuts","floor":12.0,"key":"SMITH"},{"data":"Footwork","floor":15.0,"key":"SMITH"},{"data":"Acrobatics","floor":23.0,"key":"SMITH"},{"floor":30.0,"key":"REST"},{"data":"Reflex","floor":32.0,"key":"SMITH"},{"data":"Adrenaline","floor":44.0,"key":"SMITH"},{"data":"Footwork","floor":47.0,"key":"SMITH"},{"floor":49.0,"key":"RECALL"}],"circlet_count":0,"master_deck":["AscendersBane","Defend_G","Defend_G","Defend_G+1","Defend_G","Defend_G+1","Survivor","Neutralize+1","Footwork+1","Dagger Throw","Skewer+1","Footwork+1","Deadly Poison+1","A Thousand Cuts+1","Eviscerate+1","Grand Finale+1","Underhanded Strike+1","Acrobatics+1","Escape Plan","Blur","Backflip","Backflip+1","Reflex+1","Prepared+1","Adrenaline+1","Burst+1","Die Die Die+1","Dagger Throw+1"],"relics":["Ring of the Snake","Meat on the Bone","Pear","Molten Egg 2","Cursed Key","War Paint","Letter Opener","Paper Crane","Astrolabe","Incense Burner","MawBank","Nunchaku","Bottled Lightning"],"acts_visited":["Exordium","TheCity","TheBeyond"],"potions_floor_usage":[],"damage_taken":[{"damage":0.0,"enemies":"Cultist","floor":1.0,"turns":4.0},{"damage":0.0,"enemies":"Small Slimes","floor":4.0,"turns":4.0},{"damage":0.0,"enemies":"2 Louse","floor":5.0,"turns":4.0},{"damage":2.0,"enemies":"Blue Slaver","floor":6.0,"turns":5.0},{"damage":5.0,"enemies":"Exordium Thugs","floor":8.0,"turns":6.0},{"damage":22.0,"enemies":"Gremlin Nob","floor":11.0,"turns":4.0},{"damage":20.0,"enemies":"Lagavulin","floor":13.0,"turns":6.0},{"damage":7.0,"enemies":"2 Fungi Beasts","floor":14.0,"turns":3.0},{"damage":24.0,"enemies":"The Guardian","floor":16.0,"turns":12.0},{"damage":9.0,"enemies":"3 Byrds","floor":18.0,"turns":4.0},{"damage":3.0,"enemies":"Shell Parasite","floor":21.0,"turns":6.0},{"damage":8.0,"enemies":"Snake Plant","floor":22.0,"turns":4.0},{"damage":47.0,"enemies":"Book of Stabbing","floor":24.0,"turns":6.0},{"damage":6.0,"enemies":"3 Cultists","floor":25.0,"turns":5.0},{"damage":13.0,"enemies":"Snecko","floor":31.0,"turns":4.0},{"damage":5.0,"enemies":"Champ","floor":33.0,"turns":11.0},{"damage":2.0,"enemies":"Orb Walker","floor":35.0,"turns":4.0},{"damage":0.0,"enemies":"Mind Bloom Boss Battle","floor":36.0,"turns":5.0},{"damage":0.0,"enemies":"3 Darklings","floor":37.0,"turns":4.0},{"damage":4.0,"enemies":"Jaw Worm Horde","floor":38.0,"turns":3.0},{"damage":0.0,"enemies":"Spire Growth","floor":39.0,"turns":5.0},{"damage":7.0,"enemies":"Reptomancer","floor":40.0,"turns":9.0},{"damage":4.0,"enemies":"3 Darklings","floor":41.0,"turns":5.0},{"damage":6.0,"enemies":"Giant Head","floor":42.0,"turns":9.0},{"damage":4.0,"enemies":"Writhing Mass","floor":46.0,"turns":5.0},{"damage":14.0,"enemies":"Awakened One","floor":50.0,"turns":19.0},{"damage":52,"enemies":"Time Eater","floor":51,"turns":15}],"seed_played":"3221789060006651194","potions_obtained":[{"floor":1.0,"key":"Ancient Potion"},{"floor":5.0,"key":"CunningPotion"},{"floor":13.0,"key":"Strength Potion"},{"floor":14.0,"key":"Energy Potion"},{"floor":16.0,"key":"LiquidMemories"},{"floor":18.0,"key":"SteroidPotion"},{"floor":21.0,"key":"SneckoOil"},{"floor":22.0,"key":"LiquidMemories"},{"floor":31.0,"key":"CultistPotion"},{"floor":35.0,"key":"PowerPotion"},{"floor":38.0,"key":"SmokeBomb"},{"floor":39.0,"key":"EssenceOfSteel"},{"floor":46.0,"key":"Swift Potion"}],"is_trial":false,"path_per_floor":["M","?","?","M","M","M","R","M","T","R","E","R","E","M","R","B",null,"M","?","?","M","M","R","E","M","T","$","?","?","R","M","R","B",null,"M","?","M","M","M","E","M","E","T","R","?","M","R","$","R","B","B"],"character_chosen":"THE_SILENT","items_purchased":["Reflex","AttackPotion","Bottled Lightning"],"campfire_rested":1,"item_purchase_floors":[27,27,48],"current_hp_per_floor":[59,64,64,64,64,62,62,57,57,57,57,57,49,42,42,30,68,59,59,59,56,48,48,13,19,19,19,19,19,43,42,42,49,73,71,71,71,67,67,60,56,50,50,50,50,46,46,46,46,44,0,0],"gold":67,"neow_bonus":"UPGRADE_CARD","is_daily":false,"chose_seed":false,"campfire_upgraded":8,"win_rate":0.0,"timestamp":1613027911,"path_taken":["M","?","?","M","M","M","R","?","T","R","E","R","E","M","R","BOSS","M","?","?","?","M","R","E","M","T","$","?","?","R","M","R","BOSS","M","?","M","M","M","E","M","E","T","R","?","M","R","$","R","BOSS","BOSS"],"items_purchased_type":["Card","Potion","Relic"],"build_version":"2020-12-22","purchased_purges":2,"victory":false,"max_hp_per_floor":[66,71,71,71,71,71,71,71,71,71,81,81,81,81,81,81,81,81,81,81,81,81,81,81,81,81,81,81,81,81,81,81,81,81,81,81,81,81,81,81,81,81,81,81,77,77,77,77,77,77,77,77],"card_choices":[{"not_picked":["Cloak And Dagger","Reflex"],"picked":"Footwork","floor":1.0},{"not_picked":["Choke","Flechettes"],"picked":"Dagger Throw","floor":4.0},{"not_picked":["Deflect","PiercingWail"],"picked":"Skewer","floor":5.0},{"not_picked":["Cloak And Dagger","Dodge and Roll"],"picked":"Footwork","floor":6.0},{"not_picked":["Dagger Throw","Poisoned Stab"],"picked":"Deadly Poison","floor":8.0},{"not_picked":["Bane","Deflect"],"picked":"A Thousand Cuts","floor":11.0},{"not_picked":["Cloak And Dagger","Flechettes+1"],"picked":"Eviscerate+1","floor":13.0},{"not_picked":["Flechettes+1","Poisoned Stab+1","Eviscerate+1"],"picked":"SKIP","floor":14.0},{"not_picked":["Tools of the Trade","Envenom"],"picked":"Grand Finale+1","floor":16.0},{"not_picked":["Flying Knee+1","Underhanded Strike+1","Poisoned Stab+1"],"picked":"SKIP","floor":18.0},{"not_picked":["Flying Knee+1","Die Die Die+1"],"picked":"Escape Plan","floor":21.0},{"not_picked":["Deflect","Eviscerate+1"],"picked":"Blur","floor":22.0},{"not_picked":["Quick Slash+1","Unload+1"],"picked":"Backflip","floor":24.0},{"not_picked":["Flying Knee+1","Dagger Throw+1"],"picked":"Backflip+1","floor":25.0},{"not_picked":["Heel Hook+1","Well Laid Plans"],"picked":"Prepared+1","floor":31.0},{"not_picked":["Burst","Grand Finale+1"],"picked":"Adrenaline","floor":33.0},{"not_picked":["Blur+1","Riddle With Holes+1","Escape Plan"],"picked":"SKIP","floor":35.0},{"not_picked":["Bane+1","Deflect","Dagger Spray+1"],"picked":"SKIP","floor":37.0},{"not_picked":["PiercingWail+1","Poisoned Stab+1","Backflip"],"picked":"SKIP","floor":38.0},{"not_picked":["A Thousand Cuts","Underhanded Strike+1","Riddle With Holes+1"],"picked":"SKIP","floor":39.0},{"not_picked":["Quick Slash+1","Bouncing Flask","Bane+1"],"picked":"SKIP","floor":40.0},{"not_picked":["Bouncing Flask","Glass Knife+1","Prepared"],"picked":"SKIP","floor":41.0},{"not_picked":["PiercingWail","Cloak And Dagger","Backflip+1"],"picked":"SKIP","floor":42.0},{"not_picked":["Infinite Blades+1","Acrobatics","Sucker Punch+1"],"picked":"SKIP","floor":46.0}],"player_experience":926941,"relics_obtained":[{"floor":9.0,"key":"Meat on the Bone"},{"floor":11.0,"key":"Pear"},{"floor":13.0,"key":"Molten Egg 2"},{"floor":24.0,"key":"War Paint"},{"floor":26.0,"key":"Letter Opener"},{"floor":36.0,"key":"Incense Burner"},{"floor":40.0,"key":"MawBank"},{"floor":42.0,"key":"Nunchaku"}],"event_choices":[{"damage_healed":0.0,"max_hp_gain":5.0,"max_hp_loss":0.0,"gold_gain":0.0,"event_name":"Big Fish","player_choice":"Donut","floor":2.0,"gold_loss":0.0,"damage_taken":0.0},{"damage_healed":0.0,"max_hp_gain":0.0,"max_hp_loss":0.0,"gold_gain":0.0,"event_name":"Match and Keep!","player_choice":"0 cards matched","floor":3.0,"gold_loss":0.0,"damage_taken":0.0,"cards_obtained":[]},{"damage_healed":0.0,"max_hp_gain":0.0,"max_hp_loss":0.0,"gold_gain":50.0,"event_name":"Nest","player_choice":"Stole From Cult","floor":19.0,"gold_loss":0.0,"damage_taken":0.0},{"damage_healed":0.0,"max_hp_gain":0.0,"max_hp_loss":0.0,"gold_gain":0.0,"cards_transformed":["Strike_G","Strike_G"],"event_name":"Designer","player_choice":"Transformed Cards","floor":20.0,"gold_loss":75.0,"damage_taken":0.0,"cards_obtained":["Underhanded Strike","Acrobatics"]},{"damage_healed":0.0,"max_hp_gain":0.0,"max_hp_loss":0.0,"gold_gain":0.0,"event_name":"The Mausoleum","player_choice":"Ignored","floor":28.0,"gold_loss":0.0,"damage_taken":0.0},{"damage_healed":0.0,"max_hp_gain":0.0,"max_hp_loss":0.0,"gold_gain":0.0,"event_name":"Addict","player_choice":"Obtained Relic","floor":29.0,"gold_loss":85.0,"damage_taken":0.0,"relics_obtained":["Paper Crane"]},{"damage_healed":0.0,"max_hp_gain":0.0,"max_hp_loss":0.0,"gold_gain":0.0,"event_name":"MindBloom","player_choice":"Fight","floor":36.0,"gold_loss":0.0,"damage_taken":0.0},{"damage_healed":0.0,"max_hp_gain":0.0,"max_hp_loss":4.0,"gold_gain":0.0,"event_name":"Winding Halls","player_choice":"Max HP","floor":45.0,"gold_loss":0.0,"damage_taken":0.0}],"is_beta":false,"boss_relics":[{"not_picked":["SacredBark","Philosopher\u0027s Stone"],"picked":"Cursed Key"},{"not_picked":["Sozu","WristBlade"],"picked":"Astrolabe"}],"items_purged_floors":[27,48],"is_endless":false,"potions_floor_spawned":[1,5,13,14,16,18,21,22,31,35,38,39,46],"killed_by":"Time Eater","ascension_level":20}}