{"host":"tgnam0g96qraiyqx","time":1613085352,"event":{"mods":["Always Whale","Aspiration","BaseMod","Beaked The Cultist","BetterRewards","Chen","Colored Map","Colored Powertips","Downfall","Energized Spire","FruityMod","FutureSeer","Glutton Mod","Gremlin Mod","HexUI Lib","Highlight Path","Hubris","Minty Spire (QoL Compilation)","Pikachu Mod","Replay The Spire","Shop Mod","StSLib","The Jungle","[IsaacMod]????"],"gold_per_floor":[99,118,118,118,135,135,204,204,214,233,249,249,165,178,193,297,297,297,317,317,317],"floor_reached":20,"language":"FRA","playtime":1761,"items_purged":[],"score":166,"play_id":"aebcb6c3-05d7-4945-9b22-e05eb0c55828","local_time":"20210212001552","is_ascension_mode":false,"campfire_choices":[{"data":"AstralHaze","floor":1.0,"key":"SMITH"},{"data":"Defend_P","floor":6.0,"key":"SMITH"},{"data":"SiphonSpeed","floor":12.0,"key":"SMITH"},{"data":"Eureka","floor":18,"key":"SMITH"}],"circlet_count":0,"master_deck":["Strike_P","Strike_P","Strike_P","Defend_P","Defend_P+1","Defend_P","AstralHaze+1","PulseBarrier+1","Creativity","SiphonSpeed+1","PrismaticSphere","Eureka+1","Vacuum","UnstableOrb","Eureka","Enigma"],"relics":["Arcanosphere","energizedSpire:MagnifyingGlass"],"acts_visited":["Exordium","TheCity"],"potions_floor_usage":[19,19,19],"damage_taken":[{"damage":1.0,"enemies":"2 Louse","floor":2.0,"turns":3.0},{"damage":0.0,"enemies":"Small Slimes","floor":5.0,"turns":6.0},{"damage":0.0,"enemies":"Cultist","floor":9.0,"turns":4.0},{"damage":3.0,"enemies":"Lots of Slimes","floor":10.0,"turns":8.0},{"damage":0.0,"enemies":"Large Slime","floor":11.0,"turns":16.0},{"damage":0.0,"enemies":"downfall:FleeingMerchant","floor":13.0,"turns":4.0},{"damage":0.0,"enemies":"2 Fungi Beasts","floor":14.0,"turns":5.0},{"damage":4.0,"enemies":"3 Louse","floor":15.0,"turns":4.0},{"damage":3.0,"enemies":"SI_SHIV_ARCHETYPE","floor":16.0,"turns":9.0},{"damage":9,"enemies":"3 Byrds","floor":19,"turns":6},{"damage":7,"enemies":"Centurion and Healer","floor":20,"turns":6}],"seed_played":"2118952206913103113","potions_obtained":[{"floor":5.0,"key":"Death Potion"},{"floor":8.0,"key":"Fruit Juice"},{"floor":8.0,"key":"Elixir"},{"floor":8.0,"key":"Weak Potion"},{"floor":9.0,"key":"Explosive Potion"},{"floor":15.0,"key":"BlessingOfTheForge"},{"floor":16.0,"key":"Explosive Potion"}],"is_trial":false,"path_per_floor":["R","M","?","?","M","R","T","?","M","M","M","R","$","M","M","B",null,"R","M","M"],"character_chosen":"THE_SEEKER","items_purchased":["Vacuum"],"campfire_rested":0,"item_purchase_floors":[13],"current_hp_per_floor":[54,53,58,58,58,58,58,58,63,60,60,60,60,60,56,53,85,85,76,69,69],"gold":317,"neow_bonus":"REMOVE_TWO","is_daily":false,"chose_seed":false,"campfire_upgraded":4,"win_rate":0.0,"timestamp":1613085352,"path_taken":["R","M","?","?","M","R","T","?","M","?","M","R","$","M","M","BOSS","R","M","M"],"items_purchased_type":["Card"],"build_version":"2020-12-22","purchased_purges":0,"victory":false,"max_hp_per_floor":[75,75,80,80,80,80,80,80,85,85,85,85,85,85,85,85,85,85,85,85,85],"card_choices":[{"not_picked":["Surge","Corona"],"picked":"PulseBarrier","floor":2.0},{"not_picked":["UnstableOrb","PhaseCoil","Retrograde"],"picked":"SKIP","floor":5.0},{"not_picked":["Illuminate","Anomaly"],"picked":"Creativity","floor":9.0},{"not_picked":["VoidRay","PhaseCoil"],"picked":"SiphonSpeed","floor":10.0},{"not_picked":["Archives","Shimmer"],"picked":"PrismaticSphere","floor":11.0},{"not_picked":["Convergence","Illuminate"],"picked":"Eureka","floor":13.0},{"not_picked":["GravityWell","ArcaneArmor","Hypothesis"],"picked":"SKIP","floor":14.0},{"not_picked":["StrokeOfGenius","EssenceDart"],"picked":"UnstableOrb","floor":15.0},{"not_picked":["Implosion","PeriaptOfCelerity"],"picked":"Eureka","floor":16.0},{"not_picked":["Entropy","PhaseCoil+1"],"picked":"Enigma","floor":19}],"player_experience":1202749,"relics_obtained":[],"event_choices":[{"damage_healed":0.0,"max_hp_gain":5.0,"max_hp_loss":0.0,"gold_gain":0.0,"event_name":"Big Fish","player_choice":"Donut","floor":3.0,"gold_loss":0.0,"damage_taken":0.0},{"damage_healed":0.0,"max_hp_gain":0.0,"max_hp_loss":0.0,"gold_gain":0.0,"event_name":"Lab","player_choice":"Got Potions","floor":8.0,"gold_loss":0.0,"damage_taken":0.0}],"is_beta":false,"boss_relics":[{"not_picked":["Empty Cage","hubris:VirtuousBlindfold"],"picked":"energizedSpire:MagnifyingGlass"}],"items_purged_floors":[],"is_endless":false,"potions_floor_spawned":[5,9,15,16],"killed_by":"Centurion and Healer","ascension_level":0}}