{"host":"amduk82rbaelv3uo","time":1613056142,"event":{"mods":["AchievementEnabler","BaseMod","BetterRewards","Card Forge","Colored Map","Colored Powertips","Defuse TimeMaze Blight","Highlight Path","Minty Spire (QoL Compilation)","Permanent Neow","Quick Restart","StSLib"],"gold_per_floor":[111,125,125,136,156,156,0,11,11,41,57,78,88,103,103,204,204,224,235,235,254,266,301,158,158,158,178,178,198,210,228,228,326,326,340,355,204,204,204,229,229,264,264,279,279,279,299,316,316,316],"floor_reached":51,"language":"ENG","playtime":1042,"items_purged":[],"score":1137,"play_id":"c0fd5768-aacf-425d-9f5a-827cc26516c5","local_time":"20210211150902","is_ascension_mode":false,"campfire_choices":[{"floor":6,"key":"REST"},{"floor":15,"key":"REST"},{"floor":25,"key":"REST"},{"floor":28,"key":"REST"},{"floor":32,"key":"REST"},{"floor":41,"key":"REST"},{"floor":49,"key":"REST"}],"circlet_count":0,"master_deck":["Flash of Steel+1","Panache+1","Flash of Steel+1","Panache+1","Panache+1","Panache+1","Panache+1"],"relics":["PureWater","Hammer of Thor","Seething Fire","Anvil of the Gods","Bag of Preparation","Meat on the Bone","Oddly Smooth Stone","Odd Mushroom","SlaversCollar","Calipers","DollysMirror","SacredBark","Lee\u0027s Waffle","Potion Belt","Pear","Mark of the Bloom"],"acts_visited":["Exordium","TheCity","TheBeyond"],"potions_floor_usage":[23,23,23,35,44,44,47,47,50,50],"damage_taken":[{"damage":0,"enemies":"Small Slimes","floor":1,"turns":1},{"damage":0,"enemies":"Cultist","floor":2,"turns":1},{"damage":0,"enemies":"Jaw Worm","floor":4,"turns":1},{"damage":0,"enemies":"Exordium Thugs","floor":5,"turns":1},{"damage":0,"enemies":"Gremlin Gang","floor":8,"turns":1},{"damage":0,"enemies":"Gremlin Nob","floor":10,"turns":1},{"damage":0,"enemies":"Lots of Slimes","floor":11,"turns":1},{"damage":0,"enemies":"The Mushroom Lair","floor":12,"turns":1},{"damage":0,"enemies":"Looter","floor":13,"turns":1},{"damage":0,"enemies":"2 Fungi Beasts","floor":14,"turns":1},{"damage":0,"enemies":"Slime Boss","floor":16,"turns":1},{"damage":0,"enemies":"3 Byrds","floor":18,"turns":1},{"damage":0,"enemies":"Shell Parasite","floor":19,"turns":1},{"damage":0,"enemies":"Centurion and Healer","floor":21,"turns":1},{"damage":0,"enemies":"Shelled Parasite and Fungi","floor":22,"turns":1},{"damage":0,"enemies":"Book of Stabbing","floor":23,"turns":1},{"damage":0,"enemies":"Chosen and Byrds","floor":27,"turns":1},{"damage":0,"enemies":"Snecko","floor":29,"turns":1},{"damage":0,"enemies":"3 Cultists","floor":30,"turns":1},{"damage":0,"enemies":"Centurion and Healer","floor":31,"turns":1},{"damage":0,"enemies":"Collector","floor":33,"turns":1},{"damage":0,"enemies":"3 Darklings","floor":35,"turns":1},{"damage":0,"enemies":"3 Shapes","floor":36,"turns":1},{"damage":0,"enemies":"Reptomancer","floor":40,"turns":1},{"damage":0,"enemies":"Nemesis","floor":42,"turns":1},{"damage":0,"enemies":"Maw","floor":44,"turns":1},{"damage":0,"enemies":"Transient","floor":47,"turns":1},{"damage":0,"enemies":"4 Shapes","floor":48,"turns":1},{"damage":0,"enemies":"Donu and Deca","floor":50,"turns":1}],"seed_played":"-9013671299809862226","potions_obtained":[{"floor":1,"key":"EntropicBrew"},{"floor":2,"key":"SteroidPotion"},{"floor":4,"key":"SteroidPotion"},{"floor":5,"key":"Regen Potion"},{"floor":40,"key":"Swift Potion"},{"floor":44,"key":"LiquidBronze"},{"floor":47,"key":"Regen Potion"},{"floor":48,"key":"FearPotion"}],"is_trial":false,"path_per_floor":["M","M","?","M","M","R","$","M","T","E","M","?","M","M","R","B",null,"M","M","?","M","M","E","$","R","T","M","R","M","M","M","R","B",null,"M","M","$","?","?","E","R","E","T","M","?","$","M","M","R","B",null],"character_chosen":"WATCHER","items_purchased":["Bag of Preparation","DollysMirror","Lee\u0027s Waffle"],"campfire_rested":7,"item_purchase_floors":[7,24,37],"current_hp_per_floor":[79,79,89,89,89,89,89,89,89,89,89,89,89,89,89,89,89,89,89,89,89,89,89,89,89,89,89,89,89,89,89,89,89,89,89,89,96,96,96,96,96,96,106,106,106,106,106,106,106,106],"gold":316,"neow_bonus":"TEN_PERCENT_HP_BONUS","is_daily":false,"chose_seed":false,"campfire_upgraded":0,"win_rate":0.0,"timestamp":1613056142,"path_taken":["M","M","?","?","M","R","$","?","T","E","M","?","M","M","R","BOSS","M","M","?","M","M","E","$","R","T","?","R","M","M","M","R","BOSS","M","M","?","?","?","E","R","E","T","M","?","$","M","M","R","BOSS"],"items_purchased_type":["Relic","Relic","Relic"],"build_version":"2020-12-22","purchased_purges":0,"victory":true,"max_hp_per_floor":[79,79,89,89,89,89,89,89,89,89,89,89,89,89,89,89,89,89,89,89,89,89,89,89,89,89,89,89,89,89,89,89,89,89,89,89,96,96,96,96,96,96,106,106,106,106,106,106,106,106],"card_choices":[{"not_picked":["Vengeance","FlyingSleeves","Weave"],"picked":"SKIP","floor":1},{"not_picked":["FollowUp","FearNoEvil","ThirdEye"],"picked":"SKIP","floor":2},{"not_picked":["InnerPeace","Crescendo","FlyingSleeves"],"picked":"SKIP","floor":4},{"not_picked":["ThirdEye","TalkToTheHand","CutThroughFate"],"picked":"SKIP","floor":5},{"not_picked":["Nirvana","Indignation","EmptyBody"],"picked":"SKIP","floor":8},{"not_picked":["ReachHeaven","SashWhip","Evaluate"],"picked":"SKIP","floor":10},{"not_picked":["Protect","EmptyFist","ClearTheMind"],"picked":"SKIP","floor":11},{"not_picked":["ThirdEye","EmptyFist","Wallop"],"picked":"SKIP","floor":13},{"not_picked":["Evaluate","ClearTheMind","FollowUp"],"picked":"SKIP","floor":14},{"not_picked":["Fasting2","CrushJoints","WheelKick+1"],"picked":"SKIP","floor":18},{"not_picked":["Wallop","TalkToTheHand","BowlingBash"],"picked":"SKIP","floor":19},{"not_picked":["Protect+1","Crescendo","CrushJoints"],"picked":"SKIP","floor":21},{"not_picked":["ThirdEye","EmptyMind","Consecrate"],"picked":"SKIP","floor":22},{"not_picked":["DeusExMachina","ThirdEye","Conclude"],"picked":"SKIP","floor":23},{"not_picked":["Evaluate","Nirvana","InnerPeace"],"picked":"SKIP","floor":27},{"not_picked":["Consecrate","CrushJoints+1","PathToVictory"],"picked":"SKIP","floor":29},{"not_picked":["Swivel","Collect","ClearTheMind"],"picked":"SKIP","floor":30},{"not_picked":["Swivel","PathToVictory","EmptyBody"],"picked":"SKIP","floor":31},{"not_picked":["ThirdEye","Nirvana+1","FollowUp+1"],"picked":"SKIP","floor":35},{"not_picked":["Sanctity","ClearTheMind+1","Protect"],"picked":"SKIP","floor":36},{"not_picked":["FollowUp+1","FlyingSleeves+1","SandsOfTime"],"picked":"SKIP","floor":40},{"not_picked":["ReachHeaven+1","FollowUp","BattleHymn"],"picked":"SKIP","floor":42},{"not_picked":["LikeWater","Indignation+1","ThirdEye+1"],"picked":"SKIP","floor":44},{"not_picked":["Worship","Consecrate","FollowUp"],"picked":"SKIP","floor":47},{"not_picked":["EmptyFist","Conclude+1","EmptyBody"],"picked":"SKIP","floor":48}],"player_experience":273919,"relics_obtained":[{"floor":9,"key":"Meat on the Bone"},{"floor":10,"key":"Oddly Smooth Stone"},{"floor":12,"key":"Odd Mushroom"},{"floor":23,"key":"Calipers"},{"floor":42,"key":"Potion Belt"},{"floor":43,"key":"Pear"}],"event_choices":[{"cards_removed":["Master of Strategy"],"damage_healed":0,"gold_gain":0,"player_choice":"Offered Rare","damage_taken":0,"max_hp_gain":10,"max_hp_loss":0,"event_name":"Bonfire Elementals","floor":3,"gold_loss":0},{"damage_healed":0,"gold_gain":0,"player_choice":"Fought Mushrooms","damage_taken":0,"max_hp_gain":0,"max_hp_loss":0,"event_name":"Mushrooms","floor":12,"gold_loss":0},{"damage_healed":0,"gold_gain":0,"player_choice":"Leave","damage_taken":0,"max_hp_gain":0,"max_hp_loss":0,"event_name":"FaceTrader","floor":20,"gold_loss":0},{"damage_healed":0,"gold_gain":0,"player_choice":"Memory 1","damage_taken":0,"max_hp_gain":0,"max_hp_loss":0,"event_name":"SensoryStone","floor":38,"gold_loss":0},{"cards_removed":["Panache"],"damage_healed":0,"gold_gain":0,"player_choice":"Removed Power","damage_taken":0,"max_hp_gain":0,"max_hp_loss":0,"event_name":"Falling","floor":39,"gold_loss":0},{"damage_healed":0,"gold_gain":0,"player_choice":"Upgrade","damage_taken":0,"relics_obtained":["Mark of the Bloom"],"max_hp_gain":0,"max_hp_loss":0,"event_name":"MindBloom","floor":45,"gold_loss":0,"cards_upgraded":[]}],"is_beta":false,"boss_relics":[{"not_picked":["Tiny House","Ectoplasm"],"picked":"SlaversCollar"},{"not_picked":["Velvet Choker","Empty Cage"],"picked":"SacredBark"}],"items_purged_floors":[],"is_endless":false,"potions_floor_spawned":[1,2,4,5,13,21,22,30,33,40,44,47,48],"ascension_level":0}}