{"host":"pah2xi72mkoh8qg3","time":1613062145,"event":{"mods":["BaseMod","Colored Powertips","Conspire","FoggyMod","Highlight Path","Minty Spire (QoL Compilation)","Reliquary","Replay The Spire","RumiaBox-露米娅的神秘盒子","Shop Mod","StSLib","Waifu the Spire"],"gold_per_floor":[113,113,113,327,31,31,60,154,154,154,183,199,199,54,54,54,54],"floor_reached":16,"language":"ZHS","playtime":961,"items_purged":[],"score":111,"play_id":"d52a0ecb-8905-4a23-a97f-5423b2f7c323","local_time":"20210212004905","is_ascension_mode":true,"campfire_choices":[{"floor":6,"key":"RECALL"},{"floor":15,"key":"REST"}],"circlet_count":0,"master_deck":["Strike_B","Strike_B","Strike_B","Strike_B","Defend_B","Defend_B","Defend_B","Defend_B","Zap","conspire:SharedLibrary","Bash","Chill","Mind Blast","WheelKick","Regret","Terror","Massacre","Decay"],"relics":["Baka","Iron Core","Mirror","Pet Ghost","PrismaticShard","Onion Ring","Frozen Egg 2","Counterbalance","conspire:Dentures","ZombieArmy"],"acts_visited":["Exordium"],"potions_floor_usage":[8],"damage_taken":[{"damage":6,"enemies":"Jaw Worm","floor":1,"turns":3},{"damage":10,"enemies":"Small Slimes","floor":4,"turns":3},{"damage":9,"enemies":"conspire:MimicChest","floor":7,"turns":3},{"damage":34,"enemies":"3 Sentries","floor":8,"turns":11},{"damage":62,"enemies":"Replay:BlueRogue","floor":11,"turns":6},{"damage":4,"enemies":"Cultist","floor":12,"turns":2},{"damage":56,"enemies":"Fading Forest","floor":16,"turns":8}],"seed_played":"8096472880560737412","potions_obtained":[{"floor":1,"key":"BlessingOfTheForge"},{"floor":7,"key":"ColorlessPotion"}],"is_trial":false,"path_per_floor":["M","?","?","M","$","R","?","E","T","?","E","M","?","$","R","B"],"character_chosen":"DEFECT","items_purchased":["Pet Ghost","PrismaticShard","ZombieArmy"],"campfire_rested":1,"item_purchase_floors":[5,5,14],"current_hp_per_floor":[76,76,76,66,66,66,57,82,82,82,20,16,16,16,40,0,0],"gold":54,"neow_bonus":"TEN_PERCENT_HP_BONUS","is_daily":false,"chose_seed":false,"campfire_upgraded":0,"win_rate":0.0,"timestamp":1613062145,"path_taken":["M","?","?","?","?","R","?","E","T","?","E","?","?","?","R","BOSS"],"items_purchased_type":["Relic","Relic","Relic"],"build_version":"2020-12-22","purchased_purges":0,"victory":false,"max_hp_per_floor":[82,82,82,82,82,82,82,82,82,82,82,82,82,82,82,82,82],"card_choices":[{"not_picked":["Steam Power","Compile Driver"],"picked":"conspire:SharedLibrary","floor":1},{"not_picked":["Ball Lightning","Flex"],"picked":"Chill","floor":4},{"not_picked":["ReplayTheSpireMod:LeadingStrike","Skewer"],"picked":"Mind Blast","floor":7},{"not_picked":["Gash","conspire:ExplosiveBarrier"],"picked":"WheelKick","floor":8},{"not_picked":["Dual Wield","Dash"],"picked":"Terror","floor":11},{"not_picked":["Second Wind","Replay:ManipulateFuture"],"picked":"Massacre","floor":12}],"player_experience":326257,"relics_obtained":[{"floor":1,"key":"Baka"},{"floor":7,"key":"Onion Ring"},{"floor":8,"key":"Frozen Egg 2"},{"floor":11,"key":"Counterbalance"},{"floor":11,"key":"conspire:Dentures"}],"event_choices":[{"damage_healed":0,"gold_gain":0,"player_choice":"Gave Potion","damage_taken":0,"relics_obtained":["Mirror"],"max_hp_gain":0,"max_hp_loss":0,"event_name":"WeMeetAgain","floor":3,"gold_loss":0},{"damage_healed":0,"gold_gain":0,"player_choice":"Box","damage_taken":0,"relics_obtained":["reliquary:FerryPass"],"max_hp_gain":0,"max_hp_loss":0,"event_name":"Big Fish","floor":10,"gold_loss":0,"cards_obtained":["Regret"]},{"damage_healed":0,"gold_gain":0,"player_choice":"Cursed","damage_taken":0,"max_hp_gain":0,"max_hp_loss":0,"event_name":"Wheel of Change","floor":13,"gold_loss":0,"cards_obtained":["Decay"]}],"is_beta":false,"boss_relics":[],"items_purged_floors":[],"is_endless":false,"potions_floor_spawned":[1,7],"killed_by":"Fading Forest","ascension_level":1}}