{"host":"qj2ynjh122p6ybyd","time":1613044034,"event":{"mods":["AchievementEnabler","Aspiration","BaseMod","Better Match","Better Note","Highlight Path","Infinite Spire","Minty Spire (QoL Compilation)","Quick Restart","Relic Stats","Reliquary","Replay The Spire","StSLib","SuperFastMode","The Blackbeard","The Gatherer"],"gold_per_floor":[109,109,122,122,142,142,221,221,248,274,274,294,310,342,342,342,342],"floor_reached":16,"language":"RUS","playtime":626,"items_purged":[],"score":176,"play_id":"ffcdb14b-9a76-4af5-979d-e36e5f1526f7","local_time":"20210211134714","is_ascension_mode":true,"campfire_choices":[{"floor":6,"key":"REST"},{"data":"Storm","floor":8,"key":"SMITH"},{"data":"Zap","floor":11,"key":"SMITH"},{"data":"White Noise","floor":15,"key":"SMITH"}],"circlet_count":0,"master_deck":["AscendersBane","Strike_B+1","Strike_B","Strike_B","Defend_B","Defend_B","Defend_B","Defend_B+1","Zap+1","Dualcast","Storm+1","Conserve Battery","Leap","Coolheaded","Ball Lightning","White Noise+1"],"relics":["Cracked Core","NeowsBlessing","Quantum Egg","PreservedInsect","reliquary:BallBearing","Darkstone Periapt"],"acts_visited":["Exordium"],"potions_floor_usage":[13,14],"damage_taken":[{"damage":0,"enemies":"Jaw Worm","floor":1,"turns":1},{"damage":0,"enemies":"Small Slimes","floor":3,"turns":1},{"damage":0,"enemies":"2 Louse","floor":5,"turns":1},{"damage":16,"enemies":"Gremlin Nob","floor":10,"turns":4},{"damage":6,"enemies":"Large Slime","floor":12,"turns":8},{"damage":0,"enemies":"3 Louse","floor":13,"turns":1},{"damage":14,"enemies":"3 Sentries","floor":14,"turns":7},{"damage":55,"enemies":"Fading Forest","floor":16,"turns":9}],"seed_played":"-5391156707065066555","potions_obtained":[{"floor":1,"key":"Milkshake"},{"floor":3,"key":"Explosive Potion"},{"floor":12,"key":"Adrenaline Potion"},{"floor":13,"key":"Milkshake"}],"is_trial":false,"path_per_floor":["M","?","M","?","M","R","T","R","T","E","R","M","M","E","R","B"],"character_chosen":"DEFECT","items_purchased":[],"campfire_rested":1,"item_purchase_floors":[],"current_hp_per_floor":[68,53,53,46,46,68,68,68,68,52,52,46,46,32,32,0,0],"gold":342,"neow_bonus":"THREE_ENEMY_KILL","is_daily":false,"chose_seed":false,"campfire_upgraded":3,"win_rate":0.0,"timestamp":1613044034,"path_taken":["M","?","M","?","M","R","?","R","T","E","R","M","M","E","R","BOSS"],"items_purchased_type":[],"build_version":"2020-12-22","purchased_purges":0,"victory":false,"max_hp_per_floor":[75,75,75,75,75,75,75,75,75,75,75,75,75,75,75,75,75],"relic_stats":{"Darkstone Periapt":0,"counters":[8,32],"PreservedInsect":63,"obtain_stats":[{"Darkstone Periapt":14,"NeowsBlessing":0,"Quantum Egg":7,"PreservedInsect":9,"reliquary:BallBearing":10,"Cracked Core":0},{"Darkstone Periapt":7,"NeowsBlessing":0,"Quantum Egg":3,"PreservedInsect":3,"reliquary:BallBearing":4,"Cracked Core":0},{"Darkstone Periapt":23,"NeowsBlessing":0,"Quantum Egg":3,"PreservedInsect":3,"reliquary:BallBearing":7,"Cracked Core":0}]},"card_choices":[{"not_picked":["Undo","Reprogram"],"picked":"Storm","floor":1},{"not_picked":["Steam Power","Sunder"],"picked":"Conserve Battery","floor":3},{"not_picked":["Gash","Reinforced Body"],"picked":"Leap","floor":5},{"not_picked":["Streamline","Rebound","Redo"],"picked":"SKIP","floor":10},{"not_picked":["Undo","Aggregate"],"picked":"Coolheaded","floor":12},{"not_picked":["Glacier","ReplayTheSpireMod:Reroute Power"],"picked":"Ball Lightning","floor":13},{"not_picked":["Turbo","Chill"],"picked":"White Noise","floor":14}],"player_experience":369347,"relics_obtained":[{"floor":7,"key":"Quantum Egg"},{"floor":9,"key":"PreservedInsect"},{"floor":10,"key":"reliquary:BallBearing"},{"floor":14,"key":"Darkstone Periapt"}],"event_choices":[{"damage_healed":0,"gold_gain":0,"player_choice":"Entered Light","damage_taken":15,"max_hp_gain":0,"max_hp_loss":0,"event_name":"Shining Light","floor":2,"gold_loss":0,"cards_upgraded":["Strike_B","Defend_B"]},{"cards_removed":["Strike_B"],"damage_healed":0,"gold_gain":0,"player_choice":"Card Removal","damage_taken":7,"max_hp_gain":0,"max_hp_loss":0,"event_name":"Golden Wing","floor":4,"gold_loss":0}],"is_beta":false,"boss_relics":[],"items_purged_floors":[],"is_endless":false,"potions_floor_spawned":[1,3,12,13],"killed_by":"Fading Forest","ascension_level":12}}