{"host":"8ztb9kwpjc2zof9s","time":1613021697,"event":{"mods":["BaseMod","Block Reminder","Curses Come First","Minty Spire (QoL Compilation)","Relic Stats","StSLib"],"gold_per_floor":[114,137,154,171,186,212,212,212,212,230,256,274,303,83,83,186,186,201,220,220,220],"floor_reached":20,"language":"ENG","playtime":912,"items_purged":["Strike_G"],"score":284,"play_id":"f81d7539-5327-4362-b3f4-e4472af35874","local_time":"20210210213457","is_ascension_mode":true,"campfire_choices":[{"data":"Neutralize","floor":8,"key":"SMITH"},{"floor":15,"key":"REST"}],"circlet_count":0,"master_deck":["Strike_G","Strike_G","Strike_G","Strike_G","Defend_G","Defend_G","Defend_G","Defend_G","Defend_G","Survivor","Neutralize+1","Blur","Deadly Poison","Dagger Spray","Poisoned Stab","Dash","Setup","Catalyst","Caltrops+1","Noxious Fumes+1","CurseOfTheBell","Backstab+1"],"relics":["Ring of the Snake","The Specimen","Blood Vial","Torii","Paper Crane","Frozen Egg 2","Strawberry","OrangePellets","Calling Bell","Potion Belt","Letter Opener","CaptainsWheel"],"acts_visited":["Exordium","TheCity"],"potions_floor_usage":[5,6,11,13,13,13,20],"damage_taken":[{"damage":0,"enemies":"Cultist","floor":1,"turns":5},{"damage":1,"enemies":"2 Louse","floor":3,"turns":4},{"damage":1,"enemies":"Small Slimes","floor":4,"turns":5},{"damage":0,"enemies":"3 Louse","floor":5,"turns":4},{"damage":21,"enemies":"Lagavulin","floor":6,"turns":9},{"damage":0,"enemies":"Blue Slaver","floor":10,"turns":4},{"damage":27,"enemies":"3 Sentries","floor":11,"turns":8},{"damage":0,"enemies":"Red Slaver","floor":12,"turns":4},{"damage":8,"enemies":"Lagavulin","floor":13,"turns":5},{"damage":21,"enemies":"The Guardian","floor":16,"turns":10},{"damage":19,"enemies":"2 Thieves","floor":18,"turns":5},{"damage":17,"enemies":"Shell Parasite","floor":19,"turns":5},{"damage":37,"enemies":"Masked Bandits","floor":20,"turns":4}],"seed_played":"3667976208933963903","potions_obtained":[{"floor":3,"key":"SpeedPotion"},{"floor":4,"key":"SneckoOil"},{"floor":5,"key":"Regen Potion"},{"floor":6,"key":"DuplicationPotion"},{"floor":7,"key":"LiquidBronze"},{"floor":12,"key":"AttackPotion"},{"floor":19,"key":"EssenceOfSteel"}],"is_trial":false,"path_per_floor":["M","T","M","M","M","E","?","R","T","M","E","M","E","$","R","B",null,"M","M","?"],"character_chosen":"THE_SILENT","items_purchased":["OrangePellets"],"campfire_rested":1,"item_purchase_floors":[14],"current_hp_per_floor":[45,45,46,47,49,44,44,44,44,46,21,23,24,24,47,28,65,48,33,0,0],"gold":220,"neow_bonus":"ONE_RARE_RELIC","is_daily":false,"chose_seed":false,"campfire_upgraded":1,"win_rate":0.0,"timestamp":1613021697,"path_taken":["M","?","?","M","M","E","?","R","T","?","E","M","E","$","R","BOSS","M","M","?"],"items_purchased_type":["Relic"],"build_version":"2020-12-22","purchased_purges":1,"victory":false,"max_hp_per_floor":[70,70,70,70,70,70,70,70,70,70,70,70,77,77,77,77,77,77,77,77,77],"relic_stats":{"Blood Vial":24,"OrangePellets":[3],"Torii":15,"counters":[13,72],"Letter Opener":[2],"obtain_stats":[{"Blood Vial":2,"Calling Bell":17,"Potion Belt":17,"OrangePellets":14,"CaptainsWheel":17,"The Specimen":0,"Torii":6,"Strawberry":13,"Letter Opener":17,"Paper Crane":9,"Frozen Egg 2":11,"Ring of the Snake":0},{"Blood Vial":1,"Calling Bell":10,"Potion Belt":10,"OrangePellets":9,"CaptainsWheel":10,"The Specimen":0,"Torii":5,"Strawberry":9,"Letter Opener":10,"Paper Crane":5,"Frozen Egg 2":7,"Ring of the Snake":0},{"Blood Vial":5,"Calling Bell":58,"Potion Belt":58,"OrangePellets":48,"CaptainsWheel":58,"The Specimen":0,"Torii":27,"Strawberry":48,"Letter Opener":58,"Paper Crane":27,"Frozen Egg 2":39,"Ring of the Snake":0}],"Ring of the Snake":[26]},"card_choices":[{"not_picked":["Underhanded Strike","Acrobatics"],"picked":"Blur","floor":1},{"not_picked":["Prepared","Masterful Stab"],"picked":"Deadly Poison","floor":3},{"not_picked":["Riddle With Holes","Masterful Stab"],"picked":"Dagger Spray","floor":4},{"not_picked":["Deflect","Sucker Punch"],"picked":"Poisoned Stab","floor":5},{"not_picked":["Deflect","Bullet Time"],"picked":"Dash","floor":6},{"not_picked":["Backstab","Flechettes"],"picked":"Setup","floor":10},{"not_picked":["Calculated Gamble","Phantasmal Killer"],"picked":"Catalyst","floor":11},{"not_picked":["Expertise","Dagger Throw"],"picked":"Caltrops+1","floor":12},{"not_picked":["Footwork+1","Bouncing Flask"],"picked":"Noxious Fumes+1","floor":13},{"not_picked":["Quick Slash","Blade Dance+1"],"picked":"Backstab+1","floor":18},{"not_picked":["Cloak And Dagger","Reflex+1","Sucker Punch"],"picked":"SKIP","floor":19}],"player_experience":281360,"relics_obtained":[{"floor":2,"key":"Blood Vial"},{"floor":6,"key":"Torii"},{"floor":9,"key":"Paper Crane"},{"floor":11,"key":"Frozen Egg 2"},{"floor":13,"key":"Strawberry"},{"floor":17,"key":"Potion Belt"},{"floor":17,"key":"Letter Opener"},{"floor":17,"key":"CaptainsWheel"}],"event_choices":[{"damage_healed":0,"gold_gain":0,"player_choice":"Got Potions","damage_taken":0,"max_hp_gain":0,"max_hp_loss":0,"event_name":"Lab","floor":7,"gold_loss":0},{"damage_healed":0,"gold_gain":0,"player_choice":"Fought Bandits","damage_taken":0,"max_hp_gain":0,"max_hp_loss":0,"event_name":"Masked Bandits","floor":20,"gold_loss":0}],"is_beta":false,"boss_relics":[{"not_picked":["Pandora\u0027s Box","Coffee Dripper"],"picked":"Calling Bell"}],"items_purged_floors":[14],"is_endless":false,"potions_floor_spawned":[3,4,5,6,12,19],"killed_by":"Masked Bandits","ascension_level":9}}