{"host":"4w0ph6h4vm9bom6o","time":1613047251,"event":{"mods":["BaseMod","Minty Spire (QoL Compilation)","Relic Stats","ojb\u0027s Better Paths Mod","ojb\u0027s Info Mod"],"gold_per_floor":[409,409,485,298,298,338,359,359,359,400,400],"floor_reached":10,"language":"ENG","playtime":482,"items_purged":[],"score":74,"play_id":"cead80d1-970c-40a4-b784-787d985504dd","local_time":"20210211144051","daily_mods":["Draft","Vintage"],"is_ascension_mode":false,"campfire_choices":[{"data":"Clothesline","floor":8,"key":"SMITH"}],"circlet_count":0,"master_deck":["True Grit","Pommel Strike","Thunderclap","Clothesline+1","Wild Strike","True Grit","Spot Weakness","Armaments","Second Wind","Rupture","Iron Wave","Flame Barrier","Rage","Dark Embrace","Metallicize","Inflame","Sword Boomerang"],"relics":["Burning Blood","Old Coin","Golden Idol","Medical Kit","Champion Belt","Pocketwatch","Mercury Hourglass","Gremlin Horn"],"acts_visited":["Exordium"],"potions_floor_usage":[],"damage_taken":[{"damage":0,"enemies":"Jaw Worm","floor":1,"turns":3},{"damage":27,"enemies":"3 Sentries","floor":6,"turns":7},{"damage":0,"enemies":"Small Slimes","floor":7,"turns":3},{"damage":11,"enemies":"Gremlin Nob","floor":10,"turns":4}],"seed_played":"-6444841754659733642","potions_obtained":[{"floor":1,"key":"Strength Potion"}],"is_trial":true,"path_per_floor":["M","?","?","$","?","E","M","R","T","E"],"character_chosen":"IRONCLAD","items_purchased":["Medical Kit","Metallicize"],"campfire_rested":0,"item_purchase_floors":[4,4],"current_hp_per_floor":[80,74,74,74,74,53,59,59,59,54,54],"gold":400,"neow_bonus":"","is_daily":false,"chose_seed":false,"campfire_upgraded":1,"win_rate":0.0,"timestamp":1613047251,"path_taken":["M","?","?","$","?","E","M","R","T","E"],"items_purchased_type":["Relic","Card"],"build_version":"2020-12-22","purchased_purges":0,"victory":false,"max_hp_per_floor":[80,74,74,74,74,74,74,74,74,74,74],"relic_stats":{"Gremlin Horn":[0,0],"counters":[4,17],"Golden Idol":20,"Champion Belt":[1],"Medical Kit":[13],"obtain_stats":[{"Gremlin Horn":10,"Golden Idol":2,"Champion Belt":6,"Medical Kit":4,"Burning Blood":0,"Old Coin":1,"Pocketwatch":7,"Mercury Hourglass":9},{"Gremlin Horn":4,"Golden Idol":1,"Champion Belt":2,"Medical Kit":1,"Burning Blood":0,"Old Coin":1,"Pocketwatch":3,"Mercury Hourglass":3},{"Gremlin Horn":17,"Golden Idol":3,"Champion Belt":10,"Medical Kit":3,"Burning Blood":0,"Old Coin":3,"Pocketwatch":13,"Mercury Hourglass":13}],"Burning Blood":18,"Pocketwatch":[6],"Mercury Hourglass":[12]},"card_choices":[{"not_picked":["Rupture","Disarm"],"picked":"True Grit","floor":0},{"not_picked":["Heavy Blade","Shrug It Off"],"picked":"Pommel Strike","floor":0},{"not_picked":["Body Slam","Anger"],"picked":"Thunderclap","floor":0},{"not_picked":["Anger","Sentinel"],"picked":"Clothesline","floor":0},{"not_picked":["Perfected Strike","Body Slam"],"picked":"Wild Strike","floor":0},{"not_picked":["Heavy Blade","Flex"],"picked":"True Grit","floor":0},{"not_picked":["True Grit","Carnage"],"picked":"Spot Weakness","floor":0},{"not_picked":["Seeing Red","Anger"],"picked":"Havoc","floor":0},{"not_picked":["Dual Wield","Twin Strike"],"picked":"Armaments","floor":0},{"not_picked":["Armaments","Flex"],"picked":"Second Wind","floor":0},{"not_picked":["Flex","Armaments"],"picked":"Rupture","floor":0},{"not_picked":["Pommel Strike","Thunderclap"],"picked":"Iron Wave","floor":0},{"not_picked":["Warcry","Fire Breathing"],"picked":"Flame Barrier","floor":0},{"not_picked":["Pommel Strike","Warcry"],"picked":"Rage","floor":0},{"not_picked":["Seeing Red","Rage"],"picked":"Dark Embrace","floor":0},{"not_picked":["Searing Blow","Armaments"],"picked":"Inflame","floor":6},{"not_picked":["Pommel Strike","Inflame"],"picked":"Sword Boomerang","floor":10}],"player_experience":21241,"relics_obtained":[{"floor":1,"key":"Old Coin"},{"floor":6,"key":"Champion Belt"},{"floor":7,"key":"Pocketwatch"},{"floor":9,"key":"Mercury Hourglass"},{"floor":10,"key":"Gremlin Horn"}],"event_choices":[{"damage_healed":0,"gold_gain":0,"player_choice":"Lose Max HP","damage_taken":0,"relics_obtained":["Golden Idol"],"max_hp_gain":0,"max_hp_loss":6,"event_name":"Golden Idol","floor":2,"gold_loss":0},{"damage_healed":0,"gold_gain":76,"player_choice":"Gained Gold","damage_taken":0,"max_hp_gain":0,"max_hp_loss":0,"event_name":"Golden Wing","floor":3,"gold_loss":0},{"cards_removed":["Havoc"],"damage_healed":5,"gold_gain":0,"player_choice":"Offered Common","damage_taken":0,"max_hp_gain":0,"max_hp_loss":0,"event_name":"Bonfire Elementals","floor":5,"gold_loss":0},{"cards_removed":["Havoc"],"damage_healed":5,"gold_gain":0,"player_choice":"Offered Special","damage_taken":0,"max_hp_gain":0,"max_hp_loss":0,"event_name":"Bonfire Elementals","floor":5,"gold_loss":0}],"is_beta":false,"boss_relics":[],"items_purged_floors":[],"is_endless":false,"potions_floor_spawned":[1],"killed_by":"Gremlin Nob","ascension_level":0}}