{"host":"kg61lsvem4dxoat8","time":1613021183,"event":{"mods":["AchievementEnabler","BaseMod","Better Altar","Better Match","Better Sensory Stone","Better Skull","Block Reminder","Highlight Path","Minty Spire (QoL Compilation)","Quick Restart","Rare Cards Sparkle","Relic Sorter","Relic Stats","StSLib","Synergy Search","slay the spire mod where everything is the same but ironclad has a cowboy hat"],"gold_per_floor":[115,131,149,99,99,99,124,124,124,134,134,134],"floor_reached":11,"language":"ENG","playtime":169,"items_purged":[],"score":110,"play_id":"20c5021d-6936-4a24-80ff-9e1184df20d8","local_time":"20210211132623","is_ascension_mode":true,"campfire_choices":[{"data":"Feel No Pain","floor":6,"key":"SMITH"},{"data":"Evolve","floor":8,"key":"SMITH"}],"circlet_count":0,"master_deck":["AscendersBane","Strike_R","Strike_R","Strike_R","Strike_R","Defend_R","Defend_R","Defend_R","Defend_R","Bash","Evolve+1","Feel No Pain+1","Twin Strike+1","Power Through"],"relics":["Burning Blood","NeowsBlessing","Pear","Tiny Chest"],"acts_visited":["Exordium"],"potions_floor_usage":[10,11],"damage_taken":[{"damage":0,"enemies":"Cultist","floor":1,"turns":1},{"damage":0,"enemies":"Small Slimes","floor":2,"turns":1},{"damage":0,"enemies":"Jaw Worm","floor":3,"turns":1},{"damage":50,"enemies":"Gremlin Nob","floor":7,"turns":5},{"damage":18,"enemies":"Large Slime","floor":10,"turns":4},{"damage":34,"enemies":"Lagavulin","floor":11,"turns":6}],"seed_played":"1922828055418576397","potions_obtained":[{"floor":2,"key":"Fire Potion"},{"floor":3,"key":"Block Potion"},{"floor":7,"key":"PowerPotion"}],"is_trial":false,"path_per_floor":["M","M","M","?","?","R","E","R","T","M","E"],"character_chosen":"IRONCLAD","items_purchased":[],"campfire_rested":0,"item_purchase_floors":[],"current_hp_per_floor":[78,80,80,80,80,80,46,46,46,34,0,0],"gold":134,"neow_bonus":"THREE_ENEMY_KILL","is_daily":false,"chose_seed":false,"campfire_upgraded":2,"win_rate":0.0,"timestamp":1613021183,"path_taken":["M","M","M","?","?","R","E","R","T","M","E"],"items_purchased_type":[],"build_version":"2020-12-22","purchased_purges":0,"victory":false,"max_hp_per_floor":[80,80,80,80,80,80,90,90,90,90,90,90],"relic_stats":{"counters":[6,18],"Tiny Chest":0,"obtain_stats":[{"Pear":7,"NeowsBlessing":0,"Tiny Chest":9,"Burning Blood":0},{"Pear":4,"NeowsBlessing":0,"Tiny Chest":4,"Burning Blood":0},{"Pear":8,"NeowsBlessing":0,"Tiny Chest":8,"Burning Blood":0}],"Burning Blood":20},"card_choices":[{"not_picked":["Armaments","Anger"],"picked":"Evolve","floor":1},{"not_picked":["Disarm","Clothesline"],"picked":"Feel No Pain","floor":2},{"not_picked":["Iron Wave","Sword Boomerang"],"picked":"Twin Strike","floor":3},{"not_picked":["Twin Strike","Cleave","Havoc"],"picked":"SKIP","floor":7},{"not_picked":["Second Wind","Shockwave"],"picked":"Power Through","floor":10}],"player_experience":1461585,"relics_obtained":[{"floor":7,"key":"Pear"},{"floor":9,"key":"Tiny Chest"}],"event_choices":[{"cards_removed":["Strike_R"],"damage_healed":0,"gold_gain":0,"player_choice":"Card Removal","damage_taken":0,"max_hp_gain":0,"max_hp_loss":0,"event_name":"The Cleric","floor":4,"gold_loss":50},{"damage_healed":0,"gold_gain":0,"player_choice":"Grow","damage_taken":0,"max_hp_gain":0,"max_hp_loss":0,"event_name":"Living Wall","floor":5,"gold_loss":0,"cards_upgraded":["Twin Strike"]}],"is_beta":false,"boss_relics":[],"items_purged_floors":[],"is_endless":false,"potions_floor_spawned":[2,3,7],"killed_by":"Lagavulin","ascension_level":10}}