{"host":"zsf7u5n6ehqeseos","time":1613054662,"event":{"mods":["AchievementEnabler","BaseMod","Colored Map","Colored Powertips","Googly Eyes","Minty Spire (QoL Compilation)"],"gold_per_floor":[117,292,35,55,55,88,20,34,58,78,113,8,8,26,26,116,116,137,162,180,180,255,293,293,308,390,403,423,423,423,454,454,549,549,573,573,636,636,636,636,669,700,700,700,719,544,558,137,137,137],"floor_reached":51,"language":"ENG","playtime":3832,"items_purged":["Doubt","Regret","Defend_B"],"score":1252,"play_id":"9b520671-7b5f-41af-aa91-872fc6426e10","local_time":"20210211154422","is_ascension_mode":true,"campfire_choices":[{"floor":15.0,"key":"REST"},{"floor":24.0,"key":"REST"},{"data":"Consume","floor":30.0,"key":"SMITH"},{"data":"Dualcast","floor":32.0,"key":"SMITH"},{"floor":40,"key":"REST"},{"data":"Defragment","floor":44,"key":"SMITH"},{"data":"Core Surge","floor":49,"key":"SMITH"}],"circlet_count":0,"master_deck":["AscendersBane","Defend_B","Defend_B","Zap","Dualcast+1","Conserve Battery","Self Repair","Ball Lightning","Turbo","Sweeping Beam+1","Defragment+1","Consume+1","Lockon","Loop+1","Capacitor+1","Chill","Stack+1","Creative AI+1","Redo+1","Stack+1","Leap+1","Bite","Bite","Bite","Bite","Bite","Conserve Battery+1","Sunder+1","Hello World+1","Hello World+1","Biased Cognition+1","Core Surge+1","Buffer+1","Leap+1","Chaos+1","Mind Blast","Secret Technique+1","Redo+1","Loop+1","Capacitor+1","Apotheosis+1"],"relics":["FrozenCore","ClockworkSouvenir","Golden Idol","Art of War","DataDisk","Frozen Egg 2","Toxic Egg 2","Orichalcum","Symbiotic Virus","Juzu Bracelet","Sozu","StoneCalendar","Whetstone","Gambling Chip","MealTicket","Membership Card","Bottled Lightning"],"acts_visited":["Exordium","TheCity","TheBeyond"],"potions_floor_usage":[37,50],"damage_taken":[{"damage":3.0,"enemies":"Small Slimes","floor":1.0,"turns":3.0},{"damage":5.0,"enemies":"Jaw Worm","floor":4.0,"turns":2.0},{"damage":18.0,"enemies":"Gremlin Nob","floor":6.0,"turns":3.0},{"damage":9.0,"enemies":"2 Louse","floor":8.0,"turns":2.0},{"damage":6.0,"enemies":"Blue Slaver","floor":10.0,"turns":3.0},{"damage":18.0,"enemies":"Lagavulin","floor":11.0,"turns":5.0},{"damage":17.0,"enemies":"Exordium Thugs","floor":14.0,"turns":3.0},{"damage":30.0,"enemies":"Slime Boss","floor":16.0,"turns":6.0},{"damage":9.0,"enemies":"3 Byrds","floor":18.0,"turns":7.0},{"damage":7.0,"enemies":"Chosen","floor":19.0,"turns":7.0},{"damage":2.0,"enemies":"Snecko","floor":20.0,"turns":5.0},{"damage":49.0,"enemies":"Slavers","floor":23.0,"turns":8.0},{"damage":12.0,"enemies":"Centurion and Healer","floor":25.0,"turns":13.0},{"damage":21.0,"enemies":"3 Cultists","floor":27.0,"turns":10.0},{"damage":2.0,"enemies":"Chosen and Byrds","floor":28.0,"turns":7.0},{"damage":5.0,"enemies":"Gremlin Leader","floor":31.0,"turns":7.0},{"damage":23.0,"enemies":"Champ","floor":33.0,"turns":12.0},{"damage":0.0,"enemies":"Orb Walker","floor":35.0,"turns":3.0},{"damage":20,"enemies":"2 Orb Walkers","floor":37,"turns":6},{"damage":6,"enemies":"Giant Head","floor":41,"turns":11},{"damage":0,"enemies":"Mind Bloom Boss Battle","floor":42,"turns":6},{"damage":0,"enemies":"3 Darklings","floor":45,"turns":7},{"damage":0,"enemies":"Maw","floor":47,"turns":9},{"damage":47,"enemies":"Time Eater","floor":50,"turns":8}],"seed_played":"-1294716764939871596","potions_obtained":[{"floor":4.0,"key":"SteroidPotion"},{"floor":6.0,"key":"Fruit Juice"},{"floor":10.0,"key":"Energy Potion"},{"floor":18.0,"key":"DuplicationPotion"},{"floor":19.0,"key":"Explosive Potion"},{"floor":25.0,"key":"Block Potion"},{"floor":27.0,"key":"Strength Potion"},{"floor":31.0,"key":"Block Potion"},{"floor":33.0,"key":"EssenceOfDarkness"}],"is_trial":false,"path_per_floor":["M","?","$","M","?","E","$","M","T","M","E","$","?","M","R","B",null,"M","M","M","?","?","E","R","M","T","M","M","?","R","E","R","B",null,"M","?","?","?","?","R","E","?","T","R","M","$","M","$","R","B",null],"character_chosen":"DEFECT","items_purchased":["ClockworkSouvenir","Ball Lightning","Defragment","Capacitor+1","Chill","Loop+1","Membership Card","Apotheosis+1","Bottled Lightning"],"campfire_rested":3,"item_purchase_floors":[3,3,7,12,12,46,48,48,48],"current_hp_per_floor":[65,65,65,60,60,47,47,45,45,46,35,35,35,18,40,10,58,56,49,54,51,46,7,22,39,39,37,48,48,48,51,51,49,51,51,51,40,40,35,50,51,51,51,51,51,51,51,51,51,7],"gold":137,"neow_bonus":"THREE_CARDS","is_daily":false,"chose_seed":false,"campfire_upgraded":4,"win_rate":0.0,"timestamp":1613054662,"path_taken":["M","?","$","M","?","E","?","M","T","?","E","$","?","M","R","BOSS","M","M","M","?","?","E","R","M","T","?","M","?","R","E","R","BOSS","M","?","?","?","?","R","E","?","T","R","M","?","M","$","R","BOSS"],"items_purchased_type":["Relic","Card","Card","Card","Card","Card","Relic","Card","Relic"],"build_version":"2020-12-22","purchased_purges":3,"victory":true,"max_hp_per_floor":[75,75,75,75,69,74,74,74,74,74,74,74,74,74,74,74,74,74,74,74,51,51,51,51,51,51,51,51,51,51,51,51,51,51,51,51,51,51,51,51,51,51,51,51,51,51,51,51,51,51],"card_choices":[{"not_picked":["Lockon","Turbo"],"picked":"Conserve Battery","floor":0.0},{"not_picked":["Beam Cell","Stack"],"picked":"Self Repair","floor":1.0},{"not_picked":["Leap","Skim"],"picked":"Turbo","floor":4.0},{"not_picked":["Genetic Algorithm","Sunder"],"picked":"Sweeping Beam","floor":6.0},{"not_picked":["Coolheaded","Double Energy"],"picked":"Consume","floor":8.0},{"not_picked":["Barrage","Meteor Strike"],"picked":"Lockon","floor":10.0},{"not_picked":["Hologram","Steam"],"picked":"Loop+1","floor":11.0},{"not_picked":["Steam+1","Hologram+1"],"picked":"Stack+1","floor":14.0},{"not_picked":["Core Surge","Reboot+1"],"picked":"Creative AI+1","floor":16.0},{"not_picked":["Gash","Defragment+1"],"picked":"Redo+1","floor":18.0},{"not_picked":["Hologram+1","Sweeping Beam+1"],"picked":"Stack+1","floor":19.0},{"not_picked":["Reinforced Body+1","Auto Shields+1"],"picked":"Leap+1","floor":20.0},{"not_picked":["Turbo+1","Streamline"],"picked":"Conserve Battery+1","floor":23.0},{"not_picked":["Go for the Eyes+1","Hologram+1"],"picked":"Sunder","floor":25.0},{"not_picked":["Conserve Battery+1","Rebound"],"picked":"Hello World+1","floor":27.0},{"not_picked":["Glacier+1","Turbo+1"],"picked":"Hello World+1","floor":28.0},{"not_picked":["Tempest+1","Sweeping Beam"],"picked":"Core Surge","floor":31.0},{"not_picked":["Multi-Cast+1","Seek+1"],"picked":"Buffer+1","floor":33.0},{"not_picked":["Stack+1","Steam+1","Tempest+1"],"picked":"SKIP","floor":35.0},{"not_picked":["Redo+1","Blizzard"],"picked":"Chaos+1","floor":37},{"not_picked":["Dark Shackles+1","PanicButton+1"],"picked":"Mind Blast","floor":39},{"not_picked":["Forethought+1","Enlightenment+1"],"picked":"Secret Technique+1","floor":39},{"not_picked":["Rebound","Leap+1","Gash+1"],"picked":"SKIP","floor":41},{"not_picked":["Go for the Eyes","Steam+1"],"picked":"Redo+1","floor":42},{"not_picked":["Heatsinks+1","Cold Snap+1","Coolheaded+1"],"picked":"SKIP","floor":45},{"not_picked":["Force Field+1","Glacier+1"],"picked":"Capacitor+1","floor":47}],"player_experience":232269,"relics_obtained":[{"floor":6.0,"key":"Art of War"},{"floor":9.0,"key":"DataDisk"},{"floor":11.0,"key":"Frozen Egg 2"},{"floor":23.0,"key":"Orichalcum"},{"floor":26.0,"key":"Symbiotic Virus"},{"floor":31.0,"key":"Juzu Bracelet"},{"floor":37,"key":"StoneCalendar"},{"floor":41,"key":"Whetstone"},{"floor":42,"key":"Gambling Chip"},{"floor":43,"key":"MealTicket"}],"event_choices":[{"damage_healed":0.0,"max_hp_gain":0.0,"max_hp_loss":0.0,"gold_gain":175.0,"event_name":"Liars Game","player_choice":"AGREE","floor":2.0,"gold_loss":0.0,"damage_taken":0.0,"cards_obtained":["Doubt"]},{"damage_healed":0.0,"max_hp_gain":0.0,"max_hp_loss":6.0,"gold_gain":0.0,"event_name":"Golden Idol","player_choice":"Lose Max HP","floor":5.0,"gold_loss":0.0,"damage_taken":0.0,"relics_obtained":["Golden Idol"]},{"damage_healed":0.0,"max_hp_gain":0.0,"max_hp_loss":0.0,"gold_gain":0.0,"event_name":"Big Fish","player_choice":"Box","floor":13.0,"gold_loss":0.0,"damage_taken":0.0,"relics_obtained":["Toxic Egg 2"],"cards_obtained":["Regret"]},{"damage_healed":0.0,"max_hp_gain":0.0,"max_hp_loss":23.0,"gold_gain":0.0,"event_name":"Vampires","player_choice":"Became a vampire","floor":21.0,"gold_loss":0.0,"damage_taken":0.0,"cards_obtained":["Bite","Bite","Bite","Bite","Bite"]},{"damage_healed":0.0,"max_hp_gain":0.0,"max_hp_loss":0.0,"gold_gain":75.0,"event_name":"FaceTrader","player_choice":"Touch","floor":22.0,"gold_loss":0.0,"damage_taken":5.0},{"damage_healed":0.0,"max_hp_gain":0.0,"max_hp_loss":0.0,"gold_gain":0.0,"event_name":"The Library","player_choice":"Read","floor":29.0,"gold_loss":0.0,"damage_taken":0.0,"cards_obtained":["Biased Cognition"]},{"damage_healed":0.0,"max_hp_gain":0.0,"max_hp_loss":0.0,"gold_gain":0.0,"cards_transformed":["Defend_B"],"event_name":"Transmorgrifier","player_choice":"Transformed","floor":36.0,"gold_loss":0.0,"damage_taken":0.0,"cards_obtained":["Leap"]},{"damage_healed":0,"gold_gain":0,"player_choice":"Fight","damage_taken":0,"max_hp_gain":0,"max_hp_loss":0,"event_name":"Mysterious Sphere","floor":37,"gold_loss":0},{"damage_healed":0,"gold_gain":0,"player_choice":"Ignored","damage_taken":0,"max_hp_gain":0,"max_hp_loss":0,"event_name":"Tomb of Lord Red Mask","floor":38,"gold_loss":0},{"damage_healed":0,"gold_gain":0,"player_choice":"Memory 2","damage_taken":5,"max_hp_gain":0,"max_hp_loss":0,"event_name":"SensoryStone","floor":39,"gold_loss":0},{"damage_healed":0,"gold_gain":0,"player_choice":"Fight","damage_taken":0,"max_hp_gain":0,"max_hp_loss":0,"event_name":"MindBloom","floor":42,"gold_loss":0}],"is_beta":false,"boss_relics":[{"not_picked":["Runic Pyramid","Philosopher\u0027s Stone"],"picked":"FrozenCore"},{"not_picked":["SacredBark","Velvet Choker"],"picked":"Sozu"}],"items_purged_floors":[3,46,48],"is_endless":false,"potions_floor_spawned":[4,6,10,18,19,25,27,31,33,37,45,47],"ascension_level":13}}