{"host":"3jpcvpprzj9sjffh","time":1613044911,"event":{"mods":["AchievementEnabler","BaseMod","Colored Map","Minty Spire (QoL Compilation)","Rare Cards Sparkle","SuperFastMode","everything is the same but u backflip on backflip"],"gold_per_floor":[115,65,82,99,111,111,145,161,161,180,18,18,18,18],"floor_reached":13,"language":"KOR","playtime":391,"items_purged":[],"score":87,"play_id":"08fffdb0-4965-42e0-9a91-438f934d58dc","local_time":"20210211210151","is_ascension_mode":false,"campfire_choices":[{"data":"Rage","floor":6,"key":"SMITH"}],"circlet_count":0,"master_deck":["Strike_R","Strike_R","Strike_R","Strike_R","Strike_R","Defend_R","Defend_R","Defend_R","Bash","Twin Strike","Rage+1","Perfected Strike","Spot Weakness","Pommel Strike","Berserk","Uppercut","Fire Breathing","Swift Strike"],"relics":["Burning Blood","Tiny Chest","Regal Pillow","Champion Belt"],"acts_visited":["Exordium"],"potions_floor_usage":[10,10,13],"damage_taken":[{"damage":5,"enemies":"Small Slimes","floor":1,"turns":4},{"damage":8,"enemies":"Jaw Worm","floor":3,"turns":3},{"damage":0,"enemies":"2 Louse","floor":4,"turns":2},{"damage":23,"enemies":"Gremlin Gang","floor":5,"turns":6},{"damage":49,"enemies":"3 Sentries","floor":7,"turns":10},{"damage":6,"enemies":"Exordium Thugs","floor":8,"turns":3},{"damage":16,"enemies":"Large Slime","floor":10,"turns":4},{"damage":13,"enemies":"Lagavulin","floor":13,"turns":2}],"seed_played":"-7708773810198884708","potions_obtained":[{"floor":1,"key":"Fire Potion"},{"floor":5,"key":"Ancient Potion"},{"floor":8,"key":"FearPotion"},{"floor":10,"key":"Weak Potion"}],"is_trial":false,"path_per_floor":["M","?","M","M","M","R","E","M","T","M","$","?","E"],"character_chosen":"IRONCLAD","items_purchased":["Fire Breathing","Swift Strike"],"campfire_rested":0,"item_purchase_floors":[11,11],"current_hp_per_floor":[80,80,78,80,63,63,20,20,20,10,10,10,0,0],"gold":18,"neow_bonus":"RANDOM_COMMON_RELIC","is_daily":false,"chose_seed":false,"campfire_upgraded":1,"win_rate":0.0,"timestamp":1613044911,"path_taken":["M","?","M","M","M","R","E","M","T","M","$","?","E"],"items_purchased_type":["Card","Card"],"build_version":"2020-12-22","purchased_purges":0,"victory":false,"max_hp_per_floor":[80,80,80,80,80,80,80,80,80,80,80,80,80,80],"card_choices":[{"not_picked":["Headbutt","Anger"],"picked":"Twin Strike","floor":1},{"not_picked":["Cleave","Power Through"],"picked":"Rage","floor":3},{"not_picked":["Disarm","Shrug It Off"],"picked":"Perfected Strike","floor":4},{"not_picked":["Metallicize","Ghostly Armor"],"picked":"Spot Weakness","floor":5},{"not_picked":["Juggernaut","Flex"],"picked":"Pommel Strike","floor":7},{"not_picked":["Warcry","Inflame"],"picked":"Berserk","floor":8},{"not_picked":["Heavy Blade","Twin Strike"],"picked":"Uppercut","floor":10}],"player_experience":315197,"relics_obtained":[{"floor":7,"key":"Regal Pillow"},{"floor":9,"key":"Champion Belt"}],"event_choices":[{"cards_removed":["Defend_R"],"damage_healed":0,"gold_gain":0,"player_choice":"Card Removal","damage_taken":0,"max_hp_gain":0,"max_hp_loss":0,"event_name":"The Cleric","floor":2,"gold_loss":50},{"damage_healed":0,"gold_gain":0,"player_choice":"Ignored","damage_taken":0,"max_hp_gain":0,"max_hp_loss":0,"event_name":"Liars Game","floor":12,"gold_loss":0}],"is_beta":false,"boss_relics":[],"items_purged_floors":[],"is_endless":false,"potions_floor_spawned":[1,5,8,10],"killed_by":"Lagavulin","ascension_level":0}}