{"host":"5n1fl7z5i1vf7jan","time":1613028524,"event":{"mods":["BaseMod","Minty Spire (QoL Compilation)","Quick Restart","Relic Stats"],"gold_per_floor":[110,125,125,137,137,162,182,182,250,250,278,278,296,310,310,388,388,398,398,398,398],"floor_reached":20,"language":"ENG","playtime":499,"items_purged":[],"score":368,"play_id":"99f2c616-8f74-41b8-9b3e-b8e6547f452c","local_time":"20210210232844","is_ascension_mode":true,"campfire_choices":[{"data":"Go for the Eyes","floor":8,"key":"SMITH"},{"floor":10,"key":"REST"},{"floor":15,"key":"REST"}],"circlet_count":0,"master_deck":["AscendersBane","Strike_B+1","Strike_B","Strike_B+1","Defend_B","Defend_B","Defend_B","Defend_B","Zap","Dualcast","Beam Cell","Go for the Eyes+1","Sweeping Beam","Genetic Algorithm","Streamline","Biased Cognition","Creative AI","Static Discharge","Electrodynamics","White Noise","Core Surge"],"relics":["Cracked Core","Whetstone","Unceasing Top","Omamori","Ornamental Fan","The Courier","Inserter"],"acts_visited":["Exordium","TheCity"],"potions_floor_usage":[11,11,16],"damage_taken":[{"damage":3,"enemies":"Small Slimes","floor":1,"turns":3},{"damage":7,"enemies":"Jaw Worm","floor":2,"turns":2},{"damage":0,"enemies":"Cultist","floor":4,"turns":3},{"damage":30,"enemies":"3 Sentries","floor":6,"turns":6},{"damage":9,"enemies":"Exordium Wildlife","floor":7,"turns":4},{"damage":4,"enemies":"Gremlin Nob","floor":11,"turns":3},{"damage":2,"enemies":"Exordium Thugs","floor":13,"turns":3},{"damage":5,"enemies":"2 Fungi Beasts","floor":14,"turns":2},{"damage":32,"enemies":"The Guardian","floor":16,"turns":8},{"damage":29,"enemies":"Chosen","floor":18,"turns":3},{"damage":33,"enemies":"Shell Parasite","floor":20,"turns":4}],"seed_played":"-5807900341806705042","potions_obtained":[{"floor":6,"key":"PowerPotion"},{"floor":7,"key":"EntropicBrew"}],"is_trial":false,"path_per_floor":["M","M","?","M","?","E","M","R","T","R","E","?","M","M","R","B",null,"M","?","M"],"character_chosen":"DEFECT","items_purchased":[],"campfire_rested":2,"item_purchase_floors":[],"current_hp_per_floor":[61,54,49,49,54,24,15,15,15,37,33,33,31,26,48,16,61,32,32,0,0],"gold":398,"neow_bonus":"RANDOM_COMMON_RELIC","is_daily":false,"chose_seed":false,"campfire_upgraded":1,"win_rate":0.0,"timestamp":1613028524,"path_taken":["M","M","?","M","?","E","M","R","T","R","E","?","?","M","R","BOSS","M","?","M"],"items_purchased_type":[],"build_version":"2020-12-22","purchased_purges":0,"victory":false,"max_hp_per_floor":[71,71,71,71,76,76,76,76,76,76,76,76,76,76,76,76,76,76,76,76,76],"relic_stats":{"Inserter":[3],"counters":[11,41],"Ornamental Fan":[32],"Whetstone":["Strike_B","Strike_B"],"obtain_stats":[{"Inserter":17,"Ornamental Fan":9,"The Courier":11,"Omamori":6,"Whetstone":0,"Cracked Core":0,"Unceasing Top":3},{"Inserter":9,"Ornamental Fan":5,"The Courier":6,"Omamori":4,"Whetstone":0,"Cracked Core":0,"Unceasing Top":2},{"Inserter":34,"Ornamental Fan":18,"The Courier":21,"Omamori":14,"Whetstone":0,"Cracked Core":0,"Unceasing Top":5}],"Unceasing Top":[0]},"card_choices":[{"not_picked":["Steam","Stack"],"picked":"Beam Cell","floor":1},{"not_picked":["Fusion","Force Field"],"picked":"Go for the Eyes","floor":2},{"not_picked":["Self Repair","Beam Cell"],"picked":"Sweeping Beam","floor":4},{"not_picked":["Streamline","Self Repair"],"picked":"Genetic Algorithm","floor":6},{"not_picked":["Storm","Redo"],"picked":"Streamline","floor":7},{"not_picked":["Conserve Battery","Force Field"],"picked":"Biased Cognition","floor":11},{"not_picked":["Gash","Beam Cell","Aggregate"],"picked":"SKIP","floor":13},{"not_picked":["Barrage","Hello World"],"picked":"Static Discharge","floor":14},{"not_picked":["Meteor Strike","Amplify"],"picked":"Electrodynamics","floor":16},{"not_picked":["Aggregate","Darkness"],"picked":"White Noise","floor":18}],"player_experience":339602,"relics_obtained":[{"floor":6,"key":"Omamori"},{"floor":9,"key":"Ornamental Fan"},{"floor":11,"key":"The Courier"}],"event_choices":[{"damage_healed":0,"gold_gain":0,"player_choice":"Success","damage_taken":5,"relics_obtained":["Unceasing Top"],"max_hp_gain":0,"max_hp_loss":0,"event_name":"Scrap Ooze","floor":3,"gold_loss":0},{"damage_healed":0,"gold_gain":0,"player_choice":"Donut","damage_taken":0,"max_hp_gain":5,"max_hp_loss":0,"event_name":"Big Fish","floor":5,"gold_loss":0},{"damage_healed":0,"gold_gain":0,"cards_transformed":["Strike_B"],"player_choice":"Transformed","damage_taken":0,"max_hp_gain":0,"max_hp_loss":0,"event_name":"Transmorgrifier","floor":12,"gold_loss":0,"cards_obtained":["Creative AI"]},{"damage_healed":0,"gold_gain":0,"player_choice":"1 cards matched","damage_taken":0,"max_hp_gain":0,"max_hp_loss":0,"event_name":"Match and Keep!","floor":19,"gold_loss":0,"cards_obtained":["Core Surge"]}],"is_beta":false,"boss_relics":[{"not_picked":["Nuclear Battery","Astrolabe"],"picked":"Inserter"}],"items_purged_floors":[],"is_endless":false,"potions_floor_spawned":[6,7],"killed_by":"Shell Parasite","ascension_level":20}}