{"host":"8d3fefv2347kqkpz","time":1613011660,"event":{"mods":["AchievementEnabler","Act Like it!","BaseMod","Better Vampires","Colored Map","Colored Powertips","Downfall","GifTheSpireLib","Highlight Path","Minty Spire (QoL Compilation)","Quick Restart","Rare Cards Sparkle","Relic Stats","Replay The Spire","Spicy Shops","StSLib","Waifu the Spire"],"gold_per_floor":[117,117,67,80,180,180,193,193,193,205,54,70,70,83,83,185,185,170,170,21,21,36,63,63,63,63,63,6,24,24,40,40,141,141,158,178,46,66,66,66,81,81,81],"floor_reached":42,"language":"ZHS","playtime":1783,"items_purged":["Defend_G"],"score":558,"play_id":"8563adea-c6d1-41cf-b122-4b643e4e8a61","local_time":"20210211104740","is_ascension_mode":false,"campfire_choices":[{"data":"Neutralize","floor":6.0,"key":"SMITH"},{"data":"Survivor","floor":8.0,"key":"SMITH"},{"data":"Blade Dance","floor":13.0,"key":"SMITH"},{"data":"Dagger Spray","floor":15.0,"key":"SMITH"},{"floor":25.0,"key":"REST"},{"floor":27.0,"key":"REST"},{"data":"Footwork","floor":30.0,"key":"SMITH"},{"floor":32.0,"key":"REST"},{"data":"ReplayTheSpireMod:Scrap Shanks","floor":40,"key":"SMITH"}],"circlet_count":0,"master_deck":["Strike_G+1","Defend_G+1","Defend_G","Defend_G","Survivor+1","Neutralize+1","Dagger Spray+1","ReplayTheSpireMod:Speed Training","Blade Dance+1","Echo Form+1","Leg Sweep","Footwork+1","After Image","ReplayTheSpireMod:Scrap Shanks+1","Footwork+1"],"relics":["Ring of the Snake","Gremlin Food","Replay:Bottled Snecko","PrismaticShard","HoveringKite","Membership Card","Anchor","Pantograph","Empty Cage","Lantern"],"acts_visited":["Exordium","TheCity","TheBeyond"],"potions_floor_usage":[38,42,42],"damage_taken":[{"damage":0.0,"enemies":"Jaw Worm","floor":1.0,"turns":4.0},{"damage":0.0,"enemies":"Small Slimes","floor":4.0,"turns":2.0},{"damage":0.0,"enemies":"Cultist","floor":7.0,"turns":3.0},{"damage":1.0,"enemies":"Large Slime","floor":10.0,"turns":11.0},{"damage":0.0,"enemies":"2 Fungi Beasts","floor":12.0,"turns":3.0},{"damage":0.0,"enemies":"Blue Slaver","floor":14.0,"turns":3.0},{"damage":52.0,"enemies":"Hexaghost","floor":16.0,"turns":16.0},{"damage":22.0,"enemies":"2 Thieves","floor":18.0,"turns":4.0},{"damage":0.0,"enemies":"3 Byrds","floor":22.0,"turns":5.0},{"damage":9.0,"enemies":"Gremlin Leader","floor":23.0,"turns":9.0},{"damage":14.0,"enemies":"3 Cultists","floor":29.0,"turns":5.0},{"damage":32.0,"enemies":"Sentry and Sphere","floor":31.0,"turns":12.0},{"damage":49.0,"enemies":"Pondfish","floor":33.0,"turns":17.0},{"damage":4.0,"enemies":"Orb Walker","floor":35.0,"turns":7.0},{"damage":0.0,"enemies":"3 Shapes","floor":36.0,"turns":3.0},{"damage":15,"enemies":"Sphere and 2 Shapes","floor":38,"turns":12},{"damage":0,"enemies":"Spire Growth","floor":41,"turns":9},{"damage":45,"enemies":"Nemesis","floor":42,"turns":18}],"seed_played":"2552627653451749379","potions_obtained":[{"floor":1.0,"key":"CunningPotion"},{"floor":4.0,"key":"LiquidMemories"},{"floor":18.0,"key":"Venom Potion"},{"floor":22.0,"key":"Weak Potion"},{"floor":29.0,"key":"Milkshake"},{"floor":31.0,"key":"Poison Potion"},{"floor":35.0,"key":"Languid Potion"},{"floor":36.0,"key":"SteroidPotion"}],"is_trial":false,"path_per_floor":["M","?","?","M","?","R","M","R","T","M","$","M","R","M","R","B",null,"M","?","$","?","M","E","?","R","T","R","$","M","R","M","R","B",null,"M","M","$","M","?","R","M","E"],"character_chosen":"THE_SILENT","items_purchased":["PrismaticShard","Membership Card","Footwork","Lantern","ReplayTheSpireMod:Scrap Shanks"],"campfire_rested":3,"item_purchase_floors":[11,20,28,37,37],"current_hp_per_floor":[63,60,60,60,60,60,60,60,60,59,59,59,59,59,59,7,63,41,41,41,41,41,32,32,50,50,63,63,49,49,17,35,11,63,59,59,59,44,44,44,44,0,0],"gold":81,"neow_bonus":"REMOVE_TWO","is_daily":false,"chose_seed":false,"campfire_upgraded":6,"win_rate":0.0,"timestamp":1613011660,"path_taken":["M","?","?","M","?","R","M","R","T","M","$","?","R","M","R","BOSS","M","?","$","?","M","E","?","R","T","R","?","M","R","M","R","BOSS","M","M","$","M","?","R","?","E"],"items_purchased_type":["Relic","Relic","Card","Relic","Card"],"build_version":"2020-12-22","purchased_purges":1,"victory":false,"max_hp_per_floor":[63,63,63,63,63,63,63,63,63,63,63,63,63,63,63,63,63,63,63,63,63,63,63,63,63,63,63,63,63,63,63,63,63,63,63,63,63,63,63,63,63,63,63],"relic_stats":{"counters":[18,143],"Pantograph":25,"HoveringKite":[36],"obtain_stats":[{"Gremlin Food":2,"Anchor":23,"Lantern":37,"Pantograph":26,"HoveringKite":17,"Replay:Bottled Snecko":9,"Membership Card":20,"PrismaticShard":11,"Empty Cage":34,"Ring of the Snake":0},{"Gremlin Food":1,"Anchor":10,"Lantern":15,"Pantograph":10,"HoveringKite":7,"Replay:Bottled Snecko":3,"Membership Card":8,"PrismaticShard":4,"Empty Cage":13,"Ring of the Snake":0},{"Gremlin Food":4,"Anchor":60,"Lantern":104,"Pantograph":60,"HoveringKite":42,"Replay:Bottled Snecko":9,"Membership Card":46,"PrismaticShard":20,"Empty Cage":94,"Ring of the Snake":0}],"Ring of the Snake":[36]},"card_choices":[{"not_picked":["Setup","Prepared"],"picked":"Dagger Spray","floor":1.0},{"not_picked":["Quick Slash","Eviscerate","Backflip"],"picked":"SKIP","floor":4.0},{"not_picked":["ReplayTheSpireMod:Exploit Weakness","Deflect"],"picked":"ReplayTheSpireMod:Speed Training","floor":7.0},{"not_picked":["Acrobatics","Outmaneuver"],"picked":"Blade Dance","floor":10.0},{"not_picked":["hexamod:HauntingEcho","Guardian:Suspension","Compile Driver"],"picked":"SKIP","floor":12.0},{"not_picked":["Blood for Blood","Rip and Tear","Guardian:Recover"],"picked":"SKIP","floor":14.0},{"not_picked":["Corpse Explosion","bronze:FindAndReplace"],"picked":"Echo Form","floor":16.0},{"not_picked":["Distraction","ReplaySolidLightProjector","bronze:Branch"],"picked":"SKIP","floor":18.0},{"not_picked":["Guardian:Orbwalk+1","Replay:Parry+1","Slimebound:ServeAndProtect"],"picked":"SKIP","floor":22.0},{"not_picked":["Choke","Guardian:ShieldCharger","Dagger Throw+1"],"picked":"SKIP","floor":23.0},{"not_picked":["sneckomod:UnknownDraw","sneckomod:UnknownVulnerable","sneckomod:UnknownClassGUARDIAN"],"picked":"SKIP","floor":29.0},{"not_picked":["FlyingSleeves","Protect","Guardian:BodySlam"],"picked":"SKIP","floor":31.0},{"not_picked":["Guardian:BaubleBeam","Blasphemy"],"picked":"After Image","floor":33.0},{"not_picked":["Halt+1","bronze:Philosophize","Slimebound:RollThrough"],"picked":"SKIP","floor":35.0},{"not_picked":["ThirdEye+1","ReplayTheSpireMod:Strike From Hell+1","champ:CrownThrow+1"],"picked":"SKIP","floor":36.0},{"not_picked":["Guardian:Orbwalk+1","Replay:BluntJabs"],"picked":"Footwork+1","floor":38},{"not_picked":["champ:EndlessRage","Outmaneuver+1","ForeignInfluence+1"],"picked":"SKIP","floor":41}],"player_experience":344888,"relics_obtained":[{"floor":9.0,"key":"Replay:Bottled Snecko"},{"floor":23.0,"key":"Anchor"},{"floor":26.0,"key":"Pantograph"}],"event_choices":[{"damage_healed":0.0,"max_hp_gain":0.0,"max_hp_loss":0.0,"gold_gain":0.0,"event_name":"Scrap Ooze","player_choice":"Success","floor":2.0,"gold_loss":0.0,"damage_taken":3.0,"relics_obtained":["Gremlin Food"]},{"cards_removed":["Strike_G"],"damage_healed":0.0,"max_hp_gain":0.0,"max_hp_loss":0.0,"gold_gain":0.0,"event_name":"The Cleric","player_choice":"Card Removal","floor":3.0,"gold_loss":50.0,"damage_taken":0.0},{"damage_healed":0.0,"max_hp_gain":0.0,"max_hp_loss":0.0,"gold_gain":100.0,"event_name":"Golden Shrine","player_choice":"Pray","floor":5.0,"gold_loss":0.0,"damage_taken":0.0},{"damage_healed":0.0,"max_hp_gain":0.0,"max_hp_loss":0.0,"gold_gain":0.0,"event_name":"The Library","player_choice":"Read","floor":19.0,"gold_loss":0.0,"damage_taken":0.0,"cards_obtained":["Leg Sweep"]},{"damage_healed":0.0,"max_hp_gain":0.0,"max_hp_loss":0.0,"gold_gain":0.0,"event_name":"Ghosts","player_choice":"Ignored","floor":21.0,"gold_loss":0.0,"damage_taken":0.0},{"damage_healed":0,"gold_gain":0,"player_choice":"Ignored","damage_taken":0,"max_hp_gain":0,"max_hp_loss":0,"event_name":"NoteForYourself","floor":39,"gold_loss":0}],"is_beta":false,"boss_relics":[{"not_picked":["Replay:Grab Bag","Runic Dome"],"picked":"HoveringKite"},{"not_picked":["Calling Bell","Replay:Ancient Bell"],"picked":"Empty Cage"}],"items_purged_floors":[37],"is_endless":false,"potions_floor_spawned":[1,4,18,22,29,31,35,36],"killed_by":"Nemesis","ascension_level":0}}