{"host":"yecadp3kwkksam5a","time":1613025231,"event":{"mods":["100% Spire Juice","BaseMod","Minty Spire (QoL Compilation)","StSLib","SuperFastMode","WarShipGirlsR/??á´Ò³R mod"],"gold_per_floor":[109,129,139,149,161,188,208,239,262,262,274,299,354,381,393,477,489,511,205,205,217,232,263,263,292,317,417,435,467,467,516,516,590,590,602,622,622,622,641,641,82,114,114,114,125,151,169,196,196,196,196,196,39,68,68],"floor_reached":56,"language":"KOR","playtime":2368,"items_purged":["Hyperbeam","Dualcast+1"],"score":2248,"play_id":"32ac38ce-35fa-4f74-a499-1b555f2ad426","local_time":"20210211153351","is_ascension_mode":true,"campfire_choices":[{"floor":10.0,"key":"REST"},{"data":"Dualcast","floor":15.0,"key":"SMITH"},{"floor":24.0,"key":"REST"},{"data":"Capacitor","floor":32.0,"key":"SMITH"},{"floor":40,"key":"RECALL"},{"data":"Coolheaded","floor":49,"key":"SMITH"},{"data":"Seek","floor":52,"key":"SMITH"}],"circlet_count":0,"master_deck":["AscendersBane","Ball Lightning","Barrage+1","Glacier","Beam Cell+1","Sunder","Turbo","Compile Driver","Barrage","Core Surge","Biased Cognition","Core Surge","Sweeping Beam","Leap","Heatsinks","Electrodynamics","Seek+1","Static Discharge","All For One","Biased Cognition","Coolheaded","Hologram","Genetic Algorithm","Capacitor+1","Coolheaded+1","Ball Lightning+1","Tempest","Compile Driver"],"relics":["Cracked Core","PreservedInsect","Happy Flower","Orichalcum","Whetstone","HornCleat","Potion Belt","MawBank","Pandora\u0027s Box","Lantern","Nunchaku","Anchor","Du-Vu Doll","Blue Candle","Pear","MutagenicStrength","Busted Crown","Bag of Marbles","Medical Kit","FossilizedHelix","Toy Ornithopter","Peace Pipe","Lizard Tail","Kunai","Bag of Preparation","DataDisk"],"acts_visited":["Exordium","TheCity","TheBeyond","TheEnding"],"potions_floor_usage":[55,55],"damage_taken":[{"damage":5.0,"enemies":"2 Louse","floor":1.0,"turns":3.0},{"damage":3.0,"enemies":"Small Slimes","floor":2.0,"turns":3.0},{"damage":0.0,"enemies":"Cultist","floor":3.0,"turns":3.0},{"damage":9.0,"enemies":"Large Slime","floor":4.0,"turns":7.0},{"damage":4.0,"enemies":"Blue Slaver","floor":5.0,"turns":3.0},{"damage":6.0,"enemies":"Lagavulin","floor":6.0,"turns":6.0},{"damage":1.0,"enemies":"Gremlin Gang","floor":7.0,"turns":3.0},{"damage":10.0,"enemies":"3 Sentries","floor":8.0,"turns":5.0},{"damage":0.0,"enemies":"Exordium Thugs","floor":11.0,"turns":4.0},{"damage":11.0,"enemies":"Lagavulin","floor":12.0,"turns":6.0},{"damage":0.0,"enemies":"Gremlin Nob","floor":13.0,"turns":2.0},{"damage":3.0,"enemies":"3 Sentries","floor":14.0,"turns":4.0},{"damage":9.0,"enemies":"Hexaghost","floor":16.0,"turns":8.0},{"damage":3.0,"enemies":"3 Byrds","floor":18.0,"turns":1.0},{"damage":6.0,"enemies":"Spheric Guardian","floor":21.0,"turns":4.0},{"damage":6.0,"enemies":"Snecko","floor":22.0,"turns":4.0},{"damage":11.0,"enemies":"Gremlin Leader","floor":23.0,"turns":6.0},{"damage":3.0,"enemies":"Book of Stabbing","floor":25.0,"turns":5.0},{"damage":0.0,"enemies":"Colosseum Slavers","floor":27.0,"turns":4.0},{"damage":0.0,"enemies":"Colosseum Nobs","floor":27.0,"turns":3.0},{"damage":0.0,"enemies":"Centurion and Healer","floor":28.0,"turns":6.0},{"damage":0.0,"enemies":"Slavers","floor":29.0,"turns":4.0},{"damage":22.0,"enemies":"Automaton","floor":33.0,"turns":7.0},{"damage":0.0,"enemies":"3 Darklings","floor":35.0,"turns":3.0},{"damage":0.0,"enemies":"Orb Walker","floor":36.0,"turns":4.0},{"damage":0,"enemies":"Jaw Worm Horde","floor":39,"turns":3},{"damage":0,"enemies":"Nemesis","floor":42,"turns":6},{"damage":0,"enemies":"Spire Growth","floor":45,"turns":4},{"damage":0,"enemies":"Reptomancer","floor":46,"turns":4},{"damage":11,"enemies":"Sphere and 2 Shapes","floor":47,"turns":4},{"damage":0,"enemies":"Nemesis","floor":48,"turns":5},{"damage":30,"enemies":"Awakened One","floor":50,"turns":10},{"damage":13,"enemies":"Shield and Spear","floor":54,"turns":5},{"damage":48,"enemies":"The Heart","floor":55,"turns":8}],"seed_played":"-6333599696956252808","potions_obtained":[{"floor":1.0,"key":"FearPotion"},{"floor":3.0,"key":"SpeedPotion"},{"floor":7.0,"key":"GamblersBrew"},{"floor":13.0,"key":"SmokeBomb"},{"floor":22.0,"key":"Swift Potion"},{"floor":23.0,"key":"SteroidPotion"},{"floor":28.0,"key":"DistilledChaos"},{"floor":29.0,"key":"Swift Potion"},{"floor":33.0,"key":"Strength Potion"},{"floor":45,"key":"DuplicationPotion"},{"floor":47,"key":"Weak Potion"},{"floor":48,"key":"Block Potion"}],"is_trial":false,"path_per_floor":["M","M","M","M","M","E","M","E","T","R","M","E","?","E","R","B",null,"M","$","?","M","M","E","R","E","T","?","M","E","?","T","R","B",null,"M","M","T","?","M","R","$","E","T","?","M","E","M","E","R","B",null,"R","$","E","B",null],"character_chosen":"DEFECT","items_purchased":["Biased Cognition","Coolheaded","Hologram","Medical Kit","FossilizedHelix","Bag of Preparation"],"campfire_rested":2,"item_purchase_floors":[19,19,19,41,41,53],"current_hp_per_floor":[59,56,56,47,43,37,36,26,26,47,47,36,36,33,33,24,59,56,56,56,50,44,33,54,51,51,51,51,61,61,61,61,39,71,71,71,71,71,71,71,71,71,71,71,71,71,60,60,60,30,68,68,68,55,17],"gold":68,"neow_bonus":"RANDOM_COMMON_RELIC","is_daily":false,"chose_seed":false,"campfire_upgraded":4,"win_rate":0.0,"timestamp":1613025231,"path_taken":["M","M","M","M","M","E","M","E","T","R","M","E","?","E","R","BOSS","M","$","?","M","?","E","R","E","T","?","M","E","?","?","R","BOSS","M","?","?","?","M","R","$","E","T","?","M","E","M","E","R","BOSS","R","$","E","BOSS"],"items_purchased_type":["Card","Card","Card","Relic","Relic","Relic"],"build_version":"2020-12-22","purchased_purges":2,"victory":true,"max_hp_per_floor":[71,71,71,71,71,71,71,71,71,71,71,71,71,71,71,71,71,71,71,71,71,71,71,71,71,71,71,71,81,81,81,81,81,81,81,81,81,81,81,81,81,81,81,81,81,81,81,81,81,81,81,81,81,81,81],"card_choices":[{"not_picked":["TheCursedMod:CircleOfFocus","TheCursedMod:Grudge"],"picked":"Ball Lightning","floor":1.0},{"not_picked":["Skim","TheCursedMod:ReleasedKnowledge"],"picked":"Barrage","floor":2.0},{"not_picked":["Ball Lightning","Barrage"],"picked":"Glacier","floor":3.0},{"not_picked":["Cold Snap","Force Field"],"picked":"Beam Cell","floor":4.0},{"not_picked":["Reprogram","Reinforced Body"],"picked":"Sunder","floor":5.0},{"not_picked":["Ball Lightning","Hologram"],"picked":"Leap","floor":6.0},{"not_picked":["FTL","Gash"],"picked":"Turbo","floor":7.0},{"not_picked":["Double Energy","Rebound"],"picked":"Compile Driver","floor":8.0},{"not_picked":["Go for the Eyes","Sweeping Beam"],"picked":"Barrage","floor":11.0},{"not_picked":["Rebound","Steam"],"picked":"Core Surge","floor":12.0},{"not_picked":["Streamline","Rip and Tear"],"picked":"Biased Cognition","floor":14.0},{"not_picked":["Hyperbeam","Amplify"],"picked":"Core Surge","floor":16.0},{"not_picked":["Double Energy","Auto Shields","Reinforced Body"],"picked":"SKIP","floor":18.0},{"not_picked":["Stack","Beam Cell","Fusion"],"picked":"SKIP","floor":21.0},{"not_picked":["Blizzard","Turbo","Sweeping Beam"],"picked":"SKIP","floor":22.0},{"not_picked":["Compile Driver","Go for the Eyes","Turbo"],"picked":"SKIP","floor":23.0},{"not_picked":["Coolheaded","Static Discharge","Redo"],"picked":"SKIP","floor":25.0},{"not_picked":["Compile Driver+1","Streamline+1"],"picked":"Capacitor","floor":27.0},{"not_picked":["Turbo","Hologram"],"picked":"Coolheaded","floor":28.0},{"not_picked":["Glacier","Rebound","Reprogram"],"picked":"SKIP","floor":29.0},{"not_picked":[],"picked":"Ball Lightning+1","floor":35.0},{"not_picked":["Stack"],"picked":"SKIP","floor":36.0},{"not_picked":[],"picked":"Tempest","floor":39},{"not_picked":["FTL"],"picked":"SKIP","floor":42},{"not_picked":["Streamline"],"picked":"SKIP","floor":45},{"not_picked":["Auto Shields"],"picked":"SKIP","floor":46},{"not_picked":["Loop"],"picked":"SKIP","floor":47},{"not_picked":[],"picked":"Compile Driver","floor":48},{"not_picked":["Ball Lightning+1"],"picked":"SKIP","floor":54}],"player_experience":582772,"relics_obtained":[{"floor":6.0,"key":"Happy Flower"},{"floor":8.0,"key":"Orichalcum"},{"floor":9.0,"key":"Whetstone"},{"floor":12.0,"key":"HornCleat"},{"floor":13.0,"key":"Potion Belt"},{"floor":14.0,"key":"MawBank"},{"floor":23.0,"key":"Lantern"},{"floor":25.0,"key":"Nunchaku"},{"floor":26.0,"key":"Anchor"},{"floor":27.0,"key":"Du-Vu Doll"},{"floor":27.0,"key":"Blue Candle"},{"floor":29.0,"key":"Pear"},{"floor":37.0,"key":"Bag of Marbles"},{"floor":42,"key":"Toy Ornithopter"},{"floor":43,"key":"Peace Pipe"},{"floor":46,"key":"Lizard Tail"},{"floor":48,"key":"Kunai"},{"floor":54,"key":"DataDisk"}],"event_choices":[{"damage_healed":0.0,"max_hp_gain":0.0,"max_hp_loss":0.0,"gold_gain":0.0,"event_name":"Dead Adventurer","player_choice":"Searched \u00272\u0027 times","floor":13.0,"gold_loss":0.0,"damage_taken":0.0},{"damage_healed":0.0,"max_hp_gain":0.0,"max_hp_loss":0.0,"gold_gain":0.0,"event_name":"Match and Keep!","player_choice":"1 cards matched","floor":20.0,"gold_loss":0.0,"damage_taken":0.0,"cards_obtained":["Genetic Algorithm"]},{"damage_healed":0.0,"max_hp_gain":0.0,"max_hp_loss":0.0,"gold_gain":0.0,"event_name":"Colosseum","player_choice":"Fight","floor":27.0,"gold_loss":0.0,"damage_taken":0.0},{"damage_healed":0.0,"max_hp_gain":0.0,"max_hp_loss":0.0,"gold_gain":0.0,"event_name":"Colosseum","player_choice":"Fought Nobs","floor":27.0,"gold_loss":0.0,"damage_taken":0.0},{"damage_healed":0.0,"max_hp_gain":0.0,"max_hp_loss":0.0,"gold_gain":0.0,"event_name":"Drug Dealer","player_choice":"Inject Mutagens","floor":30.0,"gold_loss":0.0,"damage_taken":0.0,"relics_obtained":["MutagenicStrength"]},{"cards_removed":["Zap"],"damage_healed":0,"gold_gain":0,"player_choice":"Removed Skill","damage_taken":0,"max_hp_gain":0,"max_hp_loss":0,"event_name":"Falling","floor":38,"gold_loss":0},{"cards_removed":["Leap"],"damage_healed":0,"gold_gain":0,"player_choice":"Purged","damage_taken":0,"max_hp_gain":0,"max_hp_loss":0,"event_name":"Purifier","floor":44,"gold_loss":0}],"is_beta":false,"boss_relics":[{"not_picked":["Snecko Eye","SacredBark"],"picked":"Pandora\u0027s Box"},{"not_picked":["FrozenCore","Runic Pyramid"],"picked":"Busted Crown"}],"items_purged_floors":[19,41],"is_endless":false,"potions_floor_spawned":[1,3,5,7,13,22,23,28,29,33,45,47,48],"ascension_level":14}}