{"host":"dwyzfvnzfcqffr30","time":1613054442,"event":{"mods":["2.2 Compatiblity","Act Like it!","Aspiration","BaseMod","Beaked The Cultist","Better Altar","Better Match","Better Note","Better Sensory Stone","Better Skull","Better Third Choice","Clockwork Mod","Colored Map","Colored Powertips","Conspire","Downfall","Elementarium","GifTheSpireLib","Halation","Hermit","Hubris","Infinite Spire","Ironclad Rager","Jedi Mod","Menagerie","Mimic Mod","Minty Spire (QoL Compilation)","Permanent Neow","Random Character Button","Relic Filter Mod","Reliquary","Replay The Spire","Spicy Shops","Spikes Relics","StSLib","Stuff the Spire","The Construct","The Disciple","The Druid","The Marked","TheFirefly","Trackpad","Wandering Minibosses"],"gold_per_floor":[124,124,124,156,141,178,215,263,302,351,409,452,505,56,56,156,156,202,239,239,281,281,281,320,373,373,5,5,32,57,84,84,185,185,215,265,265,265,9,9,36,63,63,63,88,109,151,151,151,151,151,151,1,29,29],"floor_reached":56,"language":"ENG","playtime":5835,"items_purged":["theDruid:Strike_O+1","theDruid:Strike_O+1","theDruid:Defend_O+1"],"score":1642,"play_id":"ce79b06a-5d23-4898-8880-8173ef7b615c","local_time":"20210211064042","is_ascension_mode":false,"campfire_choices":[{"floor":15.0,"key":"RECALL"},{"data":"StuffTheSpire:Innocence","floor":23.0,"key":"SMITH"},{"data":"theDruid:BristlingDefense+1","floor":32,"key":"SMITH"},{"data":"StuffTheSpire:BrainWave","floor":40,"key":"SMITH"},{"data":"StuffTheSpire:BrainWave+1","floor":49,"key":"SMITH"},{"data":"StuffTheSpire:BrainWave+2","floor":52,"key":"SMITH"}],"circlet_count":0,"master_deck":["beaked:MaddeningMurmurs+1","theDruid:Strike_O+1","theDruid:Strike_O+1","theDruid:Defend_O+1","theDruid:Defend_O+1","theDruid:Defend_O+1","theDruid:BriarArmor+1","theDruid:WildSlash+1","MasterReality+1","Apotheosis+1","theDruid:PlagueClaw+1","Good Instincts+1","theDruid:BristlingDefense+2","theDruid:BloodiedFur+1","theDruid:FelineGrace+1","theDruid:ViralBites+1","theDruid:PouncingStrike+1","theDruid:TearOpen+1","StuffTheSpire:Innocence+1","StuffTheSpire:BrainWave+3","theDruid:HerbalismKit+1"],"relics":["theDruid:CrownOfTheWilds","aspiration:Nostalgia","m_SlimeRing","Bottled Tornado","halation:Prosthetics","hubris:TinFlute","SacredBark","conspire:InfiniteJournal","infinitespire:EvilPickle","Frozen Egg 2","Molten Egg 2","Toxic Egg 2","Menagerie:HuntersKnife","reliquary:BoilingFlask","Replay:Wax Seal","SuspiciousGoo","infinitespire:Satchel","reliquary:RedCape","RoseTintedShades","reliquary:ExpiredCoupon","infinitespire:Lucky Rock","Medical Kit","trackpad:WondrousWand","reliquary:RedPaperclip","Quantum Egg","Mango","trackpad:ZombieHeart","StuffTheSpire:HeavyRock","Ginger","trackpad:ToughGloves","Lizard Tail","reliquary:WeakTea","halation:LettersToHer"],"acts_visited":[],"potions_floor_usage":[33,33,33,35,50,50,50,50,50,54,54,55,55,55],"damage_taken":[{"damage":0.0,"enemies":"Menagerie:MonstrousExperiment","floor":1.0,"turns":3.0},{"damage":0.0,"enemies":"Menagerie:StygianBoar","floor":4.0,"turns":2.0},{"damage":11.0,"enemies":"Menagerie:VoidReaper","floor":6.0,"turns":5.0},{"damage":0.0,"enemies":"Menagerie:2_RABBITS","floor":7.0,"turns":3.0},{"damage":0.0,"enemies":"Menagerie:Hydra","floor":8.0,"turns":4.0},{"damage":0.0,"enemies":"Menagerie:KEEPER_AND_YOUNG_SUNEATER","floor":9.0,"turns":3.0},{"damage":1.0,"enemies":"Menagerie:KEEPER_AND_YOUNG_SUNEATER","floor":10.0,"turns":4.0},{"damage":0.0,"enemies":"Menagerie:VoidReaper","floor":11.0,"turns":5.0},{"damage":0.0,"enemies":"Menagerie:MeltingSalamander","floor":12.0,"turns":4.0},{"damage":0.0,"enemies":"Menagerie:STYGIAN_BOAR_AND_WHISPERING_WRAITH","floor":13.0,"turns":3.0},{"damage":0.0,"enemies":"Menagerie:Suneater","floor":16.0,"turns":5.0},{"damage":0.0,"enemies":"3 Byrds","floor":18.0,"turns":4.0},{"damage":0.0,"enemies":"Shell Parasite","floor":19.0,"turns":2.0},{"damage":0.0,"enemies":"Centurion and Healer","floor":21.0,"turns":4.0},{"damage":0.0,"enemies":"conspire:HollyBat","floor":24.0,"turns":4.0},{"damage":0.0,"enemies":"conspire:SneckoGhost","floor":25.0,"turns":3.0},{"damage":0,"enemies":"Book of Stabbing","floor":29,"turns":3},{"damage":0,"enemies":"Snake Plant","floor":30,"turns":4},{"damage":0,"enemies":"Cultist and Chosen","floor":31,"turns":3},{"damage":0,"enemies":"Collector","floor":33,"turns":3},{"damage":0,"enemies":"3 Darklings","floor":35,"turns":4},{"damage":0,"enemies":"Mind Bloom Boss Battle","floor":36,"turns":5},{"damage":1,"enemies":"Giant Head","floor":41,"turns":6},{"damage":1,"enemies":"Orb Walker","floor":42,"turns":1},{"damage":0,"enemies":"Transient","floor":45,"turns":5},{"damage":0,"enemies":"Writhing Mass","floor":46,"turns":3},{"damage":0,"enemies":"R_Hoarder","floor":47,"turns":4},{"damage":1,"enemies":"Time Eater","floor":50,"turns":7},{"damage":0,"enemies":"Shield and Spear","floor":54,"turns":4},{"damage":35,"enemies":"The Heart","floor":55,"turns":7}],"seed_played":"-5623323916625022150","potions_obtained":[{"floor":1.0,"key":"Explosive Potion"},{"floor":7.0,"key":"bronze:BurnAndBuffPotion"},{"floor":16.0,"key":"Fire Potion"},{"floor":33,"key":"Explosive Potion"},{"floor":35,"key":"Fire Potion"},{"floor":36,"key":"Energy Potion"},{"floor":47,"key":"Fruit Juice"},{"floor":54,"key":"ColorlessPotion"}],"is_trial":false,"path_per_floor":["M","?","?","M","?","E","M","E","MIM","M","E","M","M","$","R_BF","B",null,"M","M","AVR","M","?","R","M","E","T","$","?","E","M","M","R","B",null,"M","?","?","?","$","R","E","M","T","$","M","M","E","?","R","B",null,"R","$","E","B",null],"character_chosen":"DRUID","items_purchased":["theDruid:PouncingStrike+1","SuspiciousGoo","infinitespire:Satchel","infinitespire:Lucky Rock","Medical Kit","trackpad:ZombieHeart","StuffTheSpire:HeavyRock","reliquary:WeakTea"],"campfire_rested":0,"item_purchase_floors":[14,14,14,27,27,39,39,53],"current_hp_per_floor":[40,37,37,37,37,26,26,37,37,37,37,37,37,37,37,37,37,37,37,37,37,37,37,37,37,37,37,37,37,37,37,37,37,37,37,51,51,46,46,46,46,49,49,49,50,51,52,52,52,65,68,68,68,70,36],"gold":29,"neow_bonus":"NOSTALGIA","is_daily":false,"chose_seed":false,"campfire_upgraded":5,"win_rate":0.0,"timestamp":1613054442,"path_taken":["M","?","?","M","?","E","M","E","MIM","M","E","?","M","$","R_BF","BOSS","M","M","AVR","M","?","R","M","E","T","$","?","E","M","?","R","BOSS","M","?","?","?","$","R","E","M","T","$","?","M","E","?","R","BOSS","R","$","E","BOSS"],"items_purchased_type":["Card","Relic","Relic","Relic","Relic","Relic","Relic","Relic"],"build_version":"2020-12-22","purchased_purges":3,"victory":true,"max_hp_per_floor":[40,37,37,37,37,37,37,37,37,37,37,37,37,37,37,37,37,37,37,37,37,37,37,37,37,37,37,37,37,37,37,37,37,37,37,51,51,46,46,46,47,51,51,51,52,53,54,54,54,68,68,68,68,70,71],"card_choices":[{"not_picked":["theDruid:BlessedStrike+1","Slimebound:Recollect+1"],"picked":"theDruid:PlagueClaw+1","floor":1.0},{"not_picked":["ReplayUltimateDefense+1","ReplayTheSpireMod:Uncanny Aura+1"],"picked":"Good Instincts+1","floor":3.0},{"not_picked":["theDruid:AstralShield+1","Cloak And Dagger+1"],"picked":"theDruid:BristlingDefense+1","floor":4.0},{"not_picked":["ReplayTheSpireMod:Shiv Toss+1","theDruid:SurvivalCache+1","Hidden Blade+1"],"picked":"SKIP","floor":6.0},{"not_picked":["theDruid:FeralPlants+1","Blade Dance+1"],"picked":"theDruid:BloodiedFur+1","floor":7.0},{"not_picked":["theDruid:ThornStrike+1","theDruid:SerratedFlesh+1","theDruid:BlessedStrike+1"],"picked":"SKIP","floor":8.0},{"not_picked":["theDruid:Adaptation+1","theDruid:Rummage+1"],"picked":"theDruid:FelineGrace+1","floor":10.0},{"not_picked":["theDruid:BrambleLash+1","Blade Dance+1"],"picked":"theDruid:ViralBites+1","floor":11.0},{"not_picked":["theDruid:BristlingBulwark+1","theDruid:Eclipse+1","Cloak And Dagger+1"],"picked":"SKIP","floor":12.0},{"not_picked":["theDruid:Untamed+1","theDruid:Recoil+1","theDruid:SurvivalInstincts+1"],"picked":"SKIP","floor":13.0},{"not_picked":["theDruid:SurvivalCache+1","theDruid:Restoration+1"],"picked":"theDruid:TearOpen+1","floor":16.0},{"not_picked":["theDruid:IronClaw+1","theDruid:Resupply+1","theDruid:Gore+1"],"picked":"SKIP","floor":18.0},{"not_picked":["theDruid:IronClaw+1","theDruid:AstralShield+1","theDruid:BloodiedFur+1"],"picked":"SKIP","floor":19.0},{"not_picked":["theDruid:FuriousSlash+1","theDruid:Prowl+1","theDruid:IronClaw+1"],"picked":"SKIP","floor":21.0},{"not_picked":["StuffTheSpire:Harmony","StuffTheSpire:Vigor"],"picked":"StuffTheSpire:Innocence","floor":22.0},{"not_picked":["theDruid:TakeShelter+1","theDruid:FuriousSlash+1","theDruid:Untamed+1"],"picked":"SKIP","floor":24.0},{"not_picked":["theDruid:IronClaw+1","theDruid:ViralBites+1","theDruid:PrimalStrength+1"],"picked":"SKIP","floor":25.0},{"not_picked":["theDruid:Restoration+1","theDruid:ThornStrike+1","theDruid:WildArmor+1"],"picked":"SKIP","floor":29},{"not_picked":["Slimebound:Prepare+1","theDruid:Prowl+1","Accuracy+1"],"picked":"SKIP","floor":30},{"not_picked":["theDruid:Resourcefulness+1","theDruid:IronClaw+1","Slimebound:Prepare+1"],"picked":"SKIP","floor":31},{"not_picked":["theDruid:Scavenge+1","theDruid:TwilightsCall+1","theDruid:Resupply+1"],"picked":"SKIP","floor":35},{"not_picked":["theDruid:ExposingSlash+1","theDruid:Eclipse+1","theDruid:MysticBarrier+1"],"picked":"SKIP","floor":41},{"not_picked":["theDruid:PlagueClaw+1","theDruid:Gore+1","theDruid:Resupply+1"],"picked":"SKIP","floor":42},{"not_picked":["theDruid:AstralShield+1","theDruid:RockSlide+1","theDruid:FelineGrace+1"],"picked":"SKIP","floor":45},{"not_picked":["theDruid:BloodiedFur+1","theDruid:Infestation+1","theDruid:Adaptation+1"],"picked":"SKIP","floor":46},{"not_picked":["theDruid:BrambleLash+1","theDruid:BristlingDefense+1"],"picked":"theDruid:HerbalismKit+1","floor":47},{"not_picked":["theDruid:Scavenge+1","theDruid:BloodiedFur+1","theDruid:BlessedStrike+1"],"picked":"SKIP","floor":54}],"player_experience":3139817,"relics_obtained":[{"floor":6.0,"key":"reliquary:BoilingFlask"},{"floor":8.0,"key":"StuffTheSpire:Experiment12"},{"floor":9.0,"key":"Replay:Wax Seal"},{"floor":11.0,"key":"StuffTheSpire:RubySignet"},{"floor":25.0,"key":"reliquary:ExpiredCoupon"},{"floor":29,"key":"trackpad:WondrousWand"},{"floor":36,"key":"Mango"},{"floor":41,"key":"Ginger"},{"floor":43,"key":"trackpad:ToughGloves"},{"floor":47,"key":"Lizard Tail"},{"floor":54,"key":"halation:LettersToHer"}],"event_choices":[{"damage_healed":0.0,"max_hp_gain":0.0,"max_hp_loss":0.0,"gold_gain":0.0,"event_name":"betterThird:BetterWriting","player_choice":"Simplicity","floor":0.0,"gold_loss":0.0,"damage_taken":0.0},{"damage_healed":0.0,"max_hp_gain":0.0,"max_hp_loss":3.0,"gold_gain":0.0,"event_name":"Menagerie:BigGameHunter","player_choice":"Take","floor":2.0,"gold_loss":0.0,"damage_taken":0.0,"relics_obtained":["Menagerie:HuntersKnife"]},{"damage_healed":0.0,"max_hp_gain":0.0,"max_hp_loss":0.0,"gold_gain":1.0,"event_name":"betterStone:BetterStone","player_choice":"1","floor":3.0,"gold_loss":0.0,"damage_taken":0.0},{"damage_healed":0.0,"max_hp_gain":0.0,"max_hp_loss":0.0,"gold_gain":0.0,"event_name":"Menagerie:MagicPeddler","player_choice":"Potion","floor":5.0,"gold_loss":15.0,"damage_taken":0.0,"relics_obtained":["hexamod:SoulburnPotion"]},{"damage_healed":0,"gold_gain":0,"player_choice":"Fight","damage_taken":0,"max_hp_gain":0,"max_hp_loss":0,"event_name":"MindBloom","floor":36,"gold_loss":0}],"is_beta":false,"boss_relics":[{"not_picked":["bronze:MakeshiftBattery","Replay:Ancient Bell"],"picked":"reliquary:RedCape"},{"not_picked":["Tiny House","construct:WeddingRing"],"picked":"reliquary:RedPaperclip"}],"items_purged_floors":[20,27,39],"is_endless":false,"potions_floor_spawned":[1,6,7,13,16,18,24,30,33,35,36,47,54],"ascension_level":0}}