{"host":"gaqyve1328ta0etl","time":1613027563,"event":{"mods":["BaseMod","Colored Map","Colored Powertips","Duelist Mod","Googly Eyes","Hero for Fun","Minty Spire (QoL Compilation)","Shop Mod","StSLib","SuperFastMode","The Hierophant","The Runesmith"],"gold_per_floor":[187,187,187,198,211,211,231,292,342,358,374,75,88,123,123,225,225,245,290,290,357,357,357,382,395,395,395,415,415,340,360,360,455,455,467,467,515,515,583,583,634,665,665,665,262,262,281,295,295,345],"floor_reached":51,"language":"ENG","playtime":1942,"items_purged":["theDuelist:FinalFlame"],"score":934,"play_id":"41bab806-beda-463e-8d16-c0924d1a294b","local_time":"20210210231243","is_ascension_mode":true,"campfire_choices":[{"data":"theDuelist:AmuletAmbition","floor":6,"key":"SMITH"},{"data":"theDuelist:Nameless:Power:MaskedDragon","floor":15,"key":"SMITH"},{"floor":23,"key":"REST"},{"data":"theDuelist:ForbiddenLance+1","floor":27,"key":"SMITH"},{"data":"theDuelist:ForbiddenLance+2","floor":32,"key":"SMITH"},{"data":"theDuelist:ForbiddenLance+4","floor":40,"key":"SMITH"},{"floor":44,"key":"REST"},{"floor":49,"key":"REST"}],"circlet_count":0,"master_deck":["theDuelist:WormApocalypse","theDuelist:GoldenSparks+1","theDuelist:ForbiddenLance","theDuelist:Eva","theDuelist:Nameless:Power:MaskedDragon+1","theDuelist:BigKoala","theDuelist:AmuletAmbition+1","theDuelist:FairyBox","theDuelist:RainbowNeos+1","theDuelist:ElectromagneticShield","theDuelist:PineappleBlast","theDuelist:HappyLover","CurseOfTheBell","theDuelist:SpiralSpearStrike+1","theDuelist:ForbiddenLance+5","theDuelist:WeepingIdol","theDuelist:AssaultArmor","theDuelist:RainbowKuriboh","theDuelist:AssaultArmor","theDuelist:HappyLover"],"relics":["theDuelist:MillenniumPuzzle","theDuelist:CardPoolRelic","theDuelist:CardPoolBasicRelic","theDuelist:BoosterPackPoolRelic","theDuelist:CardPoolAddRelic","theDuelist:CardPoolMinusRelic","theDuelist:CardPoolSaveRelic","theDuelist:CardPoolOptionsRelic","Tiny Chest","theDuelist:AkhenamkhanenSceptre","Bronze Scales","Pear","Calling Bell","Blood Vial","theDuelist:BlessingAnubis","Runesmith:Locket","theDuelist:ResummonBranch","StoneCalendar","Ice Cream","Letter Opener","Kunai","StrikeDummy","Sozu","Whetstone","theDuelist:BoosterExtraAllRaresRelic","Akabeko","Bottled Tornado","Vajra","Sundial","theDuelist:MillenniumRod"],"acts_visited":["Exordium","TheCity","TheBeyond"],"potions_floor_usage":[14,18,19,33,39,42],"damage_taken":[{"damage":0,"enemies":"Jaw Worm","floor":1,"turns":2},{"damage":0,"enemies":"Small Slimes","floor":4,"turns":3},{"damage":0,"enemies":"Cultist","floor":5,"turns":3},{"damage":0,"enemies":"3 Louse","floor":7,"turns":3},{"damage":0,"enemies":"2 Fungi Beasts","floor":8,"turns":4},{"damage":0,"enemies":"Red Slaver","floor":10,"turns":3},{"damage":0,"enemies":"Looter","floor":11,"turns":4},{"damage":0,"enemies":"3 Louse","floor":13,"turns":2},{"damage":0,"enemies":"Gremlin Nob","floor":14,"turns":2},{"damage":3,"enemies":"Hexaghost","floor":16,"turns":7},{"damage":0,"enemies":"Spheric Guardian","floor":18,"turns":4},{"damage":23,"enemies":"Spheric Guardian","floor":19,"turns":10},{"damage":4,"enemies":"Shell Parasite","floor":21,"turns":4},{"damage":3,"enemies":"Gremlin Leader","floor":24,"turns":7},{"damage":0,"enemies":"Snecko","floor":25,"turns":3},{"damage":0,"enemies":"Snake Plant","floor":28,"turns":3},{"damage":3,"enemies":"Cultist and Chosen","floor":31,"turns":5},{"damage":12,"enemies":"Champ","floor":33,"turns":9},{"damage":0,"enemies":"Orb Walker","floor":35,"turns":3},{"damage":0,"enemies":"3 Shapes","floor":39,"turns":3},{"damage":25,"enemies":"2 Orb Walkers","floor":41,"turns":5},{"damage":33,"enemies":"Reptomancer","floor":42,"turns":6},{"damage":0,"enemies":"Sphere and 2 Shapes","floor":47,"turns":4},{"damage":0,"enemies":"4 Shapes","floor":48,"turns":3},{"damage":22,"enemies":"Awakened One","floor":50,"turns":11}],"seed_played":"8106343354970654413","potions_obtained":[{"floor":4,"key":"GamblersBrew"},{"floor":7,"key":"theDuelist:FireBottle"},{"floor":10,"key":"theDuelist:IcePotion"},{"floor":16,"key":"Energy Potion"},{"floor":21,"key":"Weak Potion"},{"floor":25,"key":"theDuelist:TokenPotionB"},{"floor":28,"key":"theDuelist:StunPotion"}],"is_trial":false,"path_per_floor":["M","?","?","M","M","R","M","M","T","M","M","$","M","E","R","B",null,"M","?","?","M","T","R","E","M","T","R","M","?","$","M","R","B",null,"M","?","T","?","M","R","?","E","T","R","$","T","M","M","R","B",null],"character_chosen":"THE_DUELIST","items_purchased":["theDuelist:AkhenamkhanenSceptre","Bronze Scales","Vajra","Sundial"],"campfire_rested":3,"item_purchase_floors":[12,12,45,45],"current_hp_per_floor":[80,80,92,92,92,92,92,92,92,92,92,50,50,60,60,57,60,60,37,37,35,35,53,52,54,54,54,56,56,56,55,55,45,60,60,60,60,60,60,60,35,4,4,22,22,22,24,26,44,24],"gold":345,"neow_bonus":"ONE_RANDOM_RARE_CARD","is_daily":false,"chose_seed":false,"campfire_upgraded":5,"win_rate":0.0,"timestamp":1613027563,"path_taken":["M","?","?","M","M","R","M","M","T","?","M","$","M","E","R","BOSS","M","?","?","M","?","R","E","M","T","R","?","?","$","M","R","BOSS","M","?","?","?","?","R","?","E","T","R","$","?","M","M","R","BOSS"],"items_purchased_type":["Relic","Relic","Relic","Relic"],"build_version":"2020-12-22","purchased_purges":1,"victory":true,"max_hp_per_floor":[80,80,92,92,92,92,92,92,92,92,92,50,50,60,60,60,60,60,60,60,60,60,60,60,60,60,60,60,60,60,60,60,60,60,60,60,60,60,60,60,60,60,60,60,60,60,60,60,60,60],"card_choices":[{"not_picked":["theDuelist:WhiteMagicalHat","theDuelist:SangaEarth","theDuelist:FrontierWiseman","theDuelist:RainbowNeos"],"picked":"theDuelist:Eva","floor":1},{"not_picked":["theDuelist:CoreBlaster","theDuelist:WhiteMagicalHat","theDuelist:SpiritHarp","theDuelist:ScrapFactory"],"picked":"theDuelist:BigKoala","floor":4},{"not_picked":["theDuelist:SwordsRevealing","theDuelist:LightningBlade","theDuelist:InstantFusion","theDuelist:FeatherShot"],"picked":"theDuelist:AmuletAmbition","floor":5},{"not_picked":["theDuelist:CombinationAttack","theDuelist:WhiteMagicalHat","theDuelist:Hinotama","theDuelist:BigFire"],"picked":"theDuelist:FairyBox","floor":7},{"not_picked":["theDuelist:MeteorDestruction","theDuelist:Tuningware","theDuelist:SpiritHarp","theDuelist:ScrapFactory","theDuelist:MagicalStone"],"picked":"SKIP","floor":8},{"not_picked":["theDuelist:SpellShatteringArrow","theDuelist:MeteorDestruction","theDuelist:CoreBlaster","theDuelist:CombinationAttack"],"picked":"theDuelist:RainbowNeos","floor":10},{"not_picked":["theDuelist:SpiralSpearStrike+1","theDuelist:MagicalStone+1","theDuelist:InfernoFireBlast+1","theDuelist:ChaosSeed+1","theDuelist:BerserkerCrush+1"],"picked":"SKIP","floor":11},{"not_picked":["theDuelist:Fissure","theDuelist:BigEye","theDuelist:GilfordLegend","theDuelist:Polymerization"],"picked":"theDuelist:ElectromagneticShield","floor":13},{"not_picked":["theDuelist:FeatherShot","theDuelist:AmuletAmbition"],"picked":"theDuelist:PineappleBlast","floor":14},{"not_picked":["theDuelist:RainbowNeos","theDuelist:Eva","theDuelist:RainbowKuriboh","theDuelist:RainbowOverdragon"],"picked":"theDuelist:HappyLover","floor":16},{"not_picked":["theDuelist:SpellShatteringArrow","theDuelist:Hinotama","theDuelist:BigFire","theDuelist:RainbowNeos"],"picked":"theDuelist:SpiralSpearStrike+1","floor":18},{"not_picked":["theDuelist:ClearKuriboh","theDuelist:GilfordLegend","theDuelist:Hinotama","theDuelist:SolemnStrike"],"picked":"theDuelist:ForbiddenLance+1","floor":19},{"not_picked":["theDuelist:EvilswarmHeliotrope","theDuelist:GolemSentry","theDuelist:Wiseman","theDuelist:LabyrinthWall"],"picked":"theDuelist:WeepingIdol","floor":21},{"not_picked":["theDuelist:SilentDoom","theDuelist:EgoBoost","theDuelist:Electrowhip","theDuelist:ElectromagneticShield"],"picked":"theDuelist:AssaultArmor","floor":24},{"not_picked":["theDuelist:SpellShatteringArrow","theDuelist:EgoBoost","theDuelist:WhiteMagicalHat","theDuelist:SwordDeepSeated","theDuelist:DeltaAttacker"],"picked":"SKIP","floor":25},{"not_picked":["theDuelist:FrontierWiseman","theDuelist:BlackPendant","theDuelist:Tuningware+1","theDuelist:PreventRat","theDuelist:BattleOx"],"picked":"SKIP","floor":28},{"not_picked":["theDuelist:CoreBlaster","theDuelist:CombinationAttack+1","theDuelist:WhiteMagicalHat","theDuelist:Eva","theDuelist:LegendHeart"],"picked":"SKIP","floor":31},{"not_picked":["theDuelist:RainbowNeos","theDuelist:KamionTimelord","theDuelist:HappyLover","theDuelist:Eva"],"picked":"theDuelist:RainbowKuriboh","floor":33},{"not_picked":["theDuelist:SpellShatteringArrow","theDuelist:MeteorDestruction","theDuelist:FluteKuriboh","theDuelist:DarkBurningAttack+1","theDuelist:LegendHeart"],"picked":"SKIP","floor":35},{"not_picked":["theDuelist:Hinotama+3","theDuelist:CombinationAttack+1","theDuelist:Tuningware+1","theDuelist:Eva"],"picked":"theDuelist:AssaultArmor","floor":36},{"not_picked":["theDuelist:CoreBlaster","theDuelist:OnslaughtFireKings","theDuelist:WormApocalypse","theDuelist:FluteKuriboh","theDuelist:MiracleFertilizer"],"picked":"SKIP","floor":39},{"not_picked":["theDuelist:FrontierWiseman","theDuelist:BlackPendant+1","theDuelist:Tuningware+1","theDuelist:PreventRat","theDuelist:PotDichotomy"],"picked":"SKIP","floor":42},{"not_picked":["theDuelist:CoreBlaster","theDuelist:CombinationAttack","theDuelist:AfterTheStorm+1","theDuelist:Eva+1","theDuelist:FrontierWiseman"],"picked":"SKIP","floor":47},{"not_picked":["theDuelist:WhiteMagicalHat+1","theDuelist:SpiritHarp","theDuelist:RainbowNeos+1","theDuelist:Mathematician+1"],"picked":"theDuelist:HappyLover","floor":48}],"player_experience":2111563,"relics_obtained":[{"floor":9,"key":"Tiny Chest"},{"floor":14,"key":"Pear"},{"floor":17,"key":"Blood Vial"},{"floor":17,"key":"theDuelist:BlessingAnubis"},{"floor":17,"key":"Runesmith:Locket"},{"floor":19,"key":"theDuelist:ResummonBranch"},{"floor":19,"key":"StoneCalendar"},{"floor":19,"key":"Ice Cream"},{"floor":22,"key":"Letter Opener"},{"floor":24,"key":"Kunai"},{"floor":26,"key":"StrikeDummy"},{"floor":37,"key":"Whetstone"},{"floor":41,"key":"theDuelist:BoosterExtraAllRaresRelic"},{"floor":42,"key":"Akabeko"},{"floor":43,"key":"Bottled Tornado"},{"floor":46,"key":"theDuelist:MillenniumRod"}],"event_choices":[{"damage_healed":0,"gold_gain":0,"player_choice":"Ignored","damage_taken":0,"max_hp_gain":0,"max_hp_loss":0,"event_name":"Liars Game","floor":2,"gold_loss":0},{"power_reward":4,"total_magic_score":92,"gold_gain":0,"duelist":true,"damage_taken":0,"relics_obtained":[],"points":11,"max_hp_gain":12,"max_hp_loss":0,"spent_points":{"magic":3,"greed":0,"war":0,"power":4,"hunger":4},"event_name":"Nameless Tomb","hunger_reward":4,"floor":3,"gold_loss":0,"cards_obtained":["theDuelist:Nameless:Power:MaskedDragon"]},{"damage_healed":0,"gold_gain":0,"player_choice":"Fight","duelist":true,"damage_taken":0,"max_hp_gain":0,"max_hp_loss":0,"event_name":"Battle City","floor":19,"gold_loss":0},{"damage_healed":0,"gold_gain":0,"player_choice":"Traded Scrap Factory for Worm Apocalypse","duelist":true,"damage_taken":0,"max_hp_gain":0,"max_hp_loss":0,"event_name":"Card Trader","floor":20,"gold_loss":0},{"damage_healed":0,"gold_gain":0,"player_choice":"Leave","duelist":true,"damage_taken":0,"max_hp_gain":0,"max_hp_loss":0,"event_name":"Aknamkanon\u0027s Tomb","floor":29,"gold_loss":0},{"damage_healed":0,"gold_gain":0,"player_choice":"Memory 1","damage_taken":0,"max_hp_gain":0,"max_hp_loss":0,"event_name":"SensoryStone","floor":36,"gold_loss":0},{"damage_healed":0,"gold_gain":0,"player_choice":"Upgraded","damage_taken":0,"max_hp_gain":0,"max_hp_loss":0,"event_name":"Upgrade Shrine","floor":38,"gold_loss":0,"cards_upgraded":["theDuelist:ForbiddenLance"]},{"damage_healed":0,"gold_gain":0,"player_choice":"Fight","damage_taken":0,"max_hp_gain":0,"max_hp_loss":0,"event_name":"Mysterious Sphere","floor":41,"gold_loss":0}],"is_beta":false,"boss_relics":[{"not_picked":["Cursed Key","Coffee Dripper"],"picked":"Calling Bell"},{"not_picked":["Empty Cage","Pandora\u0027s Box"],"picked":"Sozu"}],"items_purged_floors":[30],"is_endless":false,"potions_floor_spawned":[4,7,10,13,16,21,25,28,39,42,47],"ascension_level":4}}