{"host":"2kfsro7skzomnm41","time":1613015670,"event":{"mods":["AchievementEnabler","BaseMod","Googly Eyes","Highlight Path","Minty Spire (QoL Compilation)","StSLib"],"gold_per_floor":[111,111,128,128,53,53,72,72,72,72,107,132,175,198,198,291,291,305,305,324,324,324,368,368,100,100,135,135,7,7,28,28,28,28],"floor_reached":33,"language":"ENG","playtime":1492,"items_purged":["Wild Strike"],"score":549,"play_id":"34462481-424e-424b-bcd0-b55556c9195a","local_time":"20210210225430","is_ascension_mode":true,"campfire_choices":[{"data":"Feed","floor":6.0,"key":"SMITH"},{"floor":15.0,"key":"REST"},{"data":"Whirlwind","floor":24.0,"key":"SMITH"},{"data":"Flame Barrier","floor":28.0,"key":"SMITH"},{"data":"Bludgeon","floor":32.0,"key":"SMITH"}],"circlet_count":0,"master_deck":["AscendersBane","Defend_R","Defend_R","Defend_R","Bash","Sword Boomerang","Armaments","Feed+1","Flame Barrier+1","Bash","Headbutt","Intimidate","Uppercut","Whirlwind+1","Battle Trance","Spot Weakness","Bludgeon+1","True Grit","Spot Weakness","Bite","Bite","Bite","Bite","Bite","Disarm","Panacea","Necronomicurse","Shrug It Off+1"],"relics":["Burning Blood","Golden Idol","Prayer Wheel","Bottled Flame","The Courier","Busted Crown","Akabeko","ClockworkSouvenir","Bird Faced Urn","Toxic Egg 2","OrangePellets","Necronomicon"],"acts_visited":["Exordium","TheCity"],"potions_floor_usage":[33],"damage_taken":[{"damage":0.0,"enemies":"Small Slimes","floor":1.0,"turns":3.0},{"damage":1.0,"enemies":"Cultist","floor":3.0,"turns":3.0},{"damage":1.0,"enemies":"2 Louse","floor":7.0,"turns":3.0},{"damage":30.0,"enemies":"Lagavulin","floor":11.0,"turns":7.0},{"damage":8.0,"enemies":"2 Fungi Beasts","floor":12.0,"turns":4.0},{"damage":28.0,"enemies":"3 Sentries","floor":13.0,"turns":6.0},{"damage":0.0,"enemies":"Looter","floor":14.0,"turns":3.0},{"damage":37.0,"enemies":"The Guardian","floor":16.0,"turns":10.0},{"damage":20.0,"enemies":"2 Thieves","floor":18.0,"turns":3.0},{"damage":6.0,"enemies":"Spheric Guardian","floor":20.0,"turns":3.0},{"damage":48.0,"enemies":"Slavers","floor":23.0,"turns":5.0},{"damage":2.0,"enemies":"Gremlin Leader","floor":27.0,"turns":4.0},{"damage":0.0,"enemies":"Snecko","floor":31.0,"turns":2.0},{"damage":39,"enemies":"Automaton","floor":33,"turns":4}],"seed_played":"3016598894419048251","potions_obtained":[{"floor":3.0,"key":"Strength Potion"},{"floor":13.0,"key":"Weak Potion"},{"floor":18.0,"key":"BlessingOfTheForge"},{"floor":27.0,"key":"ColorlessPotion"}],"is_trial":false,"path_per_floor":["M","?","M","?","?","R","M","?","T","$","E","M","E","M","R","B",null,"M","?","M","?","?","E","R","$","T","E","R","$","?","M","R","B"],"character_chosen":"IRONCLAD","items_purchased":["ClockworkSouvenir","Panacea","OrangePellets"],"campfire_rested":1,"item_purchase_floors":[25,25,29],"current_hp_per_floor":[68,68,71,76,76,76,80,52,52,52,32,34,16,26,54,23,78,64,64,68,68,68,32,32,32,32,42,42,42,21,31,31,0,0],"gold":28,"neow_bonus":"TRANSFORM_TWO_CARDS","is_daily":false,"chose_seed":false,"campfire_upgraded":4,"win_rate":0.0,"timestamp":1613015670,"path_taken":["M","?","?","?","?","R","M","?","T","?","E","M","E","M","R","BOSS","M","?","M","?","?","E","R","$","T","E","R","?","?","?","R","BOSS"],"items_purchased_type":["Relic","Card","Relic"],"build_version":"2020-12-22","purchased_purges":1,"victory":false,"max_hp_per_floor":[68,68,71,76,76,76,80,80,80,80,84,88,92,96,96,96,96,96,96,100,100,69,73,73,73,73,73,73,73,73,77,77,77,77],"card_choices":[{"not_picked":["Sword Boomerang","Clothesline"],"picked":"Armaments","floor":1.0},{"not_picked":["Flex","Sword Boomerang"],"picked":"Intimidate","floor":3.0},{"not_picked":["Anger","Body Slam"],"picked":"Uppercut","floor":7.0},{"not_picked":["Body Slam","Shrug It Off"],"picked":"Whirlwind","floor":11.0},{"not_picked":["Entrench","Intimidate"],"picked":"Battle Trance","floor":12.0},{"not_picked":["Entrench","Warcry","Pummel"],"picked":"SKIP","floor":12.0},{"not_picked":["Cleave","Sword Boomerang","Thunderclap"],"picked":"SKIP","floor":13.0},{"not_picked":["Havoc","Sword Boomerang"],"picked":"Spot Weakness","floor":14.0},{"not_picked":["Iron Wave","Warcry","Sever Soul"],"picked":"SKIP","floor":14.0},{"not_picked":["Double Tap","Berserk"],"picked":"Bludgeon","floor":16.0},{"not_picked":[],"picked":"True Grit","floor":18.0},{"not_picked":["Warcry"],"picked":"SKIP","floor":18.0},{"not_picked":["Cleave"],"picked":"SKIP","floor":20.0},{"not_picked":["Feel No Pain"],"picked":"SKIP","floor":20.0},{"not_picked":[],"picked":"Disarm","floor":23.0},{"not_picked":["Perfected Strike"],"picked":"SKIP","floor":27.0},{"not_picked":[],"picked":"Shrug It Off+1","floor":31.0},{"not_picked":["Clothesline+1"],"picked":"SKIP","floor":31.0}],"player_experience":308868,"relics_obtained":[{"floor":9.0,"key":"Prayer Wheel"},{"floor":11.0,"key":"Bottled Flame"},{"floor":13.0,"key":"The Courier"},{"floor":23.0,"key":"Akabeko"},{"floor":26.0,"key":"Bird Faced Urn"},{"floor":27.0,"key":"Toxic Egg 2"},{"floor":30.0,"key":"Necronomicon"}],"event_choices":[{"damage_healed":0.0,"max_hp_gain":0.0,"max_hp_loss":0.0,"gold_gain":0.0,"event_name":"Match and Keep!","player_choice":"4 cards matched","floor":2.0,"gold_loss":0.0,"damage_taken":0.0,"cards_obtained":["Feed","Flame Barrier","Bash","Headbutt"]},{"damage_healed":0.0,"max_hp_gain":5.0,"max_hp_loss":0.0,"gold_gain":0.0,"event_name":"Big Fish","player_choice":"Donut","floor":4.0,"gold_loss":0.0,"damage_taken":0.0},{"cards_removed":["Strike_R"],"damage_healed":0.0,"max_hp_gain":0.0,"max_hp_loss":0.0,"gold_gain":0.0,"event_name":"The Cleric","player_choice":"Card Removal","floor":5.0,"gold_loss":75.0,"damage_taken":0.0},{"damage_healed":0.0,"max_hp_gain":0.0,"max_hp_loss":0.0,"gold_gain":0.0,"event_name":"Golden Idol","player_choice":"Take Damage","floor":8.0,"gold_loss":0.0,"damage_taken":28.0,"relics_obtained":["Golden Idol"]},{"damage_healed":0.0,"max_hp_gain":0.0,"max_hp_loss":0.0,"gold_gain":0.0,"event_name":"The Library","player_choice":"Read","floor":19.0,"gold_loss":0.0,"damage_taken":0.0,"cards_obtained":["Spot Weakness"]},{"cards_removed":["Strike_R"],"damage_healed":0.0,"max_hp_gain":0.0,"max_hp_loss":0.0,"gold_gain":0.0,"event_name":"Back to Basics","player_choice":"Elegance","floor":21.0,"gold_loss":0.0,"damage_taken":0.0},{"damage_healed":0.0,"max_hp_gain":0.0,"max_hp_loss":31.0,"gold_gain":0.0,"event_name":"Vampires","player_choice":"Became a vampire","floor":22.0,"gold_loss":0.0,"damage_taken":0.0,"cards_obtained":["Bite","Bite","Bite","Bite","Bite"]},{"damage_healed":0.0,"max_hp_gain":0.0,"max_hp_loss":0.0,"gold_gain":0.0,"event_name":"Cursed Tome","player_choice":"Obtained Book","floor":30.0,"gold_loss":0.0,"damage_taken":21.0}],"is_beta":false,"boss_relics":[{"not_picked":["Fusion Hammer","Runic Cube"],"picked":"Busted Crown"}],"items_purged_floors":[25],"is_endless":false,"potions_floor_spawned":[3,13,18,27],"killed_by":"Automaton","ascension_level":16}}