{"host":"kcvncuxxsb6xpuus","time":1613053745,"event":{"mods":["BaseMod","Minty Spire (QoL Compilation)","Replay The Spire","StSLib"],"gold_per_floor":[116,116,131,142,67,67,101,101,101,133,146,172,172,185,185,284,284,301,301,301,313,313,313,342,354,380,395,395,395,412,431,431,533,533,546,561,561,572,472,500,72,72,72,72,98,113,132,143,143,143],"floor_reached":51,"language":"ZHS","playtime":2871,"items_purged":["Strike_R","Defend_R","Barricade"],"score":810,"play_id":"46fd6675-0091-4fce-bbb0-4d407def2613","local_time":"20210211222905","is_ascension_mode":true,"campfire_choices":[{"data":"Shrug It Off","floor":6,"key":"SMITH"},{"data":"Blood for Blood","floor":8,"key":"SMITH"},{"data":"Life Link","floor":13,"key":"SMITH"},{"data":"Defend_R","floor":15,"key":"PURGE"},{"data":"Demon Form","floor":23,"key":"SMITH"},{"data":"Shrug It Off","floor":28,"key":"SMITH"},{"floor":32,"key":"DIG"},{"floor":42,"key":"REST"},{"data":"Rupture","floor":44,"key":"SMITH"},{"data":"Bash","floor":49,"key":"SMITH"}],"circlet_count":0,"master_deck":["Defend_R","Bash+1","Hemogenesis","Shrug It Off+1","Pain","Pommel Strike","Blood for Blood+1","Bloodletting","Life Link+1","Shrug It Off+1","Demon Form+1","Cleave+1","Bite","Bite","Bite","Bite","Bite","Heavy Blade","ReplayTheSpireMod:Muscle Training","Decay","Rupture+1","Blood for Blood","Massacre+1","Parasite"],"relics":["Burning Blood","WarpedTongs","Red Skull","Onion Ring","Meat on the Bone","Lantern","Mark of Pain","King of Hearts","Toy Ornithopter","Ring of Fury","ReplayTheSpireMod:Ring of Challenge","Regal Pillow","Empty Cage","Centennial Puzzle","Oddly Smooth Stone","Shuriken","Replay:Bottled Snecko"],"acts_visited":["Exordium","TheCity","TheBeyond"],"potions_floor_usage":[7,10,24,33,33,45,47,50,50],"damage_taken":[{"damage":0,"enemies":"Small Slimes","floor":1,"turns":4},{"damage":5,"enemies":"Cultist","floor":3,"turns":4},{"damage":8,"enemies":"Jaw Worm","floor":4,"turns":4},{"damage":20,"enemies":"Lagavulin","floor":7,"turns":6},{"damage":13,"enemies":"3 Sentries","floor":10,"turns":6},{"damage":9,"enemies":"Looter","floor":11,"turns":4},{"damage":20,"enemies":"Lagavulin","floor":12,"turns":4},{"damage":6,"enemies":"3 Louse","floor":14,"turns":4},{"damage":33,"enemies":"Slime Boss","floor":16,"turns":9},{"damage":8,"enemies":"Spheric Guardian","floor":18,"turns":3},{"damage":5,"enemies":"Chosen","floor":21,"turns":4},{"damage":29,"enemies":"Slavers","floor":24,"turns":3},{"damage":17,"enemies":"3 Cultists","floor":25,"turns":3},{"damage":43,"enemies":"Centurion and Healer","floor":27,"turns":5},{"damage":14,"enemies":"Chosen and Byrds","floor":30,"turns":4},{"damage":3,"enemies":"Snake Plant","floor":31,"turns":2},{"damage":65,"enemies":"Automaton","floor":33,"turns":7},{"damage":14,"enemies":"3 Shapes","floor":35,"turns":5},{"damage":27,"enemies":"3 Darklings","floor":36,"turns":5},{"damage":50,"enemies":"Transient","floor":38,"turns":5},{"damage":77,"enemies":"Nemesis","floor":40,"turns":5},{"damage":17,"enemies":"R_Hoarder","floor":45,"turns":5},{"damage":28,"enemies":"4 Shapes","floor":46,"turns":5},{"damage":39,"enemies":"3 Darklings","floor":47,"turns":5},{"damage":14,"enemies":"Writhing Mass","floor":48,"turns":5},{"damage":55,"enemies":"Time Eater","floor":50,"turns":5}],"seed_played":"-8427555192186831872","potions_obtained":[{"floor":4,"key":"AttackPotion"},{"floor":7,"key":"Fire Potion"},{"floor":10,"key":"FairyPotion"},{"floor":16,"key":"AttackPotion"},{"floor":18,"key":"LifebloodPotion"},{"floor":24,"key":"BlessingOfTheForge"},{"floor":38,"key":"FairyPotion"},{"floor":40,"key":"ColorlessPotion"},{"floor":47,"key":"Dexterity Potion"},{"floor":48,"key":"SteroidPotion"}],"is_trial":false,"path_per_floor":["M","?","M","M","$","R","E","R","T","E","M","E","R","M","R","B",null,"M","?","?","M","?","R","E","M","T","M","R","?","M","M","R","B",null,"M","M","?","M","$","E","$","R","T","R","E","M","M","M","R","B",null],"character_chosen":"IRONCLAD","items_purchased":["Oddly Smooth Stone","Death Potion","Blood for Blood"],"campfire_rested":1,"item_purchase_floors":[41,41,41],"current_hp_per_floor":[80,80,80,78,78,78,64,64,64,57,54,52,52,52,52,52,80,78,56,56,56,56,56,37,44,44,41,41,41,42,56,56,25,56,50,56,56,37,37,20,20,51,51,51,54,41,50,51,51,37],"gold":143,"neow_bonus":"ONE_RANDOM_RARE_CARD","is_daily":false,"chose_seed":false,"campfire_upgraded":7,"win_rate":0.0,"timestamp":1613053745,"path_taken":["M","?","?","M","$","R","E","R","T","E","M","E","R","M","R","BOSS","M","?","?","M","?","R","E","M","T","M","R","?","M","M","R","BOSS","M","M","?","M","$","E","$","R","T","R","E","M","M","?","R","BOSS"],"items_purchased_type":["Relic","Potion","Card"],"build_version":"2020-12-22","purchased_purges":3,"victory":true,"max_hp_per_floor":[80,80,80,80,80,80,80,80,80,80,80,80,80,80,80,80,80,80,56,56,56,56,56,56,56,56,56,56,56,56,56,56,56,56,56,56,56,56,56,56,56,56,56,56,56,56,56,56,56,56],"card_choices":[{"not_picked":["Sword Boomerang","Twin Strike"],"picked":"Shrug It Off","floor":1},{"not_picked":["Entrench","Sever Soul"],"picked":"Pommel Strike","floor":3},{"not_picked":["Run Through","Uppercut"],"picked":"Blood for Blood","floor":4},{"not_picked":["Run Through","Dark Embrace"],"picked":"Bloodletting","floor":7},{"not_picked":["Whirlwind","True Grit"],"picked":"Life Link","floor":10},{"not_picked":["Bloodletting","Defy Death","Uppercut"],"picked":"SKIP","floor":11},{"not_picked":["Juggernaut","Second Wind"],"picked":"Shrug It Off","floor":12},{"not_picked":["Wild Strike","Heavy Blade","Spot Weakness"],"picked":"SKIP","floor":14},{"not_picked":["Immolate","Hemogenesis"],"picked":"Demon Form","floor":16},{"not_picked":["Run Through","Iron Wave+1"],"picked":"Cleave+1","floor":18},{"not_picked":["ReplayTheSpireMod:Strike From Hell","Pummel","Bludgeon"],"picked":"SKIP","floor":21},{"not_picked":["ReplayReversal","Wild Strike","Whirlwind"],"picked":"SKIP","floor":24},{"not_picked":["Abandon","Heavy Blade","Clash"],"picked":"SKIP","floor":25},{"not_picked":["Shrug It Off","Armaments","Spot Weakness"],"picked":"SKIP","floor":27},{"not_picked":["Anger+1","Thunderclap","Body Slam"],"picked":"SKIP","floor":30},{"not_picked":["Armaments","Clash","Twin Strike"],"picked":"SKIP","floor":31},{"not_picked":["Berserk","Impervious"],"picked":"Barricade","floor":33},{"not_picked":["Sword Boomerang+1","Dark Embrace"],"picked":"ReplayTheSpireMod:Muscle Training","floor":35},{"not_picked":["Anger+1","Warcry+1","Run Through"],"picked":"SKIP","floor":36},{"not_picked":["Warcry","Clothesline"],"picked":"Rupture","floor":38},{"not_picked":["Heavy Blade","Feel No Pain+1","Corruption"],"picked":"SKIP","floor":40},{"not_picked":["Iron Wave","Replay:Undeath\u0027s Touch","Sentinel"],"picked":"SKIP","floor":45},{"not_picked":["Metallicize","Armaments+1","Thunderclap"],"picked":"SKIP","floor":46},{"not_picked":["Perfected Strike+1","Heavy Blade"],"picked":"Massacre+1","floor":47},{"not_picked":["ReplayTheSpireMod:Limb From Limb+1","Clothesline+1","Shrug It Off+1"],"picked":"SKIP","floor":48}],"player_experience":97813,"relics_obtained":[{"floor":7,"key":"Red Skull"},{"floor":9,"key":"Onion Ring"},{"floor":10,"key":"Meat on the Bone"},{"floor":12,"key":"Lantern"},{"floor":24,"key":"King of Hearts"},{"floor":26,"key":"Toy Ornithopter"},{"floor":29,"key":"Ring of Fury"},{"floor":29,"key":"ReplayTheSpireMod:Ring of Challenge"},{"floor":32,"key":"Regal Pillow"},{"floor":40,"key":"Centennial Puzzle"},{"floor":43,"key":"Shuriken"},{"floor":45,"key":"Replay:Bottled Snecko"}],"event_choices":[{"damage_healed":0,"gold_gain":0,"player_choice":"Rummage","damage_taken":0,"relics_obtained":["WarpedTongs"],"max_hp_gain":0,"max_hp_loss":0,"event_name":"Accursed Blacksmith","floor":2,"gold_loss":0,"cards_obtained":["Pain"]},{"damage_healed":0,"gold_gain":0,"player_choice":"Became a vampire","damage_taken":0,"max_hp_gain":0,"max_hp_loss":24,"event_name":"Vampires","floor":19,"gold_loss":0,"cards_obtained":["Bite","Bite","Bite","Bite","Bite"]},{"damage_healed":0,"gold_gain":0,"player_choice":"Ignored","damage_taken":0,"max_hp_gain":0,"max_hp_loss":0,"event_name":"Ghosts","floor":20,"gold_loss":0},{"damage_healed":0,"gold_gain":0,"player_choice":"Read","damage_taken":0,"max_hp_gain":0,"max_hp_loss":0,"event_name":"The Library","floor":22,"gold_loss":0,"cards_obtained":["Heavy Blade"]},{"damage_healed":0,"gold_gain":0,"player_choice":"Cursed","damage_taken":0,"max_hp_gain":0,"max_hp_loss":0,"event_name":"Wheel of Change","floor":37,"gold_loss":0,"cards_obtained":["Decay"]}],"is_beta":false,"boss_relics":[{"not_picked":["Pandora\u0027s Box","Ring of Chaos"],"picked":"Mark of Pain"},{"not_picked":["ChewingGum","Cursed Key"],"picked":"Empty Cage"}],"items_purged_floors":[5,39,41],"is_endless":false,"potions_floor_spawned":[4,7,10,16,18,24,25,31,38,40,47,48],"ascension_level":1}}