{"host":"n9lc5i44t98l6pio","time":1613010706,"event":{"mods":["BaseMod","Curses Come First","Downfall","Minty Spire (QoL Compilation)","Replay The Spire","Say the Spire","StSLib"],"gold_per_floor":[99,112,112,60,121,141,141,170,270,302,302,202,235,57,77,175,175,140,150,35,53,53,85,108,123,135,146,46,66,66,93,103,204,204,204,222,278,295,295,72,72,89,161,173,173,202,202,202,220,220,220,220,220,220],"floor_reached":52,"language":"ENG","playtime":3494,"items_purged":["Regret","Shame"],"score":1052,"play_id":"a2d90cb2-348f-41e6-b1a7-445d60dd7658","local_time":"20210211033146","is_ascension_mode":true,"campfire_choices":[{"floor":1.0,"key":"RECALL"},{"floor":12.0,"key":"REST"},{"floor":28,"key":"REST"},{"floor":30,"key":"REST"},{"data":"champ:ShieldWall","floor":35,"key":"SMITH"},{"floor":45,"key":"REST"}],"circlet_count":0,"master_deck":["champ:Strike","champ:Strike","champ:Strike","champ:Strike","champ:Defend","champ:Defend+1","champ:Defend","champ:Execute","champ:Taunt","ReplayTheSpireMod:Faulty Equipment","champ:StrikeOfGenius","champ:DefensiveShout+1","champ:LastStand","champ:ShieldWall+1","champ:TornadoPunch","champ:EnGarde","champ:SkillfulDodge","champ:GutPunch","champ:FlashCut","champ:BringItOn","champ:ViciousMockery","champ:ShieldThrow","downfall:Icky","CommonCold","champ:GutPunch+1","champ:TornadoPunch+1","champ:SetATrap","champ:StanceDance+1","champ:IronFortress+1","champ:HoldFirm","champ:SetATrap","champ:DefensiveShout+1","champ:BringItOn","champ:Haymaker+1","champ:HeavySlash+1","champ:EnGarde","champ:SkillfulDodge","champ:RisingSlash+1","champ:DefensiveStyle","champ:Devastate+1","champ:Shatter+1","champ:TripleStrike+1","champ:FlashCut+1","champ:BringItOn","champ:AdrenalArmor+1","champ:Circumvent+1","champ:CalledShot+1","ReplayTheSpireMod:IOU","champ:EnGarde","champ:PreciseThrust+1","champ:IronFortress+1","champ:EnGarde","champ:DefensiveStyle+1","champ:FlashCut+1","champ:EnGarde","Replay:SS_forest_2","expansioncontent:YouAreMine","expansioncontent:PrepareCrush","Parasite","champ:Backstep","champ:TripleStrike+1"],"relics":["champ:ChampionCrown","Oddly Smooth Stone","Blood Vial","War Paint","Pocketwatch","Replay:Kaleidoscope","Juzu Bracelet","downfall:HeartBlessingRed","Gremlin Horn","Replay:Ancient Bell","Replay:Wax Seal","Molten Egg 2","Prayer Wheel","downfall:HeartBlessingGreen","Bronze Scales","downfall:HeartBlessingBlue","Pear","SlaversCollar","ReplayTheSpireMod:Lightbulb","Counterbalance","Ornamental Fan","Omamori","Happy Flower","Strange Spoon","Replay:Bottled Eggs","downfall:TeleportStone"],"acts_visited":["Exordium","TheCity","TheBeyond","TheEnding"],"potions_floor_usage":[33,33,40],"damage_taken":[{"damage":20.0,"enemies":"Cultist","floor":2.0,"turns":4.0},{"damage":10.0,"enemies":"downfall:FleeingMerchant","floor":4.0,"turns":4.0},{"damage":38.0,"enemies":"Gremlin Nob","floor":5.0,"turns":5.0},{"damage":10.0,"enemies":"2 Louse","floor":6.0,"turns":2.0},{"damage":16.0,"enemies":"Gremlin Nob","floor":8.0,"turns":5.0},{"damage":27.0,"enemies":"3 Sentries","floor":10.0,"turns":9.0},{"damage":46.0,"enemies":"Gremlin Nob","floor":13.0,"turns":5.0},{"damage":16.0,"enemies":"downfall:FleeingMerchant","floor":14.0,"turns":4.0},{"damage":10.0,"enemies":"Small Slimes","floor":15.0,"turns":2.0},{"damage":5.0,"enemies":"IC_STATUS_ARCHETYPE","floor":16.0,"turns":5.0},{"damage":22.0,"enemies":"Chosen","floor":19.0,"turns":3.0},{"damage":30.0,"enemies":"downfall:FleeingMerchant","floor":20.0,"turns":4.0},{"damage":19.0,"enemies":"Shell Parasite","floor":21.0,"turns":6.0},{"damage":33.0,"enemies":"Book of Stabbing","floor":23.0,"turns":5.0},{"damage":10.0,"enemies":"3 Cultists","floor":25.0,"turns":3.0},{"damage":5.0,"enemies":"Centurion and Healer","floor":26.0,"turns":4.0},{"damage":4,"enemies":"Shelled Parasite and Fungi","floor":27,"turns":5},{"damage":13,"enemies":"Snake Plant","floor":29,"turns":4},{"damage":22,"enemies":"Slavers","floor":31,"turns":4},{"damage":24,"enemies":"Chosen and Byrds","floor":32,"turns":6},{"damage":21,"enemies":"SI_MIRROR_ARCHETYPE","floor":33,"turns":7},{"damage":0,"enemies":"Orb Walker","floor":36,"turns":3},{"damage":38,"enemies":"3 Darklings","floor":38,"turns":4},{"damage":0,"enemies":"downfall:FleeingMerchant","floor":40,"turns":4},{"damage":10,"enemies":"Spire Growth","floor":42,"turns":4},{"damage":0,"enemies":"downfall:FleeingMerchant","floor":43,"turns":2},{"damage":11,"enemies":"Sphere and 2 Shapes","floor":44,"turns":4},{"damage":26,"enemies":"Nemesis","floor":46,"turns":7},{"damage":22,"enemies":"Writhing Mass","floor":49,"turns":6},{"damage":45,"enemies":"WA_ARCHETYPE_DIVINITY","floor":50,"turns":10},{"damage":123,"enemies":"downfall:CharBossMerchant","floor":52,"turns":8}],"seed_played":"8774199009298113413","potions_obtained":[{"floor":6.0,"key":"Block Potion"},{"floor":10.0,"key":"BlessingOfTheForge"},{"floor":13.0,"key":"Guardian:BlockOnCardUsePotion"},{"floor":15.0,"key":"hexamod:SoulburnPotion"},{"floor":19.0,"key":"Dexterity Potion"},{"floor":21.0,"key":"Doom Potion"},{"floor":23.0,"key":"Energy Potion"},{"floor":29,"key":"CultistPotion"},{"floor":33,"key":"hexamod:SoulburnPotion"},{"floor":37,"key":"Milkshake"},{"floor":44,"key":"Elixir"}],"is_trial":false,"path_per_floor":["R","M","?","$","?","M","T","E","?","E","?","R","E","$","M","B",null,"R","M","$","M","?","E","T","M","M","M","R","M","R","E","M","B",null,"R","M","?","M","?","$","T","M","$","M","R","E","?","?","M","B",null,"E"],"character_chosen":"THE_CHAMP","items_purchased":["champ:ShieldWall","Death Potion","Counterbalance","Omamori","champ:EnGarde","Happy Flower","Strange Spoon"],"campfire_rested":4,"item_purchase_floors":[4,14,40,43,43,43,43],"current_hp_per_floor":[90,90,83,83,65,67,67,58,58,53,53,80,46,42,44,46,90,90,78,55,43,43,22,22,24,26,24,64,53,83,73,61,42,110,110,110,110,72,72,74,74,66,68,69,102,93,83,83,73,35,110,0,0,0],"gold":220,"neow_bonus":"THREE_RARE_CARDS","is_daily":false,"chose_seed":false,"campfire_upgraded":1,"win_rate":0.0,"timestamp":1613010706,"path_taken":["R","M","?","$","?","M","T","E","?","E","?","R","E","?","M","BOSS","R","M","$","M","?","E","T","M","M","M","R","M","R","E","M","BOSS","R","M","?","M","?","?","T","M","$","M","R","E","?","?","M","BOSS","E"],"items_purchased_type":["Card","Potion","Relic","Relic","Card","Relic","Relic"],"build_version":"2020-12-22","purchased_purges":2,"victory":false,"max_hp_per_floor":[90,90,90,90,90,90,90,90,90,90,90,90,90,90,90,90,90,90,90,90,90,90,90,90,90,90,90,100,100,100,110,110,110,110,110,110,110,110,110,110,110,110,110,110,110,110,110,110,110,110,110,110,110,110],"card_choices":[{"not_picked":["champ:LastStand","champ:EnchantShield"],"picked":"champ:StrikeOfGenius","floor":0.0},{"not_picked":["champ:PreciseThrust","champ:FlashCut"],"picked":"champ:DefensiveShout","floor":2.0},{"not_picked":["champ:HeavySlash","champ:CalledShot"],"picked":"champ:LastStand","floor":4.0},{"not_picked":["champ:ShieldSigil","champ:ShieldSlam"],"picked":"champ:TornadoPunch","floor":5.0},{"not_picked":["champ:RisingSlash","champ:BladeFlurry"],"picked":"champ:EnGarde","floor":6.0},{"not_picked":["champ:CrownThrow","champ:FanOfKnives"],"picked":"champ:SkillfulDodge","floor":8.0},{"not_picked":["champ:CrownThrow","champ:BladeFlurry"],"picked":"champ:GutPunch","floor":10.0},{"not_picked":["champ:ShieldSigil","champ:GutPunch"],"picked":"champ:FlashCut","floor":13.0},{"not_picked":["champ:Circumvent","champ:Encircle"],"picked":"champ:BringItOn","floor":14.0},{"not_picked":["champ:CalledShot","champ:DefensiveStyle"],"picked":"champ:ViciousMockery","floor":15.0},{"not_picked":["champ:GladiatorForm","champ:Devastate"],"picked":"champ:ShieldThrow","floor":16.0},{"not_picked":["Parasite","Normality"],"picked":"downfall:Icky","floor":17.0},{"not_picked":["Normality","Overencumbered"],"picked":"CommonCold","floor":17.0},{"not_picked":["ReplayTheSpireMod:Restless Dread","Spreading Infection"],"picked":"Shame","floor":17.0},{"not_picked":["champ:AdrenalArmor","champ:ShieldSlam"],"picked":"champ:GutPunch+1","floor":19.0},{"not_picked":["champ:EnGarde","champ:SwordSigil"],"picked":"champ:TornadoPunch+1","floor":19.0},{"not_picked":["champ:Backstep","champ:BerserkersShout"],"picked":"champ:SetATrap","floor":20.0},{"not_picked":["champ:CrookedStrike+1","champ:ShieldSlam"],"picked":"champ:StanceDance+1","floor":21.0},{"not_picked":["champ:ArenaPreparation+1","champ:Circumvent"],"picked":"champ:IronFortress","floor":21.0},{"not_picked":["champ:ViciousMockery+1","champ:ShieldSigil"],"picked":"champ:HoldFirm","floor":23.0},{"not_picked":["champ:FocusedBerserking","champ:ShieldSigil"],"picked":"champ:SetATrap","floor":25.0},{"not_picked":["champ:FanOfKnives+1","champ:Endure"],"picked":"champ:DefensiveShout+1","floor":25.0},{"not_picked":["champ:Shatter+1","champ:PreemptiveStrike+1"],"picked":"champ:BringItOn","floor":26.0},{"not_picked":["champ:DefensiveShout","champ:Circumvent"],"picked":"champ:Haymaker+1","floor":26.0},{"not_picked":["champ:Haymaker+1","champ:BladeFlurry+1"],"picked":"champ:HeavySlash+1","floor":27},{"not_picked":["champ:Haymaker+1","champ:DeathBlow+1"],"picked":"champ:EnGarde","floor":27},{"not_picked":["champ:FanOfKnives+1","champ:FancyFootwork"],"picked":"champ:SkillfulDodge","floor":29},{"not_picked":["champ:Haymaker+1","champ:DefensiveShout"],"picked":"champ:RisingSlash+1","floor":29},{"not_picked":["champ:PreemptiveStrike+1","champ:Circumvent"],"picked":"champ:DefensiveStyle","floor":31},{"not_picked":["champ:FocusedBerserking+1","champ:Shatter+1"],"picked":"champ:Devastate+1","floor":32},{"not_picked":["champ:EnGarde","champ:BerserkerStyle+1"],"picked":"champ:Shatter+1","floor":32},{"not_picked":["champ:MurderStrike+1","champ:EnchantCrown"],"picked":"champ:TripleStrike+1","floor":33},{"not_picked":["champ:Backstep+1","champ:RageSigil+1"],"picked":"champ:FlashCut+1","floor":36},{"not_picked":["champ:StanceDance","champ:TornadoPunch+1"],"picked":"champ:BringItOn","floor":36},{"not_picked":["champ:Shatter+1","champ:StanceDance+1"],"picked":"champ:AdrenalArmor+1","floor":37},{"not_picked":["champ:HeartStrike+1","champ:StanceDance"],"picked":"champ:Circumvent+1","floor":38},{"not_picked":["champ:BladeFlurry+1","champ:FalseCounter","champ:ShieldSigil"],"picked":"SKIP","floor":38},{"not_picked":["champ:IgnorePain","champ:ViciousMockery"],"picked":"champ:CalledShot+1","floor":40},{"not_picked":["champ:CrookedStrike+1","champ:PerfectedStrike+1"],"picked":"champ:EnGarde","floor":42},{"not_picked":["champ:ArenaPreparation","champ:AdrenalArmor"],"picked":"champ:PreciseThrust+1","floor":42},{"not_picked":["champ:SwordSigil","champ:GutPunch+1"],"picked":"champ:IronFortress","floor":43},{"not_picked":["champ:DeathBlow+1","champ:AdrenalArmor"],"picked":"champ:DefensiveStyle+1","floor":44},{"not_picked":["champ:RecklessLeap+1","champ:ShieldSlam"],"picked":"champ:FlashCut+1","floor":44},{"not_picked":["champ:CrookedStrike+1","champ:Backstep+1"],"picked":"champ:EnGarde","floor":46},{"not_picked":["Replay:SS_hec_1","expansioncontent:PrepareCrush"],"picked":"Replay:SS_forest_2","floor":47},{"not_picked":["expansioncontent:Chronoboost","expansioncontent:GuardianWhirl"],"picked":"expansioncontent:YouAreMine","floor":47},{"not_picked":["expansioncontent:Hexaburn","expansioncontent:YouAreMine"],"picked":"expansioncontent:PrepareCrush","floor":47},{"not_picked":["champ:ShieldSigil+1","champ:FanOfKnives+1"],"picked":"champ:Backstep","floor":49},{"not_picked":["champ:Circumvent+1","champ:ShieldSigil+1"],"picked":"champ:TripleStrike+1","floor":49}],"player_experience":264424,"relics_obtained":[{"floor":5.0,"key":"Blood Vial"},{"floor":7.0,"key":"War Paint"},{"floor":8.0,"key":"Pocketwatch"},{"floor":10.0,"key":"Replay:Kaleidoscope"},{"floor":13.0,"key":"Gremlin Horn"},{"floor":23.0,"key":"Bronze Scales"},{"floor":31,"key":"Pear"},{"floor":37,"key":"ReplayTheSpireMod:Lightbulb"},{"floor":41,"key":"Ornamental Fan"},{"floor":46,"key":"Replay:Bottled Eggs"}],"event_choices":[{"damage_healed":0.0,"max_hp_gain":0.0,"max_hp_loss":0.0,"gold_gain":0.0,"event_name":"Scrap Ooze","player_choice":"Success","floor":3.0,"gold_loss":0.0,"damage_taken":7.0,"relics_obtained":["Oddly Smooth Stone"]},{"damage_healed":0.0,"max_hp_gain":0.0,"max_hp_loss":0.0,"gold_gain":0.0,"event_name":"Big Fish","player_choice":"Box","floor":11.0,"gold_loss":0.0,"damage_taken":0.0,"relics_obtained":["Juzu Bracelet"],"cards_obtained":["Regret"]},{"cards_removed":["champ:Defend"],"damage_healed":0,"gold_gain":0,"player_choice":"Removed Skill","damage_taken":0,"max_hp_gain":0,"max_hp_loss":0,"event_name":"Falling","floor":39,"gold_loss":0}],"is_beta":false,"boss_relics":[{"not_picked":["Painkiller Herb","SacredBark"],"picked":"Replay:Ancient Bell"},{"not_picked":["Bag of Preparation","Potion Belt"],"picked":"Replay:Wax Seal"},{"not_picked":["Iron Hammer","Meat on the Bone"],"picked":"Molten Egg 2"},{"not_picked":["Replay:Towering Pillar of Hats","Thread and Needle"],"picked":"Prayer Wheel"},{"not_picked":["Runic Dome","Velvet Choker"],"picked":"SlaversCollar"}],"items_purged_floors":[14,20],"is_endless":false,"potions_floor_spawned":[6,10,13,15,19,21,23,29,32,33,38,44],"killed_by":"downfall:CharBossMerchant","ascension_level":1}}