{"host":"9b7hrp48q3pna783","time":1613063618,"event":{"mods":["BaseMod","Colored Map","Colored Powertips","Highlight Path","Minty Spire (QoL Compilation)","Relic Stats"],"gold_per_floor":[110,125,57,57,57,92,92,122,173,183,209,209,220,320,320,320,320],"floor_reached":16,"language":"ENG","playtime":2741,"items_purged":[],"score":164,"play_id":"f2e3acb0-6206-4cd4-bde9-22ffb63645c8","local_time":"20210211121338","is_ascension_mode":true,"campfire_choices":[{"data":"Survivor","floor":7,"key":"SMITH"},{"floor":12,"key":"REST"},{"data":"Cloak And Dagger","floor":15,"key":"SMITH"}],"circlet_count":0,"master_deck":["Strike_G","Strike_G","Strike_G+1","Strike_G","Strike_G","Defend_G","Defend_G","Defend_G+1","Defend_G","Defend_G","Survivor+1","Neutralize","Cloak And Dagger+1","Slice","Escape Plan","Dagger Throw","Accuracy","Backflip","Blur"],"relics":["Ring of the Snake","NeowsBlessing","Potion Belt","CaptainsWheel","Bag of Preparation"],"acts_visited":["Exordium"],"potions_floor_usage":[8,16],"damage_taken":[{"damage":0,"enemies":"Jaw Worm","floor":1,"turns":1},{"damage":0,"enemies":"Cultist","floor":2,"turns":1},{"damage":0,"enemies":"3 Sentries","floor":6,"turns":1},{"damage":30,"enemies":"Lagavulin","floor":8,"turns":7},{"damage":0,"enemies":"Small Slimes","floor":10,"turns":3},{"damage":52,"enemies":"Gremlin Nob","floor":11,"turns":6},{"damage":0,"enemies":"Looter","floor":13,"turns":4},{"damage":44,"enemies":"Hexaghost","floor":16,"turns":14}],"seed_played":"-1139333868524491597","potions_obtained":[{"floor":1,"key":"SteroidPotion"},{"floor":10,"key":"FairyPotion"},{"floor":13,"key":"SpeedPotion"}],"is_trial":false,"path_per_floor":["M","M","$","?","$","E","R","E","T","M","E","R","M","?","R","B"],"character_chosen":"THE_SILENT","items_purchased":["Escape Plan"],"campfire_rested":1,"item_purchase_floors":[3],"current_hp_per_floor":[70,70,70,56,56,56,56,26,26,26,21,42,42,42,42,0,0],"gold":320,"neow_bonus":"THREE_ENEMY_KILL","is_daily":false,"chose_seed":false,"campfire_upgraded":2,"win_rate":0.0,"timestamp":1613063618,"path_taken":["M","M","$","?","$","E","R","E","T","M","E","R","M","?","R","BOSS"],"items_purchased_type":["Card"],"build_version":"2020-12-22","purchased_purges":0,"victory":false,"max_hp_per_floor":[70,70,70,70,70,70,70,70,70,70,70,70,70,70,70,70,70],"relic_stats":{"counters":[8,37],"Bag of Preparation":[4],"obtain_stats":[{"Potion Belt":6,"CaptainsWheel":8,"NeowsBlessing":0,"Bag of Preparation":11,"Ring of the Snake":0},{"Potion Belt":3,"CaptainsWheel":4,"NeowsBlessing":0,"Bag of Preparation":6,"Ring of the Snake":0},{"Potion Belt":3,"CaptainsWheel":10,"NeowsBlessing":0,"Bag of Preparation":19,"Ring of the Snake":0}],"Ring of the Snake":[16]},"card_choices":[{"not_picked":["Masterful Stab","Outmaneuver"],"picked":"Cloak And Dagger","floor":1},{"not_picked":["Distraction","Bane"],"picked":"Slice","floor":2},{"not_picked":["Backflip","Dash"],"picked":"Dagger Throw","floor":6},{"not_picked":["Flechettes","Flying Knee"],"picked":"Accuracy","floor":8},{"not_picked":["Quick Slash","Deflect"],"picked":"Backflip","floor":10},{"not_picked":["Flying Knee","Heel Hook","Caltrops"],"picked":"SKIP","floor":11},{"not_picked":["Flying Knee","PiercingWail"],"picked":"Blur","floor":13}],"player_experience":149025,"relics_obtained":[{"floor":6,"key":"Potion Belt"},{"floor":8,"key":"CaptainsWheel"},{"floor":11,"key":"Bag of Preparation"}],"event_choices":[{"damage_healed":0,"gold_gain":0,"player_choice":"Entered Light","damage_taken":14,"max_hp_gain":0,"max_hp_loss":0,"event_name":"Shining Light","floor":4,"gold_loss":0,"cards_upgraded":["Defend_G","Strike_G"]},{"damage_healed":0,"gold_gain":100,"player_choice":"Pray","damage_taken":0,"max_hp_gain":0,"max_hp_loss":0,"event_name":"Golden Shrine","floor":14,"gold_loss":0}],"is_beta":false,"boss_relics":[],"items_purged_floors":[],"is_endless":false,"potions_floor_spawned":[1,10,13],"killed_by":"Hexaghost","ascension_level":3}}