{"host":"f5gffvlv6a66yqkd","time":1613056453,"event":{"mods":["2.2 Compatiblity","BaseMod","Colored Map","Custom Start","DeckTracker","Keyboard Shortcuts","Minty Spire (QoL Compilation)","Permanent Neow","Quick Restart","Relic Stats","StSLib","SuperFastMode"],"gold_per_floor":[119,119,69,81,98,98,127,127,203,236,236,45,56,70,70,171,171,188,287,30,30,42,69,69,87,140,159,190,140,159,173,173,273,273,286,286,286,301,180,210,210,8,8,25,60,73,98,112,112,112,112,112,62,93,93],"floor_reached":56,"language":"KOR","playtime":1635,"items_purged":["Strike_P","Strike_P","Defend_P","Defend_P","CarveReality+1"],"score":1771,"play_id":"74af2d30-41c6-427a-b5b9-d7352875a8ae","local_time":"20210212001413","is_ascension_mode":true,"campfire_choices":[{"data":"Eruption","floor":6.0,"key":"SMITH"},{"data":"Wallop","floor":8.0,"key":"SMITH"},{"data":"FlurryOfBlows","floor":15.0,"key":"SMITH"},{"data":"Scrawl","floor":24.0,"key":"SMITH"},{"data":"Adaptation","floor":32,"key":"SMITH"},{"data":"Adaptation","floor":41,"key":"SMITH"},{"floor":49,"key":"RECALL"},{"data":"CutThroughFate","floor":52,"key":"SMITH"}],"circlet_count":0,"master_deck":["Eruption+1","Vigilance","ThirdEye","Wallop+1","CutThroughFate+1","InnerPeace","FlurryOfBlows+1","Scrawl+1","Adaptation+1","TalkToTheHand+1","Adaptation+1","FearNoEvil","Adaptation+1"],"relics":["HolyWater","Potion Belt","White Beast Statue","Lantern","Bag of Preparation","Runic Pyramid","Medical Kit","CloakClasp","Smiling Mask","Bronze Scales","Whetstone","ClockworkSouvenir","Shuriken","Bottled Lightning","Vajra"],"acts_visited":["Exordium","TheCity","TheBeyond","TheEnding"],"potions_floor_usage":[55,55,55,55,55,55,55,55],"damage_taken":[{"damage":0.0,"enemies":"Cultist","floor":1.0,"turns":2.0},{"damage":0.0,"enemies":"2 Louse","floor":4.0,"turns":2.0},{"damage":0.0,"enemies":"Small Slimes","floor":5.0,"turns":2.0},{"damage":0.0,"enemies":"Gremlin Nob","floor":7.0,"turns":2.0},{"damage":36.0,"enemies":"Lagavulin","floor":10.0,"turns":3.0},{"damage":0.0,"enemies":"Blue Slaver","floor":13.0,"turns":2.0},{"damage":0.0,"enemies":"3 Louse","floor":14.0,"turns":1.0},{"damage":0.0,"enemies":"Slime Boss","floor":16.0,"turns":4.0},{"damage":8.0,"enemies":"3 Byrds","floor":18.0,"turns":3.0},{"damage":0.0,"enemies":"Spheric Guardian","floor":22.0,"turns":1.0},{"damage":0.0,"enemies":"Book of Stabbing","floor":23.0,"turns":3.0},{"damage":0.0,"enemies":"Snake Plant","floor":25.0,"turns":3.0},{"damage":0.0,"enemies":"Centurion and Healer","floor":27.0,"turns":3.0},{"damage":3.0,"enemies":"Slavers","floor":28.0,"turns":3.0},{"damage":0.0,"enemies":"3 Cultists","floor":30.0,"turns":1.0},{"damage":0,"enemies":"Chosen and Byrds","floor":31,"turns":1},{"damage":0,"enemies":"Automaton","floor":33,"turns":2},{"damage":0,"enemies":"3 Shapes","floor":35,"turns":1},{"damage":0,"enemies":"Orb Walker","floor":38,"turns":1},{"damage":0,"enemies":"Nemesis","floor":40,"turns":3},{"damage":0,"enemies":"Sphere and 2 Shapes","floor":44,"turns":1},{"damage":0,"enemies":"Reptomancer","floor":45,"turns":1},{"damage":0,"enemies":"Spire Growth","floor":46,"turns":1},{"damage":0,"enemies":"Giant Head","floor":47,"turns":2},{"damage":0,"enemies":"3 Darklings","floor":48,"turns":1},{"damage":0,"enemies":"Donu and Deca","floor":50,"turns":1},{"damage":0,"enemies":"Shield and Spear","floor":54,"turns":1},{"damage":0,"enemies":"The Heart","floor":55,"turns":3}],"seed_played":"6812463380858069269","potions_obtained":[{"floor":7.0,"key":"EssenceOfSteel"},{"floor":10.0,"key":"SmokeBomb"},{"floor":13.0,"key":"Regen Potion"},{"floor":14.0,"key":"SmokeBomb"},{"floor":16.0,"key":"FearPotion"},{"floor":18.0,"key":"DuplicationPotion"},{"floor":22.0,"key":"ColorlessPotion"},{"floor":23.0,"key":"EntropicBrew"},{"floor":25.0,"key":"LiquidBronze"},{"floor":28.0,"key":"DistilledChaos"},{"floor":31,"key":"Strength Potion"},{"floor":38,"key":"Regen Potion"},{"floor":45,"key":"Energy Potion"},{"floor":46,"key":"Weak Potion"},{"floor":54,"key":"DuplicationPotion"}],"is_trial":false,"path_per_floor":["M","?","?","M","M","R","E","R","T","E","?","$","M","M","R","B",null,"M","?","$","?","M","E","R","M","T","M","E","$","M","M","R","B",null,"M","?","?","M","$","E","R","$","T","M","E","M","E","M","R","B",null,"R","$","E","B",null],"character_chosen":"WATCHER","items_purchased":["InnerPeace","Bag of Preparation","Medical Kit","Adaptation","FearNoEvil","ClockworkSouvenir"],"campfire_rested":0,"item_purchase_floors":[12,12,20,20,39,42],"current_hp_per_floor":[51,51,51,51,51,51,51,51,51,15,8,8,8,8,8,20,72,64,64,64,64,64,64,64,64,64,64,61,61,61,61,61,61,72,72,72,68,68,68,68,68,68,68,68,68,68,68,68,68,68,68,68,68,68,68],"gold":93,"neow_bonus":"TRANSFORM_TWO_CARDS","is_daily":false,"chose_seed":false,"campfire_upgraded":7,"win_rate":0.0,"timestamp":1613056453,"path_taken":["M","?","?","M","M","R","E","R","T","E","?","$","M","M","R","BOSS","M","?","$","?","M","E","R","M","T","M","E","$","M","M","R","BOSS","M","?","?","M","$","E","R","$","T","M","E","M","E","M","R","BOSS","R","$","E","BOSS"],"items_purchased_type":["Card","Relic","Relic","Card","Card","Relic"],"build_version":"2020-12-22","purchased_purges":5,"victory":true,"max_hp_per_floor":[72,72,72,72,72,72,72,72,72,72,72,72,72,72,72,72,72,72,72,72,72,72,72,72,72,72,72,72,72,72,72,72,72,72,72,72,68,68,68,68,68,68,68,68,68,68,68,68,68,68,68,68,68,68,68],"relic_stats":{"counters":[28,54],"Shuriken":[48],"Bronze Scales":[41],"Bag of Preparation":[46],"CloakClasp":[72],"Whetstone":["CarveReality","TalkToTheHand"],"Medical Kit":[8],"Smiling Mask":350,"obtain_stats":[{"Potion Belt":7,"Lantern":10,"Vajra":54,"Bag of Preparation":12,"CloakClasp":23,"Whetstone":40,"Medical Kit":20,"Smiling Mask":26,"White Beast Statue":9,"ClockworkSouvenir":42,"Shuriken":45,"Bronze Scales":28,"HolyWater":34,"Bottled Lightning":47,"PureWater":0,"Runic Pyramid":17},{"Potion Belt":4,"Lantern":5,"Vajra":27,"Bag of Preparation":5,"CloakClasp":11,"Whetstone":20,"Medical Kit":9,"Smiling Mask":12,"White Beast Statue":4,"ClockworkSouvenir":20,"Shuriken":22,"Bronze Scales":14,"HolyWater":17,"Bottled Lightning":24,"PureWater":0,"Runic Pyramid":8},{"Potion Belt":8,"Lantern":11,"Vajra":51,"Bag of Preparation":11,"CloakClasp":25,"Whetstone":43,"Medical Kit":21,"Smiling Mask":28,"White Beast Statue":8,"ClockworkSouvenir":43,"Shuriken":45,"Bronze Scales":34,"HolyWater":38,"Bottled Lightning":48,"PureWater":0,"Runic Pyramid":18}]},"card_choices":[{"not_picked":["Evaluate","JustLucky","FlyingSleeves"],"picked":"SKIP","floor":1.0},{"not_picked":["LikeWater","Prostrate","JustLucky"],"picked":"SKIP","floor":4.0},{"not_picked":["Worship","JustLucky","Pray"],"picked":"SKIP","floor":5.0},{"not_picked":["Protect","TalkToTheHand"],"picked":"Wallop","floor":7.0},{"not_picked":["Perseverance","Protect"],"picked":"CutThroughFate","floor":10.0},{"not_picked":["Protect","ClearTheMind","Prostrate"],"picked":"SKIP","floor":13.0},{"not_picked":["BowlingBash","JustLucky"],"picked":"FlurryOfBlows","floor":14.0},{"not_picked":["SpiritShield","Brilliance"],"picked":"Scrawl","floor":16.0},{"not_picked":["SignatureMove","CrushJoints","ThirdEye+1"],"picked":"SKIP","floor":18.0},{"not_picked":["ThirdEye+1","SashWhip"],"picked":"Adaptation+1","floor":22.0},{"not_picked":["ThirdEye","FollowUp"],"picked":"TalkToTheHand","floor":23.0},{"not_picked":["Perseverance+1","Study","BowlingBash+1"],"picked":"SKIP","floor":25.0},{"not_picked":["InnerPeace+1","Crescendo","FlurryOfBlows+1"],"picked":"SKIP","floor":27.0},{"not_picked":["Blasphemy","Sanctity","PathToVictory"],"picked":"SKIP","floor":28.0},{"not_picked":["BowlingBash","CrushJoints+1","Halt"],"picked":"SKIP","floor":30.0},{"not_picked":["FlyingSleeves+1","Perseverance","FlurryOfBlows"],"picked":"SKIP","floor":31},{"not_picked":["CrushJoints","PathToVictory+1","SignatureMove+1"],"picked":"SKIP","floor":35},{"not_picked":["FollowUp","SashWhip"],"picked":"Adaptation","floor":38},{"not_picked":["PathToVictory+1","Collect+1"],"picked":"Adaptation+1","floor":40},{"not_picked":["CrushJoints+1","BowlingBash+1","Study"],"picked":"SKIP","floor":44},{"not_picked":["Sanctity","Alpha","LikeWater"],"picked":"SKIP","floor":45},{"not_picked":["Sanctity","Alpha","LikeWater"],"picked":"SKIP","floor":45},{"not_picked":["FlurryOfBlows+1","ClearTheMind+1","SignatureMove"],"picked":"SKIP","floor":46},{"not_picked":["Halt+1","FlyingSleeves+1","Nirvana"],"picked":"SKIP","floor":47},{"not_picked":["SashWhip+1","EmptyFist","CrushJoints+1"],"picked":"SKIP","floor":48},{"not_picked":["FlyingSleeves+1","EmptyMind+1","Consecrate"],"picked":"SKIP","floor":54}],"player_experience":1456518,"relics_obtained":[{"floor":7.0,"key":"Potion Belt"},{"floor":9.0,"key":"White Beast Statue"},{"floor":10.0,"key":"Lantern"},{"floor":23.0,"key":"CloakClasp"},{"floor":26.0,"key":"Smiling Mask"},{"floor":28.0,"key":"Bronze Scales"},{"floor":40,"key":"Whetstone"},{"floor":45,"key":"Shuriken"},{"floor":47,"key":"Bottled Lightning"},{"floor":54,"key":"Vajra"}],"event_choices":[{"damage_healed":0.0,"max_hp_gain":0.0,"max_hp_loss":0.0,"gold_gain":0.0,"event_name":"Liars Game","player_choice":"Ignored","floor":2.0,"gold_loss":0.0,"damage_taken":0.0},{"cards_removed":["Strike_P"],"damage_healed":0.0,"max_hp_gain":0.0,"max_hp_loss":0.0,"gold_gain":0.0,"event_name":"The Cleric","player_choice":"Card Removal","floor":3.0,"gold_loss":50.0,"damage_taken":0.0},{"cards_removed":["Strike_P"],"damage_healed":0.0,"max_hp_gain":0.0,"max_hp_loss":0.0,"gold_gain":0.0,"event_name":"Golden Wing","player_choice":"Card Removal","floor":11.0,"gold_loss":0.0,"damage_taken":7.0},{"damage_healed":0.0,"max_hp_gain":0.0,"max_hp_loss":0.0,"gold_gain":99.0,"event_name":"Nest","player_choice":"Stole From Cult","floor":19.0,"gold_loss":0.0,"damage_taken":0.0},{"cards_removed":["Adaptation"],"damage_healed":0,"gold_gain":0,"player_choice":"Removed Power","damage_taken":0,"max_hp_gain":0,"max_hp_loss":0,"event_name":"Falling","floor":36,"gold_loss":0},{"damage_healed":0,"gold_gain":0,"player_choice":"Max HP","damage_taken":0,"max_hp_gain":0,"max_hp_loss":4,"event_name":"Winding Halls","floor":37,"gold_loss":0}],"is_beta":false,"boss_relics":[{"not_picked":["Cursed Key","Astrolabe"],"picked":"Runic Pyramid"},{"not_picked":["Fusion Hammer","Philosopher\u0027s Stone"],"picked":"HolyWater"}],"items_purged_floors":[20,29,39,42,53],"is_endless":false,"potions_floor_spawned":[7,10,13,14,16,18,22,23,25,27,28,30,31,33,35,38,40,44,45,46,47,48,54],"ascension_level":2}}