{"host":"17xjy7b7ubl548g2","time":1613018780,"event":{"mods":["2.2 Compatiblity","Act Like it!","Aspiration","Astrologer","Bard","BaseMod","Challenge The Spire","ChefMod","Colored Map","Colored Powertips","Conspire","Elementarium","Energized Spire","Gensokyo","GifTheSpireLib","Halation","Hallownest","Hermit","Hubris","Infinite Spire","Jedi Mod","Jorbs\u0027s Wanderer Trilogy","Marisa（霧雨　魔理沙）","Marked Mod","Menagerie","Minty Spire (QoL Compilation)","Permanent Neow","Reliquary","Replay The Spire","Robot Space Explorer","Spicy Shops","Spire Arcade","StSLib","Stuff the Spire","The Blue Laboratory","The Bug Knight","The Construct","The Disciple","The Hayseed","The Hierophant","The Marked","The Runesmith","The Sage","TheFirefly"],"gold_per_floor":[115,115,115,132,150,150,150,150,166,193,247,247,5,40,40,66,66,166,166,179,179,195,208,208,236,236,261,284,284,302,302,314,334,334,433,433,433,433],"floor_reached":37,"language":"ENG","playtime":2948,"items_purged":[],"score":659,"play_id":"020b2250-3470-49f3-ad98-8b4ca6f62fa8","local_time":"20210210234620","is_ascension_mode":true,"campfire_choices":[{"data":"Runesmith:CraftFirestone","floor":6,"key":"SMITH"},{"data":"Runesmith:FrozenChisel","floor":12,"key":"SMITH"},{"data":"Runesmith:EnergizedChisel","floor":15,"key":"SMITH"},{"data":"Runesmith:Reinforce","floor":17,"key":"SMITH"},{"data":"Runesmith:GenerateForcefield","floor":26,"key":"SMITH"},{"floor":29,"key":"REST"},{"data":"Runesmith:Fortify","floor":31,"key":"SMITH"},{"data":"infinitespire:Punishment","floor":34,"key":"SMITH"}],"circlet_count":0,"master_deck":["AscendersBane","Runesmith:Strike_RS+1","Runesmith:Strike_RS","Runesmith:Strike_RS","Runesmith:Strike_RS","Runesmith:Defend_RS","Runesmith:Defend_RS","Runesmith:Defend_RS","Runesmith:Defend_RS","Runesmith:CraftFirestone+1","Runesmith:Fortify+1","Runesmith:FrozenChisel+1","Runesmith:EarthShield","Runesmith:Reinforce+1","Runesmith:EnergizedChisel+1","Runesmith:CraftMedicinae","Runesmith:GoWithTheFlow","Runesmith:HammerThrow","Runesmith:Firewall","Runesmith:FissionHammer","Runesmith:CraftMagma","Runesmith:FrozenChisel+1","Runesmith:CraftMagma","infinitespire:Punishment+1","Runesmith:GenerateForcefield+1","Runesmith:BackupBattery","Runesmith:Grindstone","Runesmith:CraftProtectio","Runesmith:MetallurgicalResearch"],"relics":["Runesmith:BrokenRuby","Replay:WaspNest","infinitespire:WardingShard","Regal Pillow","aspiration:SeaSaltIceCream","infinitespire:Cupcake","Bronze Scales","Vajra","energizedSpire:NeverEndingSparkler","Snack Pack","halation:AfternoonTea","Nunchaku","Elementarium:ElementariumTrophy","SlaversCollar"],"acts_visited":["Exordium","Menagerie:Menagerie","TheBeyond"],"potions_floor_usage":[19,22,27,35,37],"damage_taken":[{"damage":1,"enemies":"Menagerie:StygianBoar","floor":1,"turns":3},{"damage":0,"enemies":"Menagerie:MonstrousExperiment","floor":4,"turns":4},{"damage":0,"enemies":"Menagerie:WhisperingWraith","floor":5,"turns":3},{"damage":3,"enemies":"Menagerie:RedMage","floor":9,"turns":5},{"damage":6,"enemies":"Menagerie:Hydra","floor":10,"turns":4},{"damage":8,"enemies":"Menagerie:VoidReaper","floor":14,"turns":3},{"damage":8,"enemies":"Menagerie:MaskedSummoner","floor":16,"turns":8},{"damage":8,"enemies":"Menagerie:Chimera","floor":18,"turns":7},{"damage":0,"enemies":"Elementarium:2_ELEMENTALS","floor":20,"turns":3},{"damage":0,"enemies":"Elementarium:VoidCorruption","floor":22,"turns":4},{"damage":9,"enemies":"Elementarium:VoidBeast","floor":23,"turns":4},{"damage":0,"enemies":"Elementarium:ElementalPortal","floor":25,"turns":6},{"damage":6,"enemies":"Elementarium:FIRE_NOBILITY","floor":27,"turns":6},{"damage":4,"enemies":"Elementarium:STONE_GOLEMS","floor":30,"turns":3},{"damage":16,"enemies":"Elementarium:VOID_CORRUPTION_AND_TAR_GOLEM","floor":32,"turns":6},{"damage":12,"enemies":"Elementarium:Hydrostalker","floor":33,"turns":2},{"damage":21,"enemies":"Elementarium:GoldenDragon","floor":35,"turns":8},{"damage":23,"enemies":"3 Darklings","floor":37,"turns":3}],"seed_played":"3445056007288454941","potions_obtained":[{"floor":9,"key":"jedi:mysterypotion"},{"floor":14,"key":"SmokeBomb"},{"floor":16,"key":"blueLaboratory:BottledHope"},{"floor":20,"key":"blueLaboratory:StoneskinPotion"},{"floor":27,"key":"Energy Potion"},{"floor":30,"key":"blueLaboratory:PyrophylliteBrew"},{"floor":35,"key":"Weak Potion"}],"is_trial":false,"path_per_floor":["M","T","?","M","M","R","PTL","PTL","M","E","T","R","$","E","R","E","R","B",null,"M","?","M","M","?","E","R","E","T","R","M","R","M","M","R","B",null,"M"],"character_chosen":"RUNESMITH_CLASS","items_purchased":["aspiration:SeaSaltIceCream"],"campfire_rested":1,"item_purchase_floors":[13],"current_hp_per_floor":[62,62,57,57,57,57,57,57,54,48,48,48,48,40,40,34,34,28,60,60,48,48,39,20,23,23,22,22,59,69,69,55,45,45,29,64,43,43],"gold":433,"neow_bonus":"THREE_CARDS","is_daily":false,"chose_seed":false,"campfire_upgraded":7,"win_rate":0.0,"timestamp":1613018780,"path_taken":["M","?","?","M","M","R","PTL","PTL","?","E","T","R","$","E","R","E","R","BOSS","?","?","?","M","?","E","R","E","T","R","M","R","M","M","R","BOSS","M"],"items_purchased_type":["Relic"],"build_version":"2020-12-22","purchased_purges":0,"victory":false,"max_hp_per_floor":[70,70,70,70,70,70,70,70,70,70,70,70,70,70,70,70,70,70,70,70,75,75,75,75,75,75,75,75,75,75,75,75,75,75,75,75,75,75],"card_choices":[{"not_picked":["Runesmith:Superposition","Runesmith:HammerThrow"],"picked":"Runesmith:FrozenChisel","floor":0},{"not_picked":["Runesmith:HammerAndChisel","Runesmith:Repurpose"],"picked":"Runesmith:EarthShield","floor":1},{"not_picked":["Runesmith:ChiselStab","Runesmith:HeatExchange"],"picked":"Runesmith:Reinforce","floor":4},{"not_picked":["Runesmith:Discharge","Runesmith:HeatExchange"],"picked":"Runesmith:EnergizedChisel","floor":5},{"not_picked":["Runesmith:ShiftingStrike","Runesmith:MakeshiftArmor"],"picked":"Runesmith:CraftMedicinae","floor":9},{"not_picked":["Runesmith:FrozenChisel","Runesmith:Supernova"],"picked":"Runesmith:GoWithTheFlow","floor":10},{"not_picked":["Runesmith:DoubleUp","aspiration:UnbridledHammer"],"picked":"Runesmith:HammerThrow","floor":14},{"not_picked":["Runesmith:Refine","Runesmith:HeatedChisel"],"picked":"Runesmith:Firewall","floor":16},{"not_picked":["Runesmith:LightningRod","Runesmith:CreatorForm"],"picked":"Runesmith:FissionHammer","floor":18},{"not_picked":["Runesmith:ChiselStab","Runesmith:Overpower"],"picked":"Runesmith:CraftMagma","floor":20},{"not_picked":["Runesmith:CraftObretio","Runesmith:UnstableHammer"],"picked":"Runesmith:FrozenChisel+1","floor":22},{"not_picked":["Runesmith:MakeshiftArmor+1","Runesmith:Discharge"],"picked":"Runesmith:CraftMagma","floor":23},{"not_picked":["ReplayTheSpireMod:Black Plague","Replay:Fractal Strike"],"picked":"infinitespire:Punishment","floor":24},{"not_picked":["Runesmith:HeatedChisel","Runesmith:StaticCage"],"picked":"Runesmith:GenerateForcefield","floor":25},{"not_picked":["Runesmith:PoweredAnvil","Runesmith:Repurpose"],"picked":"Runesmith:BackupBattery","floor":27},{"not_picked":["Runesmith:UnstableHammer","Runesmith:ShiftingStrike"],"picked":"Runesmith:Grindstone","floor":30},{"not_picked":["Runesmith:CraftVitae","Runesmith:LastStand"],"picked":"Runesmith:CraftProtectio","floor":32},{"not_picked":["Runesmith:ShiftingStrike","Runesmith:BackupBattery","Runesmith:StaticCage"],"picked":"SKIP","floor":33},{"not_picked":["Runesmith:CraftMedicinae","Runesmith:FissionHammer"],"picked":"Runesmith:MetallurgicalResearch","floor":35}],"player_experience":2139133,"relics_obtained":[{"floor":2,"key":"Replay:WaspNest"},{"floor":10,"key":"infinitespire:WardingShard"},{"floor":11,"key":"Regal Pillow"},{"floor":14,"key":"Bronze Scales"},{"floor":16,"key":"Vajra"},{"floor":25,"key":"Snack Pack"},{"floor":27,"key":"halation:AfternoonTea"},{"floor":28,"key":"Nunchaku"}],"event_choices":[{"damage_healed":0,"gold_gain":0,"player_choice":"Accept","damage_taken":0,"max_hp_gain":0,"max_hp_loss":5,"event_name":"Menagerie:HarrowingRitual","floor":3,"gold_loss":0,"cards_upgraded":["Runesmith:Strike_RS"]},{"damage_healed":0,"gold_gain":0,"player_choice":"Sacrifice","damage_taken":17,"max_hp_gain":5,"max_hp_loss":0,"event_name":"Elementarium:RadiantAltar","floor":21,"gold_loss":0}],"is_beta":false,"boss_relics":[{"not_picked":["jedi:paperlyon","Painkiller Herb"],"picked":"energizedSpire:NeverEndingSparkler"},{"not_picked":["reliquary:RedPaperclip","aspiration:RunicSpoon"],"picked":"SlaversCollar"}],"items_purged_floors":[],"is_endless":false,"potions_floor_spawned":[9,14,16,18,20,27,30,32,35],"killed_by":"3 Darklings","ascension_level":11}}