{"host":"4pckc3u5mqcilakq","time":1613080287,"event":{"mods":["AchievementEnabler","BaseMod","Bestiary","Colored Map","Colored Powertips","Highlight Path","Minty Spire (QoL Compilation)","Quick Restart","Relic Stats"],"gold_per_floor":[111,111,127,127,127,157,157,184,208,234,254,284,284,319,319,421,421,421,421,421,421,421,421,421,421,421,421,34,34,34,34,34,34,34,34,0,0,0,0,0,0,0,0,0,0,0,0,0,0,0,0,0,0,0,0],"floor_reached":54,"language":"ENG","playtime":2914,"items_purged":["Defend_B"],"score":1178,"play_id":"0530416a-373d-4bf8-ab3a-8c2d194fbab8","local_time":"20210212005127","is_ascension_mode":true,"campfire_choices":[{"data":"Barrage","floor":7,"key":"SMITH"},{"data":"Chaos","floor":13,"key":"SMITH"},{"data":"Loop","floor":15,"key":"SMITH"},{"data":"Defragment","floor":24,"key":"SMITH"},{"data":"Seek","floor":32,"key":"SMITH"},{"floor":41,"key":"RECALL"},{"data":"Loop","floor":47,"key":"SMITH"},{"floor":49,"key":"REST"},{"floor":52,"key":"REST"}],"circlet_count":0,"master_deck":["Strike_B+1","Strike_B+1","Strike_B+1","Defend_B+1","Defend_B+1","Defend_B+1","Zap+1","Dualcast+1","Compile Driver+1","Barrage+1","Seek+1","Chaos+1","Core Surge+1","Cold Snap+1","Leap+1","Loop+1","Echo Form+1","Chaos+1","Defragment+1","Hologram+1","Conserve Battery+1","Conserve Battery+1","Seek+1","Capacitor+1","Lockon+1","Biased Cognition+1","White Noise+1","Coolheaded+1","Loop+1"],"relics":["FrozenCore","NeowsBlessing","Boot","Incense Burner","Lantern","Potion Belt","Eternal Feather","StoneCalendar","Ectoplasm","Bronze Scales","Ornamental Fan","Smiling Mask","Gremlin Horn","Membership Card","PreservedInsect","Meat on the Bone","Red Mask","Mark of the Bloom","Akabeko","Art of War","Letter Opener"],"acts_visited":["Exordium","TheCity","TheBeyond","TheEnding"],"potions_floor_usage":[8,8,14,16,33,33,33,33,33,50,54,54,54,54,54],"damage_taken":[{"damage":0,"enemies":"2 Louse","floor":1,"turns":1},{"damage":0,"enemies":"Jaw Worm","floor":3,"turns":1},{"damage":0,"enemies":"Lagavulin","floor":6,"turns":1},{"damage":7,"enemies":"3 Sentries","floor":8,"turns":7},{"damage":18,"enemies":"Gremlin Nob","floor":10,"turns":3},{"damage":1,"enemies":"Cultist","floor":11,"turns":3},{"damage":22,"enemies":"Lagavulin","floor":12,"turns":7},{"damage":0,"enemies":"Gremlin Nob","floor":14,"turns":3},{"damage":0,"enemies":"Slime Boss","floor":16,"turns":5},{"damage":14,"enemies":"3 Byrds","floor":18,"turns":5},{"damage":2,"enemies":"Spheric Guardian","floor":19,"turns":3},{"damage":18,"enemies":"Snake Plant","floor":20,"turns":3},{"damage":9,"enemies":"Chosen and Byrds","floor":22,"turns":3},{"damage":23,"enemies":"Slavers","floor":23,"turns":5},{"damage":1,"enemies":"Book of Stabbing","floor":25,"turns":5},{"damage":0,"enemies":"Cultist and Chosen","floor":27,"turns":5},{"damage":3,"enemies":"Centurion and Healer","floor":29,"turns":6},{"damage":2,"enemies":"Gremlin Leader","floor":30,"turns":5},{"damage":49,"enemies":"Collector","floor":33,"turns":7},{"damage":15,"enemies":"Orb Walker","floor":35,"turns":4},{"damage":25,"enemies":"Reptomancer","floor":40,"turns":5},{"damage":0,"enemies":"3 Darklings","floor":42,"turns":4},{"damage":0,"enemies":"Giant Head","floor":44,"turns":5},{"damage":0,"enemies":"Nemesis","floor":46,"turns":5},{"damage":11,"enemies":"Time Eater","floor":50,"turns":13},{"damage":15,"enemies":"Shield and Spear","floor":54,"turns":2}],"seed_played":"6227240812625831467","potions_obtained":[{"floor":3,"key":"SkillPotion"},{"floor":6,"key":"AttackPotion"},{"floor":11,"key":"Energy Potion"},{"floor":12,"key":"SteroidPotion"},{"floor":19,"key":"FearPotion"},{"floor":22,"key":"SteroidPotion"},{"floor":27,"key":"DuplicationPotion"},{"floor":33,"key":"Dexterity Potion"},{"floor":40,"key":"ColorlessPotion"},{"floor":42,"key":"PowerPotion"}],"is_trial":false,"path_per_floor":["M","?","M","?","?","E","R","E","T","E","M","E","R","E","R","B",null,"M","M","M","?","M","E","R","E","T","M","$","M","E","?","R","B",null,"M","?","?","?","?","E","R","M","T","E","$","E","R","?","R","B",null,"R","$","E"],"character_chosen":"DEFECT","items_purchased":["Membership Card","PreservedInsect","EntropicBrew","Seek"],"campfire_rested":2,"item_purchase_floors":[28,28,28,28],"current_hp_per_floor":[75,80,80,80,80,80,80,73,73,55,54,32,41,41,50,50,73,59,57,39,39,30,7,19,18,18,18,18,15,13,39,54,17,64,49,49,49,49,49,24,24,24,24,24,24,24,24,24,24,13,13,13,13,0,0],"gold":0,"neow_bonus":"THREE_ENEMY_KILL","is_daily":false,"chose_seed":false,"campfire_upgraded":6,"win_rate":0.0,"timestamp":1613080287,"path_taken":["M","?","M","?","?","E","R","E","T","E","M","E","R","E","R","BOSS","M","M","?","?","M","E","R","E","T","M","$","?","E","?","R","BOSS","M","?","?","?","?","E","R","?","T","E","?","E","R","?","R","BOSS","R","$","E"],"items_purchased_type":["Relic","Relic","Potion","Card"],"build_version":"2020-12-22","purchased_purges":1,"victory":false,"max_hp_per_floor":[75,80,80,80,80,80,80,80,80,80,80,80,80,80,80,80,80,80,80,80,80,80,80,80,80,80,80,80,80,80,80,80,80,80,80,80,80,80,76,76,76,76,76,76,76,76,76,76,76,76,76,76,76,76,76],"relic_stats":{"Mark of the Bloom":211,"Gremlin Horn":[15,15],"counters":[26,116],"Eternal Feather":45,"StoneCalendar":[52],"PreservedInsect":343,"Letter Opener":[45],"Boot":[45],"Smiling Mask":-12,"FrozenCore":[17],"Ornamental Fan":[36],"Bronze Scales":[287],"Ectoplasm":397,"Art of War":[7],"obtain_stats":[{"Potion Belt":10,"Lantern":9,"Mark of the Bloom":38,"NeowsBlessing":0,"Gremlin Horn":26,"Eternal Feather":12,"StoneCalendar":14,"PreservedInsect":28,"Incense Burner":8,"Letter Opener":46,"Boot":6,"Smiling Mask":25,"Akabeko":40,"FrozenCore":34,"Ornamental Fan":23,"Bronze Scales":21,"Ectoplasm":17,"Red Mask":36,"Art of War":44,"Membership Card":28,"Cracked Core":0,"Meat on the Bone":30},{"Potion Belt":5,"Lantern":4,"Mark of the Bloom":20,"NeowsBlessing":0,"Gremlin Horn":15,"Eternal Feather":7,"StoneCalendar":8,"PreservedInsect":16,"Incense Burner":4,"Letter Opener":24,"Boot":3,"Smiling Mask":15,"Akabeko":21,"FrozenCore":19,"Ornamental Fan":14,"Bronze Scales":12,"Ectoplasm":9,"Red Mask":20,"Art of War":23,"Membership Card":16,"Cracked Core":0,"Meat on the Bone":18},{"Potion Belt":13,"Lantern":10,"Mark of the Bloom":82,"NeowsBlessing":0,"Gremlin Horn":55,"Eternal Feather":23,"StoneCalendar":26,"PreservedInsect":60,"Incense Burner":10,"Letter Opener":101,"Boot":3,"Smiling Mask":55,"Akabeko":87,"FrozenCore":78,"Ornamental Fan":50,"Bronze Scales":42,"Ectoplasm":31,"Red Mask":82,"Art of War":96,"Membership Card":60,"Cracked Core":0,"Meat on the Bone":71}],"Meat on the Bone":12},"card_choices":[{"not_picked":["Steam","Scrape"],"picked":"Compile Driver","floor":1},{"not_picked":["Compile Driver","Gash"],"picked":"Barrage","floor":3},{"not_picked":["Go for the Eyes","Beam Cell"],"picked":"Seek","floor":6},{"not_picked":["Go for the Eyes","Gash"],"picked":"Chaos","floor":8},{"not_picked":["Leap","Glacier"],"picked":"Core Surge","floor":10},{"not_picked":["Gash","Go for the Eyes"],"picked":"Cold Snap","floor":11},{"not_picked":["Streamline","Heatsinks"],"picked":"Leap","floor":12},{"not_picked":["Cold Snap","Rebound"],"picked":"Loop","floor":14},{"not_picked":["Reboot","Rainbow"],"picked":"Echo Form","floor":16},{"not_picked":["Cold Snap","Rebound"],"picked":"Undo","floor":18},{"not_picked":["Reinforced Body","Compile Driver"],"picked":"Chaos+1","floor":19},{"not_picked":["Stack","Redo+1"],"picked":"Defragment","floor":20},{"not_picked":["Glacier","White Noise"],"picked":"Hologram+1","floor":22},{"not_picked":["Compile Driver","Darkness"],"picked":"Conserve Battery","floor":23},{"not_picked":["Glacier","Steam+1"],"picked":"Conserve Battery+1","floor":25},{"not_picked":["Turbo","Beam Cell+1","Sweeping Beam"],"picked":"SKIP","floor":27},{"not_picked":["Machine Learning","Cold Snap"],"picked":"Capacitor","floor":29},{"not_picked":["Compile Driver","Gash"],"picked":"Lockon+1","floor":30},{"not_picked":["Seek","Core Surge"],"picked":"Biased Cognition","floor":33},{"not_picked":["Compile Driver+1","Ball Lightning+1"],"picked":"White Noise","floor":35},{"not_picked":["Scrape+1","Chaos+1","Barrage"],"picked":"SKIP","floor":40},{"not_picked":["Go for the Eyes","Leap"],"picked":"Coolheaded+1","floor":42},{"not_picked":["Beam Cell","Steam"],"picked":"Loop","floor":44},{"not_picked":["Streamline+1","Cold Snap","Chaos+1"],"picked":"SKIP","floor":46}],"player_experience":260051,"relics_obtained":[{"floor":6,"key":"Boot"},{"floor":8,"key":"Incense Burner"},{"floor":9,"key":"Lantern"},{"floor":10,"key":"Potion Belt"},{"floor":12,"key":"Eternal Feather"},{"floor":14,"key":"StoneCalendar"},{"floor":21,"key":"Bronze Scales"},{"floor":23,"key":"Ornamental Fan"},{"floor":25,"key":"Smiling Mask"},{"floor":26,"key":"Gremlin Horn"},{"floor":30,"key":"Meat on the Bone"},{"floor":40,"key":"Akabeko"},{"floor":44,"key":"Art of War"},{"floor":46,"key":"Letter Opener"}],"event_choices":[{"damage_healed":0,"gold_gain":0,"player_choice":"Donut","damage_taken":0,"max_hp_gain":5,"max_hp_loss":0,"event_name":"Big Fish","floor":2,"gold_loss":0},{"damage_healed":0,"gold_gain":0,"player_choice":"Ignored","damage_taken":0,"max_hp_gain":0,"max_hp_loss":0,"event_name":"Liars Game","floor":4,"gold_loss":0},{"cards_removed":["Strike_B"],"damage_healed":0,"gold_gain":0,"player_choice":"Purged","damage_taken":0,"max_hp_gain":0,"max_hp_loss":0,"event_name":"Purifier","floor":5,"gold_loss":0},{"damage_healed":0,"gold_gain":0,"player_choice":"Relic","damage_taken":0,"max_hp_gain":0,"max_hp_loss":0,"event_name":"Wheel of Change","floor":21,"gold_loss":0},{"damage_healed":26,"gold_gain":0,"player_choice":"Heal","damage_taken":0,"max_hp_gain":0,"max_hp_loss":0,"event_name":"The Library","floor":31,"gold_loss":0},{"damage_healed":0,"gold_gain":0,"player_choice":"Paid","damage_taken":0,"relics_obtained":["Red Mask"],"max_hp_gain":0,"max_hp_loss":0,"event_name":"Tomb of Lord Red Mask","floor":36,"gold_loss":34},{"cards_removed":["Undo"],"damage_healed":0,"gold_gain":0,"player_choice":"Removed Skill","damage_taken":0,"max_hp_gain":0,"max_hp_loss":0,"event_name":"Falling","floor":37,"gold_loss":0},{"damage_healed":0,"gold_gain":0,"player_choice":"Upgrade","damage_taken":0,"relics_obtained":["Mark of the Bloom"],"max_hp_gain":0,"max_hp_loss":0,"event_name":"MindBloom","floor":38,"gold_loss":0,"cards_upgraded":["Strike_B","Strike_B","Strike_B","Defend_B","Defend_B","Defend_B","Zap","Dualcast","Compile Driver","Seek","Core Surge","Cold Snap","Leap","Echo Form","Conserve Battery","Capacitor","Biased Cognition","White Noise"]},{"damage_healed":0,"gold_gain":0,"player_choice":"Max HP","damage_taken":0,"max_hp_gain":0,"max_hp_loss":4,"event_name":"Winding Halls","floor":39,"gold_loss":0},{"damage_healed":0,"gold_gain":0,"player_choice":"Ignored","damage_taken":0,"max_hp_gain":0,"max_hp_loss":0,"event_name":"Mysterious Sphere","floor":48,"gold_loss":0}],"is_beta":false,"boss_relics":[{"not_picked":["Calling Bell","Inserter"],"picked":"Ectoplasm"},{"not_picked":["Philosopher\u0027s Stone","Nuclear Battery"],"picked":"FrozenCore"}],"items_purged_floors":[28],"is_endless":false,"potions_floor_spawned":[3,6,11,12,19,22,27,33,40,42,44],"killed_by":"Shield and Spear","ascension_level":5}}