{"host":"vddnn8yddbh0df4g","time":1613076728,"event":{"mods":["Act Like it!","BaseMod","Beaked The Cultist","Bestiary","Downfall","Minty Spire (QoL Compilation)","Shop Mod","StSLib","SuperFastMode"],"gold_per_floor":[99,119,130,140,125,143,167,67,80,110,285,295,295,329,342,437,437,337,351,351,351,369,369,369,469,16,16,16,34,34,132,143,241,241,241,259,259,278,366,366,366,396,408,427,477,512,412,444,454,454,454,454],"floor_reached":50,"language":"ENG","playtime":3090,"items_purged":["Doubt","Guardian:Defend_Guardian"],"score":724,"play_id":"6816c0be-67b1-4e95-9ce9-52487077ecca","local_time":"20210211155208","is_ascension_mode":true,"campfire_choices":[{"data":"Guardian:CurlUp","floor":1.0,"key":"SMITH"},{"data":"Guardian:TwinSlam","floor":8.0,"key":"SMITH"},{"data":"Guardian:AncientConstruct","floor":13,"key":"SMITH"},{"data":"Guardian:GemFinder","floor":18,"key":"SMITH"},{"data":"Guardian:Orbwalk","floor":23,"key":"SMITH"},{"data":"Guardian:FastForward","floor":28,"key":"SMITH"},{"data":"Guardian:FuturePlans","floor":30,"key":"SMITH"},{"data":"Guardian:CompilePackage","floor":35,"key":"SMITH"},{"floor":40,"key":"RECALL"},{"data":"Guardian:ExploitGems","floor":47,"key":"SMITH"}],"circlet_count":0,"master_deck":["Guardian:Defend_Guardian","Guardian:Defend_Guardian","Guardian:CurlUp+1","Guardian:TwinSlam+1","Guardian:Reroute","Guardian:FuturePlans+1","Guardian:ShieldCharger","Guardian:AncientConstruct+1","Guardian:BronzeArmor","Guardian:GemFinder+1","Guardian:VentSteam","Guardian:Orbwalk+1","Guardian:WalkerClaw","Guardian:Harden","J.A.X.","Guardian:FastForward+1","Guardian:ExploitGems+1","Guardian:BodySlam","Guardian:CompilePackage+1","Guardian:PiercingHide+1","Guardian:FloatingOrbs+1","Guardian:CompilePackage+1","Guardian:Gem_Cyan","Guardian:ShieldCharger+1","Guardian:MultiBeam+1"],"relics":["Guardian:ModeShifter","downfall:HeartBlessingBlue","Sozu","downfall:HeartBlessingGreen","beaked:ShinyBauble","MutagenicStrength","MerchantsRug","Bronze Scales","Astrolabe","Guardian:BottledStasis","Peace Pipe","Bag of Preparation","champ:DuelingGlove","Omamori","downfall:HeartBlessingRed","Thread and Needle"],"acts_visited":["Exordium","TheCity","TheBeyond"],"potions_floor_usage":[12,15,16,16],"damage_taken":[{"damage":7.0,"enemies":"2 Louse","floor":2.0,"turns":4.0},{"damage":6.0,"enemies":"Cultist","floor":3.0,"turns":3.0},{"damage":1.0,"enemies":"Jaw Worm","floor":4.0,"turns":5.0},{"damage":0.0,"enemies":"downfall:FleeingMerchant","floor":5.0,"turns":4.0},{"damage":1.0,"enemies":"Exordium Wildlife","floor":6.0,"turns":3.0},{"damage":6.0,"enemies":"Large Slime","floor":9.0,"turns":6.0},{"damage":13.0,"enemies":"Gremlin Nob","floor":10.0,"turns":5.0},{"damage":5,"enemies":"Exordium Thugs","floor":12,"turns":6},{"damage":0,"enemies":"Lagavulin","floor":14,"turns":7},{"damage":5,"enemies":"Exordium Wildlife","floor":15,"turns":5},{"damage":14,"enemies":"DF_ARCHETYPE_STREAMLINE","floor":16,"turns":13},{"damage":15,"enemies":"Spheric Guardian","floor":19,"turns":8},{"damage":3,"enemies":"Chosen","floor":22,"turns":3},{"damage":16,"enemies":"downfall:Augmenter","floor":25,"turns":6},{"damage":9,"enemies":"downfall:FleeingMerchant","floor":26,"turns":4},{"damage":13,"enemies":"Shelled Parasite and Fungi","floor":29,"turns":4},{"damage":3,"enemies":"downfall:FleeingMerchant","floor":31,"turns":4},{"damage":8,"enemies":"Snecko","floor":32,"turns":6},{"damage":27,"enemies":"IC_MUSHROOM_ARCHETYPE","floor":33,"turns":6},{"damage":6,"enemies":"3 Shapes","floor":36,"turns":4},{"damage":2,"enemies":"3 Darklings","floor":38,"turns":5},{"damage":3,"enemies":"downfall:FleeingMerchant","floor":39,"turns":3},{"damage":3,"enemies":"Reptomancer","floor":42,"turns":4},{"damage":18,"enemies":"Transient","floor":43,"turns":5},{"damage":8,"enemies":"Sphere and 2 Shapes","floor":44,"turns":3},{"damage":3,"enemies":"Sphere and 2 Shapes","floor":45,"turns":6},{"damage":3,"enemies":"Giant Head","floor":46,"turns":5},{"damage":29,"enemies":"Reptomancer","floor":48,"turns":6},{"damage":0,"enemies":"Maw","floor":49,"turns":6},{"damage":29,"enemies":"SI_POISON_ARCHETYPE","floor":50,"turns":3}],"seed_played":"-6003541227920236879","potions_obtained":[{"floor":2.0,"key":"FearPotion"},{"floor":6.0,"key":"SpeedPotion"},{"floor":10.0,"key":"Swift Potion"},{"floor":12,"key":"SpeedPotion"},{"floor":14,"key":"Guardian:AcceleratePotion"}],"is_trial":false,"path_per_floor":["R","M","M","M","$","M","T","R","M","E","?","M","R","E","M","B",null,"R","M","?","?","M","R","T","?","$","?","R","M","R","$","M","B",null,"R","M","?","M","$","R","T","E","M","M","?","E","R","E","M","B"],"character_chosen":"GUARDIAN","items_purchased":["Lee\u0027s Waffle","MerchantsRug","Bronze Scales","Guardian:BottledStasis"],"campfire_rested":0,"item_purchase_floors":[26,26,26,39],"current_hp_per_floor":[56,49,43,42,42,41,41,51,45,32,32,27,27,27,22,8,90,90,75,75,75,72,72,72,56,97,97,97,84,84,81,73,46,97,97,91,91,89,86,86,86,83,65,57,54,51,51,22,22,0,0,0],"gold":454,"neow_bonus":"ONE_RARE_RELIC","is_daily":false,"chose_seed":false,"campfire_upgraded":9,"win_rate":0.0,"timestamp":1613076728,"path_taken":["R","M","M","M","$","M","T","R","M","E","?","M","R","E","M","BOSS","R","M","?","?","M","R","T","?","$","?","R","M","R","$","M","BOSS","R","M","?","M","?","R","T","E","M","?","?","E","R","E","M","BOSS"],"items_purchased_type":["Relic","Relic","Relic","Relic"],"build_version":"2020-12-22","purchased_purges":2,"victory":false,"max_hp_per_floor":[80,80,80,80,80,80,80,90,90,90,90,90,90,90,90,90,90,90,90,90,90,90,90,90,90,97,97,97,97,97,97,97,97,97,97,97,97,97,97,97,97,97,97,97,97,97,97,97,97,97,97,97],"card_choices":[{"not_picked":["Guardian:Gem_Red","Guardian:Gem_Green"],"picked":"Guardian:Gem_Fragmented","floor":2.0},{"not_picked":["Guardian:PrimingBeam","Guardian:TemporalShield"],"picked":"Guardian:Reroute","floor":3.0},{"not_picked":["Guardian:TimeBomb","Guardian:PiercingHide"],"picked":"Guardian:FuturePlans","floor":4.0},{"not_picked":["Guardian:ArmoredProtocol","Guardian:PrismaticBeam"],"picked":"Guardian:ShieldCharger","floor":5.0},{"not_picked":["Guardian:PrimingBeam","Guardian:TemporalStrike","Guardian:DecasProtection"],"picked":"SKIP","floor":6.0},{"not_picked":["Guardian:ShieldSpikes","Guardian:PrismaticBeam","Guardian:GuardianWhirl"],"picked":"SKIP","floor":9.0},{"not_picked":["Guardian:Planning","Guardian:TemporalStrike"],"picked":"Guardian:AncientConstruct","floor":10.0},{"not_picked":["Guardian:Incinerate","Guardian:GuardianWhirl"],"picked":"Guardian:Gem_Cyan","floor":12},{"not_picked":["Guardian:TemporalShield","Guardian:ShieldCharger"],"picked":"Guardian:BronzeArmor","floor":14},{"not_picked":["Guardian:PrimingBeam","Guardian:PrismaticBarrier"],"picked":"Guardian:Gem_Green","floor":15},{"not_picked":["Guardian:Gem_Synthetic","Guardian:FastForward"],"picked":"Guardian:GemFinder","floor":16},{"not_picked":["Guardian:Gem_Green","Guardian:Gem_Lightblue"],"picked":"Guardian:Gem_Cyan","floor":19},{"not_picked":["Guardian:TemporalStrike","Guardian:ChargeCore"],"picked":"Guardian:VentSteam","floor":19},{"not_picked":["Guardian:Gem_Lightblue","Guardian:Gem_Green"],"picked":"Guardian:Gem_Red","floor":22},{"not_picked":["Guardian:GuardianWhirl","Guardian:Gem_Cyan"],"picked":"Guardian:Orbwalk","floor":22},{"not_picked":[],"picked":"J.A.X.","floor":25},{"not_picked":["Guardian:Gem_Lightblue","Guardian:Gem_Cyan"],"picked":"Guardian:Gem_Red","floor":25},{"not_picked":["Guardian:DecasProtection","Guardian:ShieldCharger","Guardian:Gem_Red"],"picked":"SKIP","floor":26},{"not_picked":["Guardian:PrimingBeam+1","Guardian:DonusPower+1","Guardian:ArmoredProtocol"],"picked":"SKIP","floor":29},{"not_picked":["Guardian:Gem_Yellow","Guardian:Reroute"],"picked":"Guardian:ExploitGems","floor":31},{"not_picked":["Guardian:Gem_Lightblue","Guardian:Gem_Green"],"picked":"Guardian:Gem_Cyan","floor":31},{"not_picked":["Guardian:Reroute","Guardian:BronzeOrb+1"],"picked":"Guardian:BodySlam","floor":32},{"not_picked":["Guardian:Gem_Green","Guardian:Gem_Lightblue"],"picked":"Guardian:Gem_Red","floor":33},{"not_picked":["Guardian:GemFinder","Guardian:GemFire"],"picked":"Guardian:CompilePackage","floor":33},{"not_picked":["Guardian:Gem_Lightblue","Guardian:Gem_Green"],"picked":"Guardian:Gem_Cyan","floor":36},{"not_picked":["Guardian:FuturePlans+1","Guardian:PrismaticBeam+1"],"picked":"Guardian:Gem_White","floor":36},{"not_picked":["Guardian:VentSteam+1","Guardian:PrimingBeam+1","Guardian:TimeBomb+1"],"picked":"SKIP","floor":38},{"not_picked":["Guardian:PiercingHide","Guardian:ConstructionForm","Guardian:Gem_Purple"],"picked":"SKIP","floor":39},{"not_picked":["Guardian:ChargeCore+1","Guardian:TemporalShield"],"picked":"Guardian:ShieldCharger+1","floor":42},{"not_picked":["Guardian:CrystalBeam","Guardian:PrimingBeam+1","Guardian:PiercingHide"],"picked":"SKIP","floor":43},{"not_picked":["Guardian:TemporalStrike+1","Guardian:Gem_Red","Guardian:ChargeCore+1"],"picked":"SKIP","floor":44},{"not_picked":["Guardian:Gem_White","Guardian:HyperBeam_Guardian","Guardian:WalkerClaw"],"picked":"SKIP","floor":46},{"not_picked":["Guardian:ChargeCore+1","Guardian:StasisStrike"],"picked":"Guardian:MultiBeam+1","floor":48},{"not_picked":["Guardian:CrystalBeam","Guardian:SentryBeam+1","Guardian:Suspension+1"],"picked":"SKIP","floor":49}],"player_experience":687005,"relics_obtained":[{"floor":10.0,"key":"Juzu Bracelet"},{"floor":14,"key":"Pocketwatch"},{"floor":24,"key":"beaked:ShinyBauble"},{"floor":25,"key":"MutagenicStrength"},{"floor":41,"key":"Peace Pipe"},{"floor":42,"key":"Bag of Preparation"},{"floor":45,"key":"champ:DuelingGlove"},{"floor":46,"key":"Omamori"},{"floor":48,"key":"Thread and Needle"}],"event_choices":[{"damage_healed":0,"gold_gain":0,"player_choice":"Got Potions","damage_taken":0,"max_hp_gain":0,"max_hp_loss":0,"event_name":"Lab","floor":20,"gold_loss":0},{"damage_healed":0,"gold_gain":0,"player_choice":"Read","damage_taken":0,"max_hp_gain":0,"max_hp_loss":0,"event_name":"The Library","floor":27,"gold_loss":0,"cards_obtained":["Guardian:FastForward"]}],"is_beta":false,"boss_relics":[{"not_picked":["Black Star","Runic Pyramid"],"picked":"Sozu"},{"not_picked":["Coffee Dripper","Fusion Hammer"],"picked":"Astrolabe"}],"items_purged_floors":[26,39],"is_endless":false,"potions_floor_spawned":[2,6,10,12,14,25,29,33,42,44,45,49],"killed_by":"SI_POISON_ARCHETYPE","ascension_level":1}}