{"host":"3d7yvplr5ovcyppx","time":1613027969,"event":{"mods":["AchievementEnabler","BaseMod","Hermit","Jorbs\u0027s Wanderer Trilogy","Minty Spire (QoL Compilation)","Quick Restart","Somnambulant","StSLib","The Cursed","The Disciple","The Servant 0.9.4"],"gold_per_floor":[112,128,145,155,155,187,187,187,214,230,230,257,257,271,271,373,373,389,389,399,324,423,423,457,457,457,489,489,506,532,552,552,552,552],"floor_reached":33,"language":"ENG","playtime":2414,"items_purged":[],"score":320,"play_id":"08887768-ec1f-4a9c-b2c3-93356bba2605","local_time":"20210211124929","is_ascension_mode":false,"campfire_choices":[{"floor":8,"key":"REST"},{"floor":15,"key":"REST"},{"data":"1","floor":23,"key":"LIFT"},{"floor":25,"key":"REST"},{"data":"2","floor":32,"key":"LIFT"}],"circlet_count":0,"master_deck":["Strike_G","Strike_G","Strike_G","Strike_G","Strike_G","Defend_G+1","Defend_G","Defend_G","Defend_G","Defend_G","Survivor","Neutralize","Deadly Poison","Blade Dance","PiercingWail","Deadly Poison","Deadly Poison+1","Dagger Spray+1","Noxious Fumes","Finisher","Reflex","A Thousand Cuts","CurseOfTheBell","Deflect+1","Slice","Prepared","Underhanded Strike","Skewer","Deadly Poison+1","Slice","Phantasmal Killer","Blur+1"],"relics":["Ring of the Snake","Strawberry","PreservedInsect","Pen Nib","Dream Catcher","Letter Opener","Calling Bell","War Paint","Ninja Scroll","Girya","Nunchaku","Anchor","Kunai","Red Mask","Blood Vial"],"acts_visited":["Exordium","TheCity"],"potions_floor_usage":[10,14,18,30,31,31,33],"damage_taken":[{"damage":0,"enemies":"Small Slimes","floor":1,"turns":3},{"damage":6,"enemies":"2 Louse","floor":2,"turns":2},{"damage":2,"enemies":"Jaw Worm","floor":3,"turns":3},{"damage":11,"enemies":"3 Louse","floor":4,"turns":4},{"damage":27,"enemies":"3 Sentries","floor":6,"turns":11},{"damage":22,"enemies":"Large Slime","floor":10,"turns":5},{"damage":22,"enemies":"Lagavulin","floor":12,"turns":5},{"damage":7,"enemies":"2 Fungi Beasts","floor":14,"turns":2},{"damage":17,"enemies":"Hexaghost","floor":16,"turns":8},{"damage":16,"enemies":"Shell Parasite","floor":18,"turns":5},{"damage":8,"enemies":"Chosen","floor":20,"turns":6},{"damage":20,"enemies":"Slavers","floor":24,"turns":3},{"damage":14,"enemies":"Masked Bandits","floor":27,"turns":4},{"damage":10,"enemies":"Snecko","floor":29,"turns":4},{"damage":22,"enemies":"Gremlin Leader","floor":30,"turns":4},{"damage":6,"enemies":"Snake Plant","floor":31,"turns":4},{"damage":42,"enemies":"Automaton","floor":33,"turns":8}],"seed_played":"5030468890407841135","potions_obtained":[{"floor":4,"key":"Strength Potion"},{"floor":6,"key":"Explosive Potion"},{"floor":10,"key":"Explosive Potion"},{"floor":16,"key":"EssenceOfSteel"},{"floor":18,"key":"Weak Potion"},{"floor":29,"key":"SpeedPotion"},{"floor":31,"key":"Regen Potion"}],"is_trial":false,"path_per_floor":["M","M","M","M","?","E","?","R","T","M","?","E","T","M","R","B",null,"M","?","M","?","?","R","E","R","T","?","?","M","E","M","R","B"],"character_chosen":"THE_SILENT","items_purchased":[],"campfire_rested":3,"item_purchase_floors":[],"current_hp_per_floor":[77,71,69,58,58,38,38,63,63,41,41,19,19,12,37,20,84,68,68,60,60,60,60,40,65,65,51,51,41,19,15,15,0,0],"gold":552,"neow_bonus":"TEN_PERCENT_HP_BONUS","is_daily":false,"chose_seed":false,"campfire_upgraded":0,"win_rate":0.0,"timestamp":1613027969,"path_taken":["M","M","M","M","?","E","?","R","T","M","?","E","?","M","R","BOSS","M","?","M","?","?","R","E","R","T","?","?","M","E","M","R","BOSS"],"items_purchased_type":[],"build_version":"2020-12-22","purchased_purges":0,"victory":false,"max_hp_per_floor":[77,77,77,77,77,84,84,84,84,84,84,84,84,84,84,84,84,84,84,84,84,84,84,84,84,84,84,84,84,84,84,84,84,84],"card_choices":[{"not_picked":["Underhanded Strike","Blade Dance"],"picked":"Deadly Poison","floor":1},{"not_picked":["Finisher","Riddle With Holes"],"picked":"Blade Dance","floor":2},{"not_picked":["Deflect","Flechettes"],"picked":"PiercingWail","floor":3},{"not_picked":["Bouncing Flask","Calculated Gamble"],"picked":"Deadly Poison","floor":4},{"not_picked":["Poisoned Stab","Backflip"],"picked":"Deadly Poison","floor":6},{"not_picked":["Caltrops","Riddle With Holes"],"picked":"Dagger Spray","floor":10},{"not_picked":["Crippling Poison","Terror"],"picked":"Noxious Fumes","floor":12},{"not_picked":["Leg Sweep","Prepared"],"picked":"Finisher","floor":14},{"not_picked":["Dagger Spray","Predator"],"picked":"Reflex","floor":15},{"not_picked":["Malaise","Unload"],"picked":"A Thousand Cuts","floor":16},{"not_picked":["Dash","Choke"],"picked":"Deflect+1","floor":18},{"not_picked":["Blur","Poisoned Stab"],"picked":"Slice","floor":20},{"not_picked":["Heel Hook","Doppelganger"],"picked":"Prepared","floor":24},{"not_picked":["Deflect","Slice"],"picked":"Underhanded Strike","floor":25},{"not_picked":["Sucker Punch","Dodge and Roll"],"picked":"Skewer","floor":27},{"not_picked":["Escape Plan","Masterful Stab"],"picked":"Slice","floor":29},{"not_picked":["Glass Knife","Dagger Throw"],"picked":"Phantasmal Killer","floor":30},{"not_picked":["Escape Plan","Riddle With Holes"],"picked":"Blur+1","floor":31}],"player_experience":2929,"relics_obtained":[{"floor":6,"key":"Strawberry"},{"floor":9,"key":"Pen Nib"},{"floor":12,"key":"Dream Catcher"},{"floor":13,"key":"Letter Opener"},{"floor":17,"key":"War Paint"},{"floor":17,"key":"Ninja Scroll"},{"floor":17,"key":"Girya"},{"floor":24,"key":"Anchor"},{"floor":26,"key":"Kunai"},{"floor":27,"key":"Red Mask"},{"floor":30,"key":"Blood Vial"}],"event_choices":[{"damage_healed":0,"gold_gain":0,"player_choice":"Leave","damage_taken":0,"max_hp_gain":0,"max_hp_loss":0,"event_name":"The Cleric","floor":5,"gold_loss":0},{"damage_healed":0,"gold_gain":0,"player_choice":"Box","damage_taken":0,"relics_obtained":["PreservedInsect"],"max_hp_gain":0,"max_hp_loss":0,"event_name":"Big Fish","floor":7,"gold_loss":0,"cards_obtained":["Regret"]},{"damage_healed":0,"gold_gain":0,"player_choice":"Grow","damage_taken":0,"max_hp_gain":0,"max_hp_loss":0,"event_name":"Living Wall","floor":11,"gold_loss":0,"cards_upgraded":["Dagger Spray"]},{"damage_healed":0,"gold_gain":0,"player_choice":"Opened","damage_taken":0,"relics_obtained":["Nunchaku"],"max_hp_gain":0,"max_hp_loss":0,"event_name":"The Mausoleum","floor":19,"gold_loss":0},{"cards_removed":["Regret"],"damage_healed":0,"gold_gain":0,"player_choice":"Gave Gold","damage_taken":0,"max_hp_gain":0,"max_hp_loss":0,"event_name":"Beggar","floor":21,"gold_loss":75},{"damage_healed":0,"gold_gain":99,"player_choice":"Stole From Cult","damage_taken":0,"max_hp_gain":0,"max_hp_loss":0,"event_name":"Nest","floor":22,"gold_loss":0},{"damage_healed":0,"gold_gain":0,"player_choice":"Fought Bandits","damage_taken":0,"max_hp_gain":0,"max_hp_loss":0,"event_name":"Masked Bandits","floor":27,"gold_loss":0},{"damage_healed":0,"gold_gain":0,"player_choice":"Copied","damage_taken":0,"max_hp_gain":0,"max_hp_loss":0,"event_name":"Duplicator","floor":28,"gold_loss":0,"cards_obtained":["Deadly Poison"]}],"is_beta":false,"boss_relics":[{"not_picked":["Runic Dome","Empty Cage"],"picked":"Calling Bell"}],"items_purged_floors":[],"is_endless":false,"potions_floor_spawned":[4,6,10,16,18,29,31],"killed_by":"Automaton","ascension_level":0}}