{"host":"sav7uxregyirlf69","time":1613008473,"event":{"mods":["AchievementEnabler","BaseMod","Colored Map","DeckTracker","Keyboard Shortcuts","Minty Spire (QoL Compilation)","READ ME - Guardian Mod","StSLib","SuperFastMode"],"gold_per_floor":[364,377,377,377,397,397,236,16,42,42,67,86,96,127,127,127,127],"floor_reached":16,"language":"KOR","playtime":294,"items_purged":[],"score":220,"play_id":"5a68db77-e9f3-440f-be0e-525faa062995","local_time":"20210211105433","is_ascension_mode":true,"campfire_choices":[{"data":"Crippling Poison","floor":6,"key":"SMITH"},{"floor":10,"key":"REST"},{"floor":15,"key":"REST"}],"circlet_count":0,"master_deck":["AscendersBane","Strike_G","Strike_G","Strike_G","Strike_G","Defend_G","Defend_G","Defend_G+1","Defend_G","Defend_G+1","Survivor","Neutralize","Crippling Poison+1","Bane","Cloak And Dagger","Escape Plan","Prepared","Grand Finale","Backflip","Dagger Throw","Tactician","Calculated Gamble"],"relics":["Ring of the Snake","Orrery","ClockworkSouvenir","PreservedInsect","Juzu Bracelet","Tough Bandages"],"acts_visited":["Exordium"],"potions_floor_usage":[14,16],"damage_taken":[{"damage":1,"enemies":"Small Slimes","floor":1,"turns":5},{"damage":1,"enemies":"Jaw Worm","floor":2,"turns":6},{"damage":0,"enemies":"Cultist","floor":5,"turns":3},{"damage":22,"enemies":"Gremlin Nob","floor":11,"turns":4},{"damage":0,"enemies":"Large Slime","floor":12,"turns":5},{"damage":0,"enemies":"Looter","floor":13,"turns":3},{"damage":4,"enemies":"Lagavulin","floor":14,"turns":5},{"damage":38,"enemies":"The Guardian","floor":16,"turns":11}],"seed_played":"-8896305981992377320","potions_obtained":[{"floor":5,"key":"Poison Potion"},{"floor":11,"key":"Fire Potion"},{"floor":14,"key":"CunningPotion"}],"is_trial":false,"path_per_floor":["M","M","?","?","M","R","$","$","T","R","E","M","M","E","R","B"],"character_chosen":"THE_SILENT","items_purchased":["Orrery","ClockworkSouvenir","Dagger Throw"],"campfire_rested":2,"item_purchase_floors":[7,8,8],"current_hp_per_floor":[43,42,42,22,22,22,22,22,22,41,19,19,19,15,34,0,0],"gold":127,"neow_bonus":"TWO_FIFTY_GOLD","is_daily":false,"chose_seed":false,"campfire_upgraded":1,"win_rate":0.0,"timestamp":1613008473,"path_taken":["M","M","?","?","M","R","?","$","T","R","E","M","M","E","R","BOSS"],"items_purchased_type":["Relic","Relic","Card"],"build_version":"2020-12-22","purchased_purges":0,"victory":false,"max_hp_per_floor":[66,66,66,66,66,66,66,66,66,66,66,66,66,66,66,66,66],"card_choices":[{"not_picked":["Flying Knee","Blade Dance"],"picked":"Crippling Poison","floor":1},{"not_picked":["Caltrops","Well Laid Plans"],"picked":"Bane","floor":2},{"not_picked":["Outmaneuver","Accuracy","Quick Slash"],"picked":"SKIP","floor":5},{"not_picked":["Crippling Poison","Sucker Punch"],"picked":"Escape Plan","floor":7},{"not_picked":["Distraction","Backflip"],"picked":"Prepared","floor":7},{"not_picked":["Slice","Deflect"],"picked":"Grand Finale","floor":7},{"not_picked":["Cloak And Dagger","Blade Dance"],"picked":"Backflip","floor":7},{"not_picked":["All Out Attack","Bouncing Flask","Finisher"],"picked":"SKIP","floor":11},{"not_picked":["Finisher","PiercingWail"],"picked":"Tactician","floor":12},{"not_picked":["Dagger Throw","Phantasmal Killer"],"picked":"Calculated Gamble","floor":13},{"not_picked":["Underhanded Strike","Cloak And Dagger","Eviscerate"],"picked":"SKIP","floor":14}],"player_experience":1553494,"relics_obtained":[{"floor":9,"key":"PreservedInsect"},{"floor":11,"key":"Juzu Bracelet"},{"floor":14,"key":"Tough Bandages"}],"event_choices":[{"damage_healed":0,"gold_gain":0,"cards_transformed":["Strike_G"],"player_choice":"Change","damage_taken":0,"max_hp_gain":0,"max_hp_loss":0,"event_name":"Living Wall","floor":3,"gold_loss":0,"cards_obtained":["Cloak And Dagger"]},{"damage_healed":0,"gold_gain":0,"player_choice":"Entered Light","damage_taken":20,"max_hp_gain":0,"max_hp_loss":0,"event_name":"Shining Light","floor":4,"gold_loss":0,"cards_upgraded":["Defend_G","Defend_G"]}],"is_beta":false,"boss_relics":[],"items_purged_floors":[],"is_endless":false,"potions_floor_spawned":[5,11,14],"killed_by":"The Guardian","ascension_level":20}}