{"host":"eedodlo27pfhzv3w","time":1613038990,"event":{"mods":["BaseMod","Colored Map","Downfall","Minty Spire (QoL Compilation)","StSLib","SuperFastMode","The Death Knight","The Necromancer","Yuri Mod"],"gold_per_floor":[110,130,142,102,113,113,128,128,128,188,188,208,208,221,221,323,323,341,341,341,341,224,224,258,278,278,278,289,302,315,328,328,430,430,440,440,42,53,53,53,0,0,0],"floor_reached":42,"language":"ENG","playtime":1605,"items_purged":["Writhe"],"score":410,"play_id":"0e1b337e-a1e9-4db9-9f4d-9527b4a443c9","local_time":"20210211112310","is_ascension_mode":false,"campfire_choices":[{"floor":6,"key":"RECALL"},{"data":"Cloudkill","floor":8,"key":"SMITH"},{"floor":11,"key":"REST"},{"data":"Blood_Is_Power","floor":15,"key":"SMITH"},{"floor":23,"key":"REST"},{"floor":32,"key":"REST"},{"floor":40,"key":"REST"}],"circlet_count":0,"master_deck":["Strike_W","Strike_W","Strike_W","Strike_W","Defend_W","Defend_W","Defend_W","Defend_W","Negative_Energy_Arrows","Bone_Wall","Cloudkill+1","Acid_Javelin","Negative_Energy_Shield","Blood_Curse","Blood_Is_Power+1","Toxic_Smoke_Screen","Negative_Energy_Javelin","Bone_Spikes","Pandemic","Cloudkill","Spectral_Walk+1","Necrotic_Claws","Summon_Undead+1","Bone_Bullets+1","Spectral_Armor","Negative_Energy_Burst","Bone_Armor","Bone_Shift","Grasp_Heart","CurseOfTheBell","Negative_Energy_Javelin+1","Negative_Energy_Shield+1","Blind","Mind Blast"],"relics":["Vampire_Amulet","The Courier","yuri:PortableGlitches","Fusion Hammer","Happy Flower","Bronze Scales","CultistMask","Calling Bell","Juzu Bracelet","Ornamental Fan","StoneCalendar","ClockworkSouvenir","DeathKnight:SindragosasSkull","Red Mask"],"acts_visited":["Exordium","TheCity","TheBeyond"],"potions_floor_usage":[16,33,33,35,37,42],"damage_taken":[{"damage":6,"enemies":"Small Slimes","floor":1,"turns":2},{"damage":1,"enemies":"Cultist","floor":2,"turns":3},{"damage":3,"enemies":"Jaw Worm","floor":3,"turns":3},{"damage":2,"enemies":"2 Fungi Beasts","floor":5,"turns":2},{"damage":0,"enemies":"Gremlin Gang","floor":7,"turns":3},{"damage":20,"enemies":"Gremlin Nob","floor":10,"turns":4},{"damage":0,"enemies":"Red Slaver","floor":12,"turns":3},{"damage":2,"enemies":"3 Louse","floor":14,"turns":3},{"damage":16,"enemies":"The Guardian","floor":16,"turns":10},{"damage":11,"enemies":"Shell Parasite","floor":18,"turns":4},{"damage":19,"enemies":"Slavers","floor":24,"turns":4},{"damage":0,"enemies":"Spheric Guardian","floor":25,"turns":2},{"damage":14,"enemies":"Shelled Parasite and Fungi","floor":28,"turns":3},{"damage":16,"enemies":"Snecko","floor":29,"turns":4},{"damage":2,"enemies":"Snake Plant","floor":30,"turns":3},{"damage":2,"enemies":"Chosen and Byrds","floor":31,"turns":4},{"damage":21,"enemies":"Collector","floor":33,"turns":7},{"damage":13,"enemies":"3 Darklings","floor":35,"turns":4},{"damage":4,"enemies":"3 Shapes","floor":38,"turns":3},{"damage":90,"enemies":"Giant Head","floor":42,"turns":9}],"seed_played":"-8915862267023870830","potions_obtained":[{"floor":3,"key":"DeathKnight:RimePotion"},{"floor":5,"key":"AttackPotion"},{"floor":12,"key":"Block Potion"},{"floor":16,"key":"GamblersBrew"},{"floor":24,"key":"Energy Potion"},{"floor":31,"key":"bronze:BurnAndBuffPotion"},{"floor":38,"key":"Swift Potion"}],"is_trial":false,"path_per_floor":["M","M","M","$","M","R","M","R","T","?","R","M","?","M","R","B",null,"M","?","?","?","$","R","E","M","T","?","M","M","M","M","R","B",null,"M","?","$","M","?","R","?","E"],"character_chosen":"NECROMANCER","items_purchased":["Blood_Is_Power","Necrotic_Claws","Fruit Juice","ClockworkSouvenir","DeathKnight:SindragosasSkull"],"campfire_rested":4,"item_purchase_floors":[4,22,37,37,37],"current_hp_per_floor":[73,74,73,73,75,75,75,75,75,57,75,75,75,75,75,61,75,66,66,66,52,52,76,63,65,65,65,55,44,44,46,70,55,80,69,69,74,76,71,81,81,0,0],"gold":0,"neow_bonus":"ONE_RANDOM_RARE_CARD","is_daily":false,"chose_seed":false,"campfire_upgraded":2,"win_rate":0.0,"timestamp":1613038990,"path_taken":["M","M","M","$","M","R","M","R","T","?","R","M","?","?","R","BOSS","M","?","?","?","$","R","E","?","T","?","?","M","M","M","R","BOSS","M","?","$","M","?","R","?","E"],"items_purchased_type":["Card","Card","Potion","Relic","Relic"],"build_version":"2020-12-22","purchased_purges":1,"victory":false,"max_hp_per_floor":[75,75,75,75,75,75,75,75,75,75,75,75,75,75,75,75,75,75,75,75,80,80,80,80,80,80,80,80,80,80,80,80,80,80,80,76,81,81,81,81,81,81,81],"card_choices":[{"not_picked":["Scare","Siphon_Strength"],"picked":"Acid_Javelin","floor":1},{"not_picked":["Blood_Curse","Shackles_Of_Pain"],"picked":"Negative_Energy_Shield","floor":2},{"not_picked":["Consume_Illness","Flesh_Made_Foul"],"picked":"Blood_Curse","floor":3},{"not_picked":["Blood_Is_Power","Blood_Whip"],"picked":"Toxic_Smoke_Screen","floor":5},{"not_picked":["Bone_Spikes","Negative_Energy_Mist"],"picked":"Negative_Energy_Javelin","floor":7},{"not_picked":["Negative_Energy_Shield","Blood_for_Blood"],"picked":"Bone_Spikes","floor":10},{"not_picked":["Scare","Bone_Armory"],"picked":"Summon_Undead","floor":12},{"not_picked":["Siphon_Strength","Shackles_Of_Pain"],"picked":"Pandemic","floor":14},{"not_picked":["Detonate_Bones","Blood_Wake"],"picked":"Cloudkill","floor":16},{"not_picked":["Bones_to_Steel","Necromantic_Selection"],"picked":"Spectral_Walk+1","floor":18},{"not_picked":["Death_March_Dance","Bone_Armory"],"picked":"Summon_Undead+1","floor":24},{"not_picked":["Bone_Spikes","Necromantic_Selection+1"],"picked":"Bone_Bullets+1","floor":25},{"not_picked":["Corrupt","Finger_Of_Death"],"picked":"Spectral_Armor","floor":28},{"not_picked":["Blood_Curse","Bone_Armor+1"],"picked":"Negative_Energy_Burst","floor":29},{"not_picked":["Summon_Undead_Army","Bones_to_Steel"],"picked":"Bone_Armor","floor":30},{"not_picked":["Consume_Illness","Life_Tap"],"picked":"Bone_Shift","floor":31},{"not_picked":["Requiem","Detonate_Bones"],"picked":"Grasp_Heart","floor":33},{"not_picked":["Flesh_Made_Foul+1","Requiem"],"picked":"Negative_Energy_Javelin+1","floor":35},{"not_picked":["Finger_Of_Death","Life_Tap"],"picked":"Negative_Energy_Shield+1","floor":38},{"not_picked":["Madness","Purity"],"picked":"Blind","floor":39},{"not_picked":["Secret Technique","Swift Strike"],"picked":"Mind Blast","floor":39}],"player_experience":224991,"relics_obtained":[{"floor":9,"key":"The Courier"},{"floor":10,"key":"yuri:PortableGlitches"},{"floor":24,"key":"Bronze Scales"},{"floor":34,"key":"Juzu Bracelet"},{"floor":34,"key":"Ornamental Fan"},{"floor":34,"key":"StoneCalendar"}],"event_choices":[{"damage_healed":0,"gold_gain":0,"player_choice":"Searched \u00272\u0027 times","damage_taken":0,"max_hp_gain":0,"max_hp_loss":0,"event_name":"Dead Adventurer","floor":10,"gold_loss":0},{"cards_removed":["Summon_Undead"],"damage_healed":0,"gold_gain":0,"player_choice":"Offered Uncommon","damage_taken":0,"max_hp_gain":0,"max_hp_loss":0,"event_name":"Bonfire Elementals","floor":13,"gold_loss":0},{"damage_healed":0,"gold_gain":0,"player_choice":"Ignored","damage_taken":0,"max_hp_gain":0,"max_hp_loss":0,"event_name":"Ghosts","floor":19,"gold_loss":0},{"damage_healed":0,"gold_gain":0,"player_choice":"Opened","damage_taken":0,"relics_obtained":["Happy Flower"],"max_hp_gain":0,"max_hp_loss":0,"event_name":"The Mausoleum","floor":20,"gold_loss":0,"cards_obtained":["Writhe"]},{"damage_healed":0,"gold_gain":0,"player_choice":"Shed Blood","damage_taken":19,"max_hp_gain":5,"max_hp_loss":0,"event_name":"Forgotten Altar","floor":21,"gold_loss":0},{"damage_healed":0,"gold_gain":0,"player_choice":"Trade","damage_taken":0,"relics_obtained":["CultistMask"],"max_hp_gain":0,"max_hp_loss":0,"event_name":"FaceTrader","floor":27,"gold_loss":0},{"damage_healed":0,"gold_gain":0,"player_choice":"Max HP","damage_taken":0,"max_hp_gain":0,"max_hp_loss":4,"event_name":"Winding Halls","floor":36,"gold_loss":0},{"damage_healed":0,"gold_gain":0,"player_choice":"Memory 2","damage_taken":5,"max_hp_gain":0,"max_hp_loss":0,"event_name":"SensoryStone","floor":39,"gold_loss":0},{"damage_healed":0,"gold_gain":0,"player_choice":"Paid","damage_taken":0,"relics_obtained":["Red Mask"],"max_hp_gain":0,"max_hp_loss":0,"event_name":"Tomb of Lord Red Mask","floor":41,"gold_loss":53}],"is_beta":false,"boss_relics":[{"not_picked":["Runic Dome","bronze:MakeshiftBattery"],"picked":"Fusion Hammer"},{"not_picked":["Astrolabe","Runic Pyramid"],"picked":"Calling Bell"}],"items_purged_floors":[22],"is_endless":false,"potions_floor_spawned":[3,5,12,16,24,28,29,31,38],"killed_by":"Giant Head","ascension_level":0}}