{"host":"mw3dmj42qtkbha4b","time":1613057859,"event":{"mods":["BaseMod","Colored Map","Colored Powertips","DeckTracker","Minty Spire (QoL Compilation)","StSLib","SuperFastMode"],"gold_per_floor":[117,130,130,140,152,152,184,184,184,196,24,52,52,52,52,126,126,143,143,163,163,163,163],"floor_reached":22,"language":"KOR","playtime":460,"items_purged":[],"score":438,"play_id":"9b0f8571-8439-4623-9912-14a277a92dbd","local_time":"20210212003739","is_ascension_mode":true,"campfire_choices":[{"data":"ReachHeaven","floor":6.0,"key":"SMITH"},{"data":"Vigilance","floor":8.0,"key":"SMITH"},{"data":"Consecrate","floor":15.0,"key":"SMITH"}],"circlet_count":0,"master_deck":["AscendersBane","Strike_P","Strike_P","Strike_P","Defend_P","Defend_P","Defend_P","Eruption+1","Vigilance+1","ReachHeaven+1","Consecrate+1","RitualDagger"],"relics":["PureWater","NeowsBlessing","Omamori","Juzu Bracelet","Sling","Mummified Hand","StrikeDummy","Empty Cage"],"acts_visited":["Exordium","TheCity"],"potions_floor_usage":[22],"damage_taken":[{"damage":0.0,"enemies":"Cultist","floor":1.0,"turns":1.0},{"damage":0.0,"enemies":"2 Louse","floor":2.0,"turns":2.0},{"damage":0.0,"enemies":"Jaw Worm","floor":4.0,"turns":1.0},{"damage":4.0,"enemies":"Red Slaver","floor":5.0,"turns":2.0},{"damage":22.0,"enemies":"3 Sentries","floor":7.0,"turns":5.0},{"damage":1.0,"enemies":"Looter","floor":10.0,"turns":2.0},{"damage":0.0,"enemies":"Gremlin Nob","floor":12.0,"turns":1.0},{"damage":29.0,"enemies":"The Guardian","floor":16.0,"turns":11.0},{"damage":0.0,"enemies":"Spheric Guardian","floor":18.0,"turns":3.0},{"damage":31.0,"enemies":"Shell Parasite","floor":20.0,"turns":2.0},{"damage":15,"enemies":"Snake Plant","floor":22,"turns":1}],"seed_played":"2975919933481049370","potions_obtained":[{"floor":1.0,"key":"FearPotion"},{"floor":2.0,"key":"FearPotion"},{"floor":10.0,"key":"DistilledChaos"},{"floor":12.0,"key":"StancePotion"},{"floor":16.0,"key":"EssenceOfSteel"},{"floor":18.0,"key":"Weak Potion"}],"is_trial":false,"path_per_floor":["M","M","?","M","M","R","E","R","T","M","$","E","?","?","R","B",null,"M","?","M","?","M"],"character_chosen":"WATCHER","items_purchased":["Sling"],"campfire_rested":0,"item_purchase_floors":[11],"current_hp_per_floor":[61,61,61,61,57,57,35,35,35,34,34,34,34,34,34,5,52,52,46,15,15,0,0],"gold":163,"neow_bonus":"THREE_ENEMY_KILL","is_daily":false,"chose_seed":false,"campfire_upgraded":3,"win_rate":0.0,"timestamp":1613057859,"path_taken":["M","?","?","?","M","R","E","R","T","M","$","E","?","?","R","BOSS","M","?","M","?","M"],"items_purchased_type":["Relic"],"build_version":"2020-12-22","purchased_purges":0,"victory":false,"max_hp_per_floor":[68,68,68,68,68,68,68,68,68,68,68,68,68,68,68,68,68,68,68,68,68,68,68],"card_choices":[{"not_picked":["WindmillStrike","JustLucky","Prostrate"],"picked":"SKIP","floor":1.0},{"not_picked":["FlurryOfBlows","BowlingBash","CutThroughFate"],"picked":"SKIP","floor":2.0},{"not_picked":["EmptyBody","Sanctity"],"picked":"ReachHeaven","floor":4.0},{"not_picked":["FollowUp","EmptyBody","EmptyFist"],"picked":"SKIP","floor":5.0},{"not_picked":["SandsOfTime","CrushJoints"],"picked":"Consecrate","floor":7.0},{"not_picked":["Pray","BowlingBash","EmptyBody"],"picked":"SKIP","floor":10.0},{"not_picked":["Ragnarok","Crescendo","CutThroughFate"],"picked":"SKIP","floor":12.0},{"not_picked":["PathToVictory","CutThroughFate","Worship"],"picked":"SKIP","floor":18.0},{"not_picked":["MentalFortress","Consecrate","Evaluate"],"picked":"SKIP","floor":20.0}],"player_experience":1814957,"relics_obtained":[{"floor":7.0,"key":"Omamori"},{"floor":9.0,"key":"Juzu Bracelet"},{"floor":12.0,"key":"Mummified Hand"}],"event_choices":[{"damage_healed":0.0,"max_hp_gain":0.0,"max_hp_loss":0.0,"gold_gain":0.0,"event_name":"Accursed Blacksmith","player_choice":"Forge","floor":3.0,"gold_loss":0.0,"damage_taken":0.0,"cards_upgraded":["Eruption"]},{"damage_healed":0.0,"max_hp_gain":0.0,"max_hp_loss":0.0,"gold_gain":0.0,"event_name":"Transmorgrifier","player_choice":"Ignored","floor":13.0,"gold_loss":0.0,"damage_taken":0.0},{"damage_healed":0.0,"max_hp_gain":0.0,"max_hp_loss":0.0,"gold_gain":0.0,"event_name":"Big Fish","player_choice":"Box","floor":14.0,"gold_loss":0.0,"damage_taken":0.0,"relics_obtained":["StrikeDummy"],"cards_obtained":["Regret"]},{"damage_healed":0.0,"max_hp_gain":0.0,"max_hp_loss":0.0,"gold_gain":0.0,"event_name":"Nest","player_choice":"Joined the Cult","floor":19.0,"gold_loss":0.0,"damage_taken":6.0,"cards_obtained":["RitualDagger"]},{"damage_healed":0,"gold_gain":0,"player_choice":"Ignored","damage_taken":0,"max_hp_gain":0,"max_hp_loss":0,"event_name":"Cursed Tome","floor":21,"gold_loss":0}],"is_beta":false,"boss_relics":[{"not_picked":["HolyWater","Ectoplasm"],"picked":"Empty Cage"}],"items_purged_floors":[],"is_endless":false,"potions_floor_spawned":[1,2,10,12,16,18],"killed_by":"Snake Plant","ascension_level":20}}