{"host":"lklj3eidp7g5an38","time":1613086126,"event":{"mods":["AchievementEnabler","BaseMod","Colored Map","Colored Powertips","Curses Come First","DeckTracker","Highlight Path","Minty Spire (QoL Compilation)","Relic Stats","StSLib"],"gold_per_floor":[11,31,31,48,59,59,74,93,93,93,113,133,164,183,183,183,183],"floor_reached":16,"language":"ENG","playtime":924,"items_purged":[],"score":200,"play_id":"fb31dd05-bdcb-4d77-90b1-462e22fcf493","local_time":"20210211232846","is_ascension_mode":true,"campfire_choices":[{"data":"Redo","floor":6.0,"key":"SMITH"},{"floor":10.0,"key":"REST"},{"floor":15,"key":"REST"}],"circlet_count":0,"master_deck":["AscendersBane","Strike_B","Strike_B","Defend_B","Defend_B","Defend_B","Zap","Dualcast","Chill","Redo+1","Rebound","Ball Lightning","All For One","Go for the Eyes","Glacier","Gash+1","Sweeping Beam+1"],"relics":["Cracked Core","Molten Egg 2","Bag of Preparation"],"acts_visited":["Exordium"],"potions_floor_usage":[13,14,16],"damage_taken":[{"damage":1.0,"enemies":"Cultist","floor":1.0,"turns":4.0},{"damage":10.0,"enemies":"Jaw Worm","floor":2.0,"turns":3.0},{"damage":0.0,"enemies":"Small Slimes","floor":4.0,"turns":3.0},{"damage":7.0,"enemies":"Blue Slaver","floor":5.0,"turns":3.0},{"damage":16.0,"enemies":"Large Slime","floor":7.0,"turns":4.0},{"damage":13.0,"enemies":"3 Louse","floor":8.0,"turns":4.0},{"damage":0,"enemies":"Gremlin Gang","floor":11,"turns":5},{"damage":0,"enemies":"Blue Slaver","floor":12,"turns":2},{"damage":17,"enemies":"Lagavulin","floor":13,"turns":6},{"damage":12,"enemies":"Large Slime","floor":14,"turns":4},{"damage":31,"enemies":"Hexaghost","floor":16,"turns":9}],"seed_played":"-210929751623395999","potions_obtained":[{"floor":5.0,"key":"Ancient Potion"},{"floor":8.0,"key":"Strength Potion"},{"floor":12,"key":"PotionOfCapacity"},{"floor":13,"key":"ColorlessPotion"}],"is_trial":false,"path_per_floor":["M","M","?","M","M","R","M","M","T","R","M","M","E","M","R","B"],"character_chosen":"DEFECT","items_purchased":[],"campfire_rested":2,"item_purchase_floors":[],"current_hp_per_floor":[63,53,53,53,46,46,30,17,17,38,38,38,21,9,30,0,0],"gold":183,"neow_bonus":"TRANSFORM_TWO_CARDS","is_daily":false,"chose_seed":false,"campfire_upgraded":1,"win_rate":0.0,"timestamp":1613086126,"path_taken":["M","M","?","M","?","R","M","M","T","R","?","M","E","?","R","BOSS"],"items_purchased_type":[],"build_version":"2020-12-22","purchased_purges":0,"victory":false,"max_hp_per_floor":[71,71,71,71,71,71,71,71,71,71,71,71,71,71,71,71,71],"relic_stats":{"counters":[11,47],"Bag of Preparation":[4],"obtain_stats":[{"Molten Egg 2":9,"Bag of Preparation":13,"Cracked Core":0},{"Molten Egg 2":6,"Bag of Preparation":9,"Cracked Core":0},{"Molten Egg 2":21,"Bag of Preparation":34,"Cracked Core":0}]},"card_choices":[{"not_picked":["Go for the Eyes","Turbo"],"picked":"Rebound","floor":1.0},{"not_picked":["Stack","White Noise"],"picked":"Ball Lightning","floor":2.0},{"not_picked":["Coolheaded","Cold Snap"],"picked":"All For One","floor":4.0},{"not_picked":["Compile Driver","Lockon"],"picked":"Go for the Eyes","floor":5.0},{"not_picked":["Ball Lightning","Leap"],"picked":"Glacier","floor":7.0},{"not_picked":["Redo","Blizzard","Amplify"],"picked":"SKIP","floor":8.0},{"not_picked":["Steam","Hologram"],"picked":"Gash+1","floor":11},{"not_picked":["Turbo","Ball Lightning+1","Barrage+1"],"picked":"SKIP","floor":12},{"not_picked":["Rebound+1","Go for the Eyes+1"],"picked":"Sweeping Beam+1","floor":13},{"not_picked":["Cold Snap+1","Steam Power","Storm"],"picked":"SKIP","floor":14}],"player_experience":955499,"relics_obtained":[{"floor":9.0,"key":"Molten Egg 2"},{"floor":13,"key":"Bag of Preparation"}],"event_choices":[{"cards_removed":["Strike_B"],"damage_healed":0.0,"max_hp_gain":0.0,"max_hp_loss":0.0,"gold_gain":0.0,"event_name":"Bonfire Elementals","player_choice":"Offered Basic","floor":3.0,"gold_loss":0.0,"damage_taken":0.0}],"is_beta":false,"boss_relics":[],"items_purged_floors":[],"is_endless":false,"potions_floor_spawned":[5,8,12,13],"killed_by":"Hexaghost","ascension_level":17}}