{"host":"dztixnx9b0gu6w9i","time":1613003239,"event":{"mods":["BaseMod","Bestiary","Minty Spire (QoL Compilation)","Relic Stats","Slay the Relics Exporter","SpireBot","ojb\u0027s Better Paths Mod","ojb\u0027s Info Mod"],"gold_per_floor":[110,110,122,122,154,166,212,224,260,303,326,369,410,29,29,106,106,117,134,134,134,147,147,181,196,196,211,236,236,236,248,248,321,321,334,387,387,402,402,402,431,104,181,181,193,220,232,259,259,259,259,259,259,48,82,82],"floor_reached":57,"language":"ENG","playtime":8097,"items_purged":["Writhe"],"score":3296,"play_id":"90ae2032-2d8e-4cee-bae4-85402f60c21d","local_time":"20210210192719","is_ascension_mode":true,"campfire_choices":[{"data":"Doom and Gloom","floor":6,"key":"SMITH"},{"data":"Sweeping Beam","floor":8,"key":"SMITH"},{"floor":15,"key":"REST"},{"data":"Fission","floor":23,"key":"SMITH"},{"data":"Aggregate","floor":30,"key":"SMITH"},{"data":"Defragment","floor":32,"key":"SMITH"},{"data":"Capacitor","floor":40,"key":"SMITH"},{"floor":49,"key":"RECALL"},{"data":"Biased Cognition","floor":53,"key":"SMITH"}],"circlet_count":0,"master_deck":["AscendersBane","Zap+1","Dualcast","Compile Driver","Doom and Gloom+1","Ball Lightning+1","Chill+1","Glacier","Echo Form","Tempest","Compile Driver","Compile Driver","Biased Cognition+1","Amplify","Electrodynamics","Skim","Scrape","Fission+1","Conserve Battery","Rip and Tear","Defragment+1","Coolheaded","Aggregate+1","Hologram","Steam Power","Glacier","Decay","Echo Form","Stack","Capacitor+1","Glacier","Aggregate","Hologram+1","Core Surge"],"relics":["Cracked Core","Juzu Bracelet","MawBank","PreservedInsect","Whetstone","Ice Cream","Bag of Marbles","Odd Mushroom","ClockworkSouvenir","Potion Belt","Pandora\u0027s Box","Unceasing Top","Nunchaku","Eternal Feather","Happy Flower","Snecko Eye","CaptainsWheel","Regal Pillow","Art of War","Bronze Scales","Boot","War Paint","Lantern","White Beast Statue"],"acts_visited":["Exordium","TheCity","TheBeyond","TheEnding"],"potions_floor_usage":[7,10,16,16,24,41,41,41,56,56],"damage_taken":[{"damage":7,"enemies":"Jaw Worm","floor":1,"turns":3},{"damage":10,"enemies":"Small Slimes","floor":3,"turns":4},{"damage":3,"enemies":"2 Louse","floor":5,"turns":2},{"damage":10,"enemies":"Lagavulin","floor":7,"turns":7},{"damage":0,"enemies":"Gremlin Nob","floor":10,"turns":2},{"damage":4,"enemies":"Exordium Thugs","floor":11,"turns":3},{"damage":0,"enemies":"Lagavulin","floor":12,"turns":4},{"damage":9,"enemies":"The Mushroom Lair","floor":13,"turns":2},{"damage":19,"enemies":"The Guardian","floor":16,"turns":14},{"damage":0,"enemies":"Chosen","floor":18,"turns":4},{"damage":0,"enemies":"Spheric Guardian","floor":19,"turns":4},{"damage":0,"enemies":"Snecko","floor":22,"turns":8},{"damage":3,"enemies":"Gremlin Leader","floor":24,"turns":3},{"damage":2,"enemies":"Snake Plant","floor":25,"turns":4},{"damage":18,"enemies":"Cultist and Chosen","floor":27,"turns":3},{"damage":8,"enemies":"Slavers","floor":28,"turns":3},{"damage":19,"enemies":"Centurion and Healer","floor":31,"turns":5},{"damage":0,"enemies":"Collector","floor":33,"turns":7},{"damage":0,"enemies":"Orb Walker","floor":35,"turns":2},{"damage":0,"enemies":"2 Orb Walkers","floor":36,"turns":3},{"damage":10,"enemies":"3 Darklings","floor":38,"turns":3},{"damage":47,"enemies":"Reptomancer","floor":41,"turns":5},{"damage":0,"enemies":"4 Shapes","floor":45,"turns":4},{"damage":1,"enemies":"Nemesis","floor":46,"turns":9},{"damage":0,"enemies":"Spire Growth","floor":47,"turns":6},{"damage":15,"enemies":"Giant Head","floor":48,"turns":12},{"damage":0,"enemies":"Time Eater","floor":50,"turns":24},{"damage":0,"enemies":"Donu and Deca","floor":51,"turns":9},{"damage":0,"enemies":"Shield and Spear","floor":55,"turns":6},{"damage":20,"enemies":"The Heart","floor":56,"turns":8}],"seed_played":"6964806504407395567","potions_obtained":[{"floor":1,"key":"Swift Potion"},{"floor":5,"key":"SpeedPotion"},{"floor":7,"key":"CultistPotion"},{"floor":10,"key":"Swift Potion"},{"floor":22,"key":"Weak Potion"},{"floor":25,"key":"Weak Potion"},{"floor":31,"key":"FearPotion"},{"floor":36,"key":"SkillPotion"},{"floor":38,"key":"SpeedPotion"},{"floor":47,"key":"Fire Potion"},{"floor":48,"key":"ColorlessPotion"}],"is_trial":false,"path_per_floor":["M","?","M","?","M","R","E","R","T","E","M","E","?","$","R","B",null,"M","M","?","?","M","R","E","M","T","M","E","?","R","M","R","B",null,"M","?","?","M","?","R","E","$","T","T","M","E","M","E","R","B","B",null,"R","$","E","B",null],"character_chosen":"DEFECT","items_purchased":["ClockworkSouvenir","Potion Belt","Compile Driver","DistilledChaos","Art of War","Lantern","SkillPotion"],"campfire_rested":1,"item_purchase_floors":[14,14,14,42,42,54,54],"current_hp_per_floor":[57,57,47,42,39,39,29,29,29,29,25,25,16,16,37,18,58,58,58,58,58,58,58,55,53,53,35,27,27,42,23,38,38,63,63,63,63,53,53,71,24,24,24,24,24,23,23,8,26,26,26,60,71,71,71,51],"gold":82,"neow_bonus":"RANDOM_COMMON_RELIC","is_daily":false,"chose_seed":false,"campfire_upgraded":7,"win_rate":0.0,"timestamp":1613003239,"path_taken":["M","?","M","?","M","R","E","R","T","E","M","E","?","$","R","BOSS","M","M","?","?","M","R","E","M","T","M","E","?","R","M","R","BOSS","M","?","?","M","?","R","E","$","T","?","M","E","M","E","R","BOSS","BOSS","R","$","E","BOSS"],"items_purchased_type":["Relic","Relic","Card","Potion","Relic","Relic","Potion"],"build_version":"2020-12-22","purchased_purges":1,"victory":true,"max_hp_per_floor":[71,71,71,71,71,71,71,71,71,71,71,71,71,71,71,71,71,71,71,71,71,71,71,71,71,71,71,71,71,71,71,71,71,71,71,71,71,71,71,71,71,71,71,71,71,71,71,71,71,71,71,71,71,71,71,71],"relic_stats":{"Regal Pillow":0,"Happy Flower":[34],"counters":[30,173],"Eternal Feather":77,"PreservedInsect":459,"Juzu Bracelet":1,"Whetstone":["Ball Lightning","Strike_B"],"War Paint":["Chill","Zap"],"MawBank":120,"Boot":[2],"Nunchaku":[13],"Bronze Scales":[337],"Snecko Eye":[210,187,145,186],"Pandora\u0027s Box":["Amplify","Electrodynamics","Skim","Scrape","Fission","Conserve Battery","Rip and Tear"],"Art of War":[39],"obtain_stats":[{"Ice Cream":10,"Potion Belt":14,"Regal Pillow":41,"Lantern":54,"Happy Flower":28,"Eternal Feather":26,"PreservedInsect":7,"Juzu Bracelet":0,"Whetstone":9,"Odd Mushroom":13,"War Paint":48,"MawBank":4,"Boot":46,"White Beast Statue":55,"ClockworkSouvenir":14,"Nunchaku":24,"CaptainsWheel":36,"Bronze Scales":44,"Snecko Eye":34,"Pandora\u0027s Box":17,"Bag of Marbles":12,"Art of War":42,"Cracked Core":0,"Unceasing Top":20},{"Ice Cream":5,"Potion Belt":8,"Regal Pillow":22,"Lantern":28,"Happy Flower":16,"Eternal Feather":14,"PreservedInsect":4,"Juzu Bracelet":0,"Whetstone":4,"Odd Mushroom":8,"War Paint":26,"MawBank":2,"Boot":24,"White Beast Statue":29,"ClockworkSouvenir":8,"Nunchaku":13,"CaptainsWheel":20,"Bronze Scales":22,"Snecko Eye":18,"Pandora\u0027s Box":9,"Bag of Marbles":7,"Art of War":22,"Cracked Core":0,"Unceasing Top":11},{"Ice Cream":18,"Potion Belt":27,"Regal Pillow":95,"Lantern":159,"Happy Flower":70,"Eternal Feather":64,"PreservedInsect":16,"Juzu Bracelet":0,"Whetstone":16,"Odd Mushroom":27,"War Paint":126,"MawBank":7,"Boot":108,"White Beast Statue":165,"ClockworkSouvenir":27,"Nunchaku":60,"CaptainsWheel":87,"Bronze Scales":95,"Snecko Eye":82,"Pandora\u0027s Box":41,"Bag of Marbles":25,"Art of War":95,"Cracked Core":0,"Unceasing Top":49}],"Unceasing Top":[0]},"card_choices":[{"not_picked":["Double Energy","Conserve Battery"],"picked":"Compile Driver","floor":1},{"not_picked":["Gash","Lockon"],"picked":"Doom and Gloom","floor":3},{"not_picked":["Sunder","Stack"],"picked":"Ball Lightning","floor":5},{"not_picked":["Beam Cell","Redo"],"picked":"Chill","floor":7},{"not_picked":["Redo","Storm"],"picked":"Glacier","floor":10},{"not_picked":["Ball Lightning","Leap"],"picked":"Echo Form","floor":11},{"not_picked":["Fusion","Ball Lightning","Tempest"],"picked":"SKIP","floor":12},{"not_picked":["Fusion","Ball Lightning"],"picked":"Tempest","floor":12},{"not_picked":["Scrape","Barrage"],"picked":"Compile Driver","floor":13},{"not_picked":["Meteor Strike","Creative AI"],"picked":"Biased Cognition","floor":16},{"not_picked":["Lockon+1","Beam Cell"],"picked":"Defragment","floor":18},{"not_picked":["Auto Shields","Storm"],"picked":"Coolheaded","floor":19},{"not_picked":["Barrage","Conserve Battery"],"picked":"Aggregate","floor":22},{"not_picked":["Steam","Storm"],"picked":"Hologram","floor":24},{"not_picked":["Blizzard+1","Go for the Eyes","Redo"],"picked":"SKIP","floor":25},{"not_picked":["Coolheaded","Beam Cell"],"picked":"Steam Power","floor":27},{"not_picked":["Skim+1","Rip and Tear"],"picked":"Glacier","floor":28},{"not_picked":["Ball Lightning","Reprogram","Static Discharge"],"picked":"SKIP","floor":31},{"not_picked":["Meteor Strike","Creative AI"],"picked":"Echo Form","floor":33},{"not_picked":["Go for the Eyes","Rebound"],"picked":"Stack","floor":35},{"not_picked":["Storm","Barrage"],"picked":"Capacitor","floor":36},{"not_picked":["Steam","Streamline","Go for the Eyes"],"picked":"SKIP","floor":38},{"not_picked":["Gash","Reboot","Storm"],"picked":"SKIP","floor":41},{"not_picked":["Barrage","Darkness"],"picked":"Glacier","floor":45},{"not_picked":["Recycle","Amplify"],"picked":"Aggregate","floor":46},{"not_picked":["Leap","Cold Snap"],"picked":"Hologram+1","floor":47},{"not_picked":["Beam Cell","Redo"],"picked":"Core Surge","floor":48},{"not_picked":["Beam Cell+1","Conserve Battery","Rebound+1"],"picked":"SKIP","floor":55}],"player_experience":8549002,"relics_obtained":[{"floor":7,"key":"PreservedInsect"},{"floor":9,"key":"Whetstone"},{"floor":10,"key":"Ice Cream"},{"floor":12,"key":"Bag of Marbles"},{"floor":13,"key":"Odd Mushroom"},{"floor":24,"key":"Nunchaku"},{"floor":26,"key":"Eternal Feather"},{"floor":28,"key":"Happy Flower"},{"floor":36,"key":"CaptainsWheel"},{"floor":41,"key":"Regal Pillow"},{"floor":44,"key":"Bronze Scales"},{"floor":46,"key":"Boot"},{"floor":48,"key":"War Paint"},{"floor":55,"key":"White Beast Statue"}],"event_choices":[{"damage_healed":0,"gold_gain":0,"cards_transformed":["Strike_B"],"player_choice":"Change","damage_taken":0,"max_hp_gain":0,"max_hp_loss":0,"event_name":"Living Wall","floor":2,"gold_loss":0,"cards_obtained":["Sweeping Beam"]},{"damage_healed":0,"gold_gain":0,"player_choice":"Success","damage_taken":5,"relics_obtained":["MawBank"],"max_hp_gain":0,"max_hp_loss":0,"event_name":"Scrap Ooze","floor":4,"gold_loss":0},{"damage_healed":0,"gold_gain":0,"player_choice":"Fought Mushrooms","damage_taken":0,"max_hp_gain":0,"max_hp_loss":0,"event_name":"Mushrooms","floor":13,"gold_loss":0},{"damage_healed":0,"gold_gain":0,"player_choice":"Opened","damage_taken":0,"relics_obtained":["Unceasing Top"],"max_hp_gain":0,"max_hp_loss":0,"event_name":"The Mausoleum","floor":20,"gold_loss":0,"cards_obtained":["Writhe"]},{"damage_healed":0,"gold_gain":0,"player_choice":"Ignored","damage_taken":0,"max_hp_gain":0,"max_hp_loss":0,"event_name":"Vampires","floor":21,"gold_loss":0},{"damage_healed":0,"gold_gain":0,"player_choice":"Smashed Altar","damage_taken":0,"max_hp_gain":0,"max_hp_loss":0,"event_name":"Forgotten Altar","floor":29,"gold_loss":0,"cards_obtained":["Decay"]},{"damage_healed":0,"gold_gain":0,"player_choice":"Fight","damage_taken":0,"max_hp_gain":0,"max_hp_loss":0,"event_name":"Mysterious Sphere","floor":36,"gold_loss":0},{"damage_healed":0,"gold_gain":0,"player_choice":"Ignored","damage_taken":0,"max_hp_gain":0,"max_hp_loss":0,"event_name":"SecretPortal","floor":37,"gold_loss":0},{"cards_removed":["Sweeping Beam"],"damage_healed":0,"gold_gain":0,"player_choice":"Removed Attack","damage_taken":0,"max_hp_gain":0,"max_hp_loss":0,"event_name":"Falling","floor":39,"gold_loss":0}],"is_beta":false,"boss_relics":[{"not_picked":["SacredBark","Sozu"],"picked":"Pandora\u0027s Box"},{"not_picked":["Fusion Hammer","Tiny House"],"picked":"Snecko Eye"}],"items_purged_floors":[42],"is_endless":false,"potions_floor_spawned":[1,5,7,10,22,25,31,36,38,47,48],"ascension_level":20}}