{"host":"xt3o4iokwksypl90","time":1613043230,"event":{"mods":["AchievementEnabler","BaseMod","Googly Eyes","Highlight Path","Minty Spire (QoL Compilation)","Permanent Neow"],"gold_per_floor":[118,118,133,151,162,197,197,22,46,77,2,12,12,32,32,134,134,144,157,82,82,82,82,101,101,128,154,166,166,166],"floor_reached":29,"language":"ENG","playtime":1391,"items_purged":["Strike_B"],"score":332,"play_id":"83b6a9a7-3d38-42db-95bb-6e8c0eb7454a","local_time":"20210211123350","is_ascension_mode":true,"campfire_choices":[{"data":"Streamline","floor":7.0,"key":"SMITH"},{"data":"Zap","floor":13.0,"key":"SMITH"},{"data":"FTL","floor":15.0,"key":"SMITH"},{"data":"RitualDagger","floor":23.0,"key":"SMITH"},{"floor":25.0,"key":"REST"}],"circlet_count":0,"master_deck":["Strike_B","Strike_B","Strike_B","Defend_B","Defend_B","Zap+1","Dualcast","Streamline+1","Hologram","Conserve Battery","Conserve Battery","FTL+1","Conserve Battery","Buffer","Static Discharge","RitualDagger+1","Loop+1","Sweeping Beam+1","Fusion+1"],"relics":["Cracked Core","MealTicket","Toy Ornithopter","PreservedInsect","Akabeko","Runic Pyramid","Vajra","Lantern"],"acts_visited":["Exordium","TheCity"],"potions_floor_usage":[29],"damage_taken":[{"damage":18.0,"enemies":"Small Slimes","floor":1.0,"turns":3.0},{"damage":0.0,"enemies":"Cultist","floor":3.0,"turns":4.0},{"damage":4.0,"enemies":"Jaw Worm","floor":4.0,"turns":4.0},{"damage":0.0,"enemies":"Large Slime","floor":5.0,"turns":5.0},{"damage":30.0,"enemies":"3 Sentries","floor":6.0,"turns":7.0},{"damage":6.0,"enemies":"Lagavulin","floor":10.0,"turns":4.0},{"damage":0.0,"enemies":"2 Fungi Beasts","floor":12.0,"turns":3.0},{"damage":0.0,"enemies":"Exordium Wildlife","floor":14.0,"turns":3.0},{"damage":8.0,"enemies":"Hexaghost","floor":16.0,"turns":9.0},{"damage":22.0,"enemies":"2 Thieves","floor":18.0,"turns":4.0},{"damage":19.0,"enemies":"Shell Parasite","floor":19.0,"turns":5.0},{"damage":5.0,"enemies":"Chosen and Byrds","floor":24.0,"turns":6.0},{"damage":30.0,"enemies":"Gremlin Leader","floor":27.0,"turns":5.0},{"damage":13,"enemies":"Snecko","floor":28,"turns":6},{"damage":8,"enemies":"Snake Plant","floor":29,"turns":1}],"seed_played":"-1398504822848065136","potions_obtained":[{"floor":0.0,"key":"Ancient Potion"},{"floor":0.0,"key":"SteroidPotion"},{"floor":0.0,"key":"FairyPotion"},{"floor":1.0,"key":"Fruit Juice"},{"floor":2.0,"key":"LiquidBronze"},{"floor":2.0,"key":"FearPotion"},{"floor":12.0,"key":"DistilledChaos"},{"floor":19.0,"key":"LiquidBronze"},{"floor":28,"key":"SkillPotion"}],"is_trial":false,"path_per_floor":["M","?","M","M","M","E","R","$","T","E","$","M","R","M","R","B",null,"M","M","?","?","?","R","M","R","T","E","M","M"],"character_chosen":"DEFECT","items_purchased":["Conserve Battery","Toy Ornithopter"],"campfire_rested":1,"item_purchase_floors":[8,8],"current_hp_per_floor":[50,55,55,51,51,21,21,36,36,35,50,50,50,50,50,52,73,51,32,32,32,26,26,21,45,45,15,2,0,0],"gold":166,"neow_bonus":"THREE_SMALL_POTIONS","is_daily":false,"chose_seed":false,"campfire_upgraded":4,"win_rate":0.0,"timestamp":1613043230,"path_taken":["M","?","M","?","M","E","R","?","T","E","$","M","R","?","R","BOSS","M","M","?","?","?","R","M","R","T","E","M","M"],"items_purchased_type":["Card","Relic"],"build_version":"2020-12-22","purchased_purges":1,"victory":false,"max_hp_per_floor":[75,80,80,80,80,80,80,80,80,80,80,80,80,80,80,80,80,80,80,80,80,80,80,80,80,80,80,80,80,80],"card_choices":[{"not_picked":["Barrage","Rainbow"],"picked":"Streamline","floor":1.0},{"not_picked":["Sweeping Beam","Blizzard"],"picked":"Hologram","floor":3.0},{"not_picked":["Streamline","Rebound"],"picked":"Conserve Battery","floor":4.0},{"not_picked":["Stack","Meteor Strike"],"picked":"Conserve Battery","floor":5.0},{"not_picked":["Leap","Lockon"],"picked":"FTL","floor":6.0},{"not_picked":["White Noise","Rebound","Gash"],"picked":"SKIP","floor":10.0},{"not_picked":["Leap","Steam","Rip and Tear"],"picked":"SKIP","floor":12.0},{"not_picked":["Barrage","Leap","Turbo"],"picked":"SKIP","floor":14.0},{"not_picked":["Multi-Cast","Creative AI"],"picked":"Buffer","floor":16.0},{"not_picked":["Gash","Conserve Battery","Leap"],"picked":"SKIP","floor":18.0},{"not_picked":["Barrage","Go for the Eyes"],"picked":"Static Discharge","floor":19.0},{"not_picked":["Go for the Eyes","Sweeping Beam+1"],"picked":"Loop+1","floor":24.0},{"not_picked":["Conserve Battery","Ball Lightning"],"picked":"Sweeping Beam+1","floor":27.0},{"not_picked":["Leap","Cold Snap"],"picked":"Fusion+1","floor":28}],"player_experience":342958,"relics_obtained":[{"floor":6.0,"key":"MealTicket"},{"floor":9.0,"key":"PreservedInsect"},{"floor":10.0,"key":"Akabeko"},{"floor":26.0,"key":"Vajra"},{"floor":27.0,"key":"Lantern"}],"event_choices":[{"damage_healed":0.0,"max_hp_gain":0.0,"max_hp_loss":0.0,"gold_gain":0.0,"event_name":"Lab","player_choice":"Got Potions","floor":2.0,"gold_loss":0.0,"damage_taken":0.0},{"cards_removed":["Defend_B"],"damage_healed":0.0,"max_hp_gain":0.0,"max_hp_loss":0.0,"gold_gain":0.0,"event_name":"Beggar","player_choice":"Gave Gold","floor":20.0,"gold_loss":75.0,"damage_taken":0.0},{"cards_removed":["Defend_B"],"damage_healed":0.0,"max_hp_gain":0.0,"max_hp_loss":0.0,"gold_gain":0.0,"event_name":"Back to Basics","player_choice":"Elegance","floor":21.0,"gold_loss":0.0,"damage_taken":0.0},{"damage_healed":0.0,"max_hp_gain":0.0,"max_hp_loss":0.0,"gold_gain":0.0,"event_name":"Nest","player_choice":"Joined the Cult","floor":22.0,"gold_loss":0.0,"damage_taken":6.0,"cards_obtained":["RitualDagger"]}],"is_beta":false,"boss_relics":[{"not_picked":["Velvet Choker","Ectoplasm"],"picked":"Runic Pyramid"}],"items_purged_floors":[11],"is_endless":false,"potions_floor_spawned":[1,4,6,12,19,28],"killed_by":"Snake Plant","ascension_level":6}}