{"host":"KYO","time":1613045794,"event":{"mods":["ATMod(°¢èªMod)","BaseMod","Better Vampires","Minty Spire (QoL Compilation)","Permanent Neow","Replay The Spire","Shop Mod","StSLib","SuperFastMode","TestMod","[IsaacMod]ÒÔÈö¼âËþ","¡¾ÒÅÎï¿¨ÅÆ¡¿REMEMod"],"gold_per_floor":[112,112,129,129,204,235,270,298,298,298,336,336,367,411,411,485,485,405,405],"floor_reached":18,"language":"ZHS","playtime":791,"items_purged":[],"score":460,"play_id":"aba5319e-dc90-4782-b902-e1477aa604a4","local_time":"20210211201634","is_ascension_mode":true,"campfire_choices":[{"floor":10,"key":"REST"},{"data":"Eruption","floor":12,"key":"SMITH"},{"data":"Wish","floor":15,"key":"SMITH"}],"circlet_count":0,"master_deck":["AscendersBane","Strike_P","Strike_P","Strike_P","Strike_P","Defend_P","Defend_P","Defend_P","Defend_P","Eruption+1","Vigilance","AT_RealColorLess+1","Panache","Wish+1","LikeWater","LessonLearned"],"relics":["HushsDoor","AT_ATBox","REME_ComplimentaryCards","testmod-TestBox","SteamSale","testmod-StringDisintegrator","testmod-TimeTraveler","Thread and Needle","Replay:Wax Seal","WingedGreaves","testmod-TurbochargingSystem","Coffee Dripper"],"acts_visited":["Exordium","TheCity"],"potions_floor_usage":[8,16,16],"damage_taken":[{"damage":3,"enemies":"2 Louse","floor":1,"turns":2},{"damage":5,"enemies":"Small Slimes","floor":3,"turns":5},{"damage":0,"enemies":"Lagavulin","floor":6,"turns":4},{"damage":2,"enemies":"Cultist","floor":7,"turns":4},{"damage":31,"enemies":"Gremlin Nob","floor":8,"turns":4},{"damage":0,"enemies":"Blue Slaver","floor":11,"turns":4},{"damage":0,"enemies":"Lagavulin","floor":13,"turns":6},{"damage":2,"enemies":"Looter","floor":14,"turns":4},{"damage":6,"enemies":"Hexaghost","floor":16,"turns":11},{"damage":0,"enemies":"2 Thieves","floor":18,"turns":3}],"seed_played":"6669016635672124747","potions_obtained":[{"floor":3,"key":"Elixir"},{"floor":4,"key":"SneckoOil"},{"floor":7,"key":"LiquidMemories"},{"floor":8,"key":"testmod-SpacePotion"},{"floor":13,"key":"Strength Potion"},{"floor":14,"key":"Reflective Coating"}],"is_trial":false,"path_per_floor":["M","?","M","?","?","E","M","E","T","R","M","R","E","M","R","B",null,"M"],"character_chosen":"WATCHER","items_purchased":[],"campfire_rested":1,"item_purchase_floors":[],"current_hp_per_floor":[58,58,53,53,42,42,40,9,9,29,29,29,29,27,27,21,56,56,56],"gold":405,"neow_bonus":"BOSS_RELIC","is_daily":false,"chose_seed":false,"campfire_upgraded":2,"win_rate":0.0,"timestamp":1613045794,"path_taken":["M","?","M","?","?","E","M","E","T","R","M","R","E","?","R","BOSS","M"],"items_purchased_type":[],"build_version":"2020-12-18","purchased_purges":0,"victory":false,"max_hp_per_floor":[68,68,68,68,68,68,68,68,68,68,68,68,68,68,68,68,68,68,68],"card_choices":[{"not_picked":["Conclude","Prostrate"],"picked":"Bomb","floor":1},{"not_picked":["Weave","PathToVictory"],"picked":"Wish","floor":3},{"not_picked":["BowlingBash","Collect","Tantrum"],"picked":"SKIP","floor":6},{"not_picked":["REME_Repentance","Collect","PathToVictory"],"picked":"SKIP","floor":7},{"not_picked":["EmptyBody","InnerPeace"],"picked":"LikeWater","floor":8},{"not_picked":["DeceiveReality","REME_Repentance","Replay:ManipulateFuture"],"picked":"SKIP","floor":11},{"not_picked":["WaveOfTheHand","PathToVictory","Replay:AtTheReady"],"picked":"SKIP","floor":13},{"not_picked":["Halt","SandsOfTime","SignatureMove"],"picked":"SKIP","floor":14},{"not_picked":["Scrawl","AT_ChampionKick"],"picked":"LessonLearned","floor":16}],"player_experience":762464,"relics_obtained":[{"floor":6,"key":"Thread and Needle"},{"floor":8,"key":"Replay:Wax Seal"},{"floor":9,"key":"WingedGreaves"},{"floor":13,"key":"testmod-TurbochargingSystem"}],"event_choices":[{"damage_healed":0,"gold_gain":0,"player_choice":"Got Potions","damage_taken":0,"max_hp_gain":0,"max_hp_loss":0,"event_name":"Lab","floor":4,"gold_loss":0},{"damage_healed":0,"gold_gain":75,"player_choice":"Gather Gold","damage_taken":11,"max_hp_gain":0,"max_hp_loss":0,"event_name":"World of Goop","floor":5,"gold_loss":0}],"is_beta":true,"boss_relics":[{"not_picked":["testmod-HarvestTotem","testmod-BatchProcessingSystem"],"picked":"Coffee Dripper"},{"not_picked":[]}],"items_purged_floors":[],"is_endless":false,"potions_floor_spawned":[3,7,8,13,14],"killed_by":"2 Thieves","ascension_level":20}}