{"host":"djoj10dqzzvtkauc","time":1613047830,"event":{"mods":["2.2 Compatiblity","BaseMod","Colored Map","DeckTracker","Highlight Path","Keyboard Shortcuts","Marisa£¨Ùöéë¡¡Øª×âÞÞ£©","Minty Spire (QoL Compilation)","Permanent Neow","Quick Restart","Random Character Button","StSLib","SuperFastMode","everything is the same but u backflip on backflip"],"gold_per_floor":[117,117,130,130,147,147,147,147,147,179,179,206,34,48,48,124,124,140,140,158,177,20,20,34,34,105,118,128,128,161,172,172,172,172],"floor_reached":33,"language":"KOR","playtime":3084,"items_purged":["Strike_G"],"score":496,"play_id":"b0eee909-0db2-4ed7-b4e8-559ab58bfad5","local_time":"20210211215030","is_ascension_mode":true,"campfire_choices":[{"data":"Terror","floor":6.0,"key":"SMITH"},{"data":"Backstab","floor":8.0,"key":"SMITH"},{"data":"Endless Agony","floor":11.0,"key":"SMITH"},{"data":"Noxious Fumes","floor":15.0,"key":"SMITH"},{"data":"Tools of the Trade","floor":23.0,"key":"SMITH"},{"data":"A Thousand Cuts","floor":29.0,"key":"SMITH"},{"floor":32.0,"key":"REST"}],"circlet_count":0,"master_deck":["AscendersBane","Strike_G","Strike_G","Strike_G","Strike_G","Defend_G","Defend_G","Defend_G","Defend_G","Defend_G","Survivor","Neutralize","Backstab+1","Terror+1","PiercingWail","Slice","Endless Agony+1","PiercingWail","Crippling Poison","Quick Slash","Noxious Fumes+1","A Thousand Cuts+1","PiercingWail","Crippling Poison","Dagger Throw","Tools of the Trade+1","PiercingWail","Backflip","Escape Plan"],"relics":["Ring of the Snake","CultistMask","Bag of Marbles","Unceasing Top","Meat on the Bone","Du-Vu Doll","HoveringKite","Kunai","Bronze Scales"],"acts_visited":["Exordium","TheCity"],"potions_floor_usage":[],"damage_taken":[{"damage":1.0,"enemies":"Small Slimes","floor":1.0,"turns":3.0},{"damage":0.0,"enemies":"2 Louse","floor":3.0,"turns":3.0},{"damage":0.0,"enemies":"Cultist","floor":5.0,"turns":3.0},{"damage":15.0,"enemies":"Lagavulin","floor":10.0,"turns":6.0},{"damage":8.0,"enemies":"3 Sentries","floor":12.0,"turns":9.0},{"damage":0.0,"enemies":"Large Slime","floor":14.0,"turns":1.0},{"damage":15.0,"enemies":"The Guardian","floor":16.0,"turns":13.0},{"damage":6.0,"enemies":"Shell Parasite","floor":18.0,"turns":4.0},{"damage":6.0,"enemies":"3 Byrds","floor":20.0,"turns":4.0},{"damage":10.0,"enemies":"3 Cultists","floor":21.0,"turns":5.0},{"damage":11.0,"enemies":"Cultist and Chosen","floor":24.0,"turns":5.0},{"damage":16.0,"enemies":"Snake Plant","floor":27.0,"turns":5.0},{"damage":19.0,"enemies":"Centurion and Healer","floor":28.0,"turns":4.0},{"damage":5.0,"enemies":"Gremlin Leader","floor":30.0,"turns":8.0},{"damage":10.0,"enemies":"Snecko","floor":31.0,"turns":4.0},{"damage":76,"enemies":"Champ","floor":33,"turns":11}],"seed_played":"-1304685064982435315","potions_obtained":[{"floor":5.0,"key":"BlessingOfTheForge"},{"floor":14.0,"key":"LiquidMemories"},{"floor":20.0,"key":"GamblersBrew"},{"floor":27.0,"key":"Regen Potion"}],"is_trial":false,"path_per_floor":["M","?","M","?","M","R","?","R","T","E","R","E","$","M","R","B",null,"M","?","M","M","$","R","M","?","T","M","M","R","E","M","R","B"],"character_chosen":"THE_SILENT","items_purchased":["Crippling Poison","Quick Slash","Tools of the Trade"],"campfire_rested":1,"item_purchase_floors":[13,13,22],"current_hp_per_floor":[58,58,58,58,58,58,46,46,46,31,31,35,35,35,35,32,58,52,52,46,36,36,36,37,25,25,21,26,26,33,35,56,0,0],"gold":172,"neow_bonus":"THREE_CARDS","is_daily":false,"chose_seed":false,"campfire_upgraded":6,"win_rate":0.0,"timestamp":1613047830,"path_taken":["M","?","M","?","?","R","?","R","T","E","R","E","?","M","R","BOSS","M","?","M","M","$","R","M","?","T","M","M","R","E","M","R","BOSS"],"items_purchased_type":["Card","Card","Card"],"build_version":"2020-12-22","purchased_purges":1,"victory":false,"max_hp_per_floor":[66,66,66,66,66,66,66,66,66,66,66,66,66,66,66,66,66,66,66,66,66,66,66,66,71,71,71,71,71,71,71,71,71,71],"card_choices":[{"not_picked":["All Out Attack","Backflip"],"picked":"Backstab","floor":0.0},{"not_picked":["Bane","Backflip"],"picked":"Terror","floor":1.0},{"not_picked":["Cloak And Dagger","Blade Dance"],"picked":"PiercingWail","floor":3.0},{"not_picked":["Acrobatics","Blur"],"picked":"Slice","floor":5.0},{"not_picked":["Calculated Gamble","Prepared"],"picked":"Endless Agony","floor":10.0},{"not_picked":["Catalyst","Slice"],"picked":"PiercingWail","floor":12.0},{"not_picked":["Distraction","Endless Agony"],"picked":"Noxious Fumes","floor":14.0},{"not_picked":["Glass Knife","Unload"],"picked":"A Thousand Cuts","floor":16.0},{"not_picked":["Finisher","All Out Attack"],"picked":"PiercingWail","floor":18.0},{"not_picked":["Underhanded Strike","Bane"],"picked":"Crippling Poison","floor":20.0},{"not_picked":["Flying Knee","Slice"],"picked":"Dagger Throw","floor":21.0},{"not_picked":["Slice","Heel Hook"],"picked":"PiercingWail","floor":24.0},{"not_picked":["Flechettes","Calculated Gamble","Dagger Throw"],"picked":"SKIP","floor":27.0},{"not_picked":["Outmaneuver","Flying Knee"],"picked":"Backflip","floor":28.0},{"not_picked":["Riddle With Holes","Reflex"],"picked":"Escape Plan","floor":30.0},{"not_picked":["Dagger Throw","Flying Knee","Eviscerate"],"picked":"SKIP","floor":31.0}],"player_experience":225327,"relics_obtained":[{"floor":9.0,"key":"Unceasing Top"},{"floor":10.0,"key":"Meat on the Bone"},{"floor":12.0,"key":"Du-Vu Doll"},{"floor":26.0,"key":"Kunai"},{"floor":30.0,"key":"Bronze Scales"}],"event_choices":[{"damage_healed":0.0,"max_hp_gain":0.0,"max_hp_loss":0.0,"gold_gain":0.0,"event_name":"Liars Game","player_choice":"Ignored","floor":2.0,"gold_loss":0.0,"damage_taken":0.0},{"damage_healed":0.0,"max_hp_gain":0.0,"max_hp_loss":0.0,"gold_gain":0.0,"event_name":"FaceTrader","player_choice":"Trade","floor":4.0,"gold_loss":0.0,"damage_taken":0.0,"relics_obtained":["CultistMask"]},{"damage_healed":0.0,"max_hp_gain":0.0,"max_hp_loss":0.0,"gold_gain":0.0,"event_name":"Scrap Ooze","player_choice":"Success","floor":7.0,"gold_loss":0.0,"damage_taken":12.0,"relics_obtained":["Bag of Marbles"]},{"damage_healed":0.0,"max_hp_gain":0.0,"max_hp_loss":0.0,"gold_gain":0.0,"event_name":"Vampires","player_choice":"Ignored","floor":19.0,"gold_loss":0.0,"damage_taken":0.0},{"damage_healed":0.0,"max_hp_gain":5.0,"max_hp_loss":0.0,"gold_gain":0.0,"event_name":"Forgotten Altar","player_choice":"Shed Blood","floor":25.0,"gold_loss":0.0,"damage_taken":17.0}],"is_beta":false,"boss_relics":[{"not_picked":["Empty Cage","Runic Pyramid"],"picked":"HoveringKite"}],"items_purged_floors":[13],"is_endless":false,"potions_floor_spawned":[5,14,20,27],"killed_by":"Champ","ascension_level":14}}