{"host":"LaserWall","time":1613058797,"event":{"mods":["BaseMod","Minty Spire (QoL Compilation)","Relic Stats"],"gold_per_floor":[118,134,149,164,164,164,27,54,54,54,86,86,118,138,138,237,237,253,253,253,253,268,268,268],"floor_reached":23,"language":"ENG","playtime":1515,"items_purged":[],"score":251,"play_id":"0a68119b-b4d9-42ac-aa60-1d754042d2a9","local_time":"20210211105317","is_ascension_mode":true,"campfire_choices":[{"data":"Masterful Stab","floor":6,"key":"SMITH"},{"data":"Die Die Die","floor":10,"key":"SMITH"},{"floor":12,"key":"REST"},{"data":"Blade Dance","floor":15,"key":"SMITH"}],"circlet_count":0,"master_deck":["Strike_G","Strike_G","Strike_G","Strike_G","Strike_G","Defend_G","Defend_G","Defend_G","Defend_G","Defend_G","Survivor","Neutralize","Blade Dance+1","Caltrops","Masterful Stab+1","Leg Sweep","Die Die Die+1","Night Terror","Blur","Malaise","Well Laid Plans","Burst","Quick Slash","RitualDagger","Footwork"],"relics":["SacredBark","Blue Candle","Turnip","Lizard Tail","Smiling Mask","Cursed Key","Enchiridion"],"acts_visited":["Exordium","TheCity"],"potions_floor_usage":[8,11,16,22],"damage_taken":[{"damage":1,"enemies":"Cultist","floor":1,"turns":4},{"damage":0,"enemies":"Jaw Worm","floor":2,"turns":4},{"damage":0,"enemies":"Small Slimes","floor":3,"turns":4},{"damage":2,"enemies":"3 Louse","floor":4,"turns":3},{"damage":6,"enemies":"3 Sentries","floor":8,"turns":6},{"damage":30,"enemies":"Gremlin Nob","floor":11,"turns":4},{"damage":12,"enemies":"3 Sentries","floor":13,"turns":5},{"damage":2,"enemies":"Looter","floor":14,"turns":3},{"damage":4,"enemies":"The Guardian","floor":16,"turns":9},{"damage":7,"enemies":"Shell Parasite","floor":18,"turns":4},{"damage":1,"enemies":"Spheric Guardian","floor":22,"turns":3},{"damage":32,"enemies":"Book of Stabbing","floor":23,"turns":5}],"seed_played":"5513362680693450505","potions_obtained":[{"floor":3,"key":"CunningPotion"},{"floor":8,"key":"Swift Potion"},{"floor":11,"key":"SneckoOil"},{"floor":13,"key":"SteroidPotion"},{"floor":16,"key":"CunningPotion"},{"floor":22,"key":"Strength Potion"}],"is_trial":false,"path_per_floor":["M","M","M","M","?","R","$","E","T","R","E","R","E","M","R","B",null,"M","T","?","?","M","E"],"character_chosen":"THE_SILENT","items_purchased":["Die Die Die"],"campfire_rested":1,"item_purchase_floors":[7],"current_hp_per_floor":[69,69,69,67,70,70,70,64,64,64,34,55,43,41,41,37,70,63,63,47,41,40,8,8],"gold":268,"neow_bonus":"BOSS_RELIC","is_daily":false,"chose_seed":false,"campfire_upgraded":3,"win_rate":0.0,"timestamp":1613058797,"path_taken":["M","M","?","?","?","R","$","E","T","R","E","R","E","M","R","BOSS","M","?","?","?","M","E"],"items_purchased_type":["Card"],"build_version":"2020-12-18","purchased_purges":0,"victory":false,"max_hp_per_floor":[70,70,70,70,70,70,70,70,70,70,70,70,70,70,70,70,70,70,70,70,70,70,70,70],"relic_stats":{"Lizard Tail":0,"counters":[12,53],"Blue Candle":[0],"Turnip":[7],"Smiling Mask":0,"Cursed Key":0,"obtain_stats":[{"Lizard Tail":11,"SacredBark":0,"Blue Candle":8,"Enchiridion":20,"Turnip":9,"Smiling Mask":13,"Cursed Key":17,"Ring of the Snake":0},{"Lizard Tail":6,"SacredBark":0,"Blue Candle":5,"Enchiridion":10,"Turnip":5,"Smiling Mask":7,"Cursed Key":9,"Ring of the Snake":0},{"Lizard Tail":25,"SacredBark":0,"Blue Candle":21,"Enchiridion":46,"Turnip":21,"Smiling Mask":30,"Cursed Key":42,"Ring of the Snake":0}]},"card_choices":[{"not_picked":["Outmaneuver","Poisoned Stab"],"picked":"Blade Dance","floor":1},{"not_picked":["Distraction","Prepared"],"picked":"Caltrops","floor":2},{"not_picked":["Dagger Throw","Underhanded Strike"],"picked":"Masterful Stab","floor":3},{"not_picked":["Terror","Escape Plan"],"picked":"Leg Sweep","floor":4},{"not_picked":["Reflex","Dagger Throw"],"picked":"Night Terror","floor":8},{"not_picked":["Sucker Punch","Predator"],"picked":"Blur","floor":11},{"not_picked":["Dagger Spray","Dodge and Roll"],"picked":"Malaise","floor":13},{"not_picked":["Sucker Punch","Catalyst"],"picked":"Well Laid Plans","floor":14},{"not_picked":["Night Terror","Phantasmal Killer"],"picked":"Burst","floor":16},{"not_picked":["Catalyst","Dagger Throw"],"picked":"Quick Slash","floor":18},{"not_picked":["Deflect","Bane+1"],"picked":"Footwork","floor":22}],"player_experience":225908,"relics_obtained":[{"floor":8,"key":"Blue Candle"},{"floor":9,"key":"Turnip"},{"floor":11,"key":"Lizard Tail"},{"floor":13,"key":"Smiling Mask"},{"floor":20,"key":"Enchiridion"}],"event_choices":[{"damage_healed":3,"gold_gain":0,"player_choice":"Full Heal","damage_taken":0,"max_hp_gain":0,"max_hp_loss":0,"event_name":"Wheel of Change","floor":5,"gold_loss":0},{"damage_healed":0,"gold_gain":0,"player_choice":"Obtained Book","damage_taken":16,"max_hp_gain":0,"max_hp_loss":0,"event_name":"Cursed Tome","floor":20,"gold_loss":0},{"damage_healed":0,"gold_gain":0,"player_choice":"Joined the Cult","damage_taken":6,"max_hp_gain":0,"max_hp_loss":0,"event_name":"Nest","floor":21,"gold_loss":0,"cards_obtained":["RitualDagger"]}],"is_beta":true,"boss_relics":[{"not_picked":["Snecko Eye","Philosopher\u0027s Stone"],"picked":"Cursed Key"}],"items_purged_floors":[],"is_endless":false,"potions_floor_spawned":[3,8,11,13,16,22],"killed_by":"Book of Stabbing","ascension_level":4}}