{"host":"bx8ylsmj2ob6hd5u","time":1613063742,"event":{"mods":["AchievementEnabler","Act Like it!","Aspiration","BaseMod","Colored Map","Downfall","Duelist Mod","Friendly Minions","Gensokyo","GifTheSpireLib","Hallownest","Hermit","HololiveMod","Hubris","Infinite Spire","Jorbs\u0027s Wanderer Trilogy","KinomotoSakuraMod(????)","Kiyohime????","Koishi","KomeijiMod","Lobotomy","LobotomyExtend","Marisa????????","Minty Spire (QoL Compilation)","Prisma Mod","Rare Cards Sparkle","Reimu??????","Remilia??????","Replay The Spire","StSLib","Td1madao Mod","The Administrix","The Animator","The Bug Knight","The Construct","The Cursed","The Disciple","The Hierophant","The Necromancer","The Poker Player","The Runesmith","The Senshi","The Servant 0.9.4","WarShipGirlsR/????R mod"],"gold_per_floor":[111,111,128,32,43,370,370,370,370,370,63,77,77,95,95,197,197,217,217,217,217,227,227,227,244,270,304,304,304,304,304],"floor_reached":30,"language":"ENG","playtime":1647,"items_purged":[],"score":246,"play_id":"cc4190b6-2adc-4375-9a76-e40b6143fa33","local_time":"20210211191542","is_ascension_mode":false,"campfire_choices":[{"data":"rmod:chargemoney","floor":7,"key":"SMITH"},{"data":"rmod:ammunitionsupply","floor":10,"key":"SMITH"},{"floor":13,"key":"REST"},{"data":"Magnetism","floor":15,"key":"SMITH"},{"data":"ReplayTheSpireMod:Book of Names","floor":23,"key":"SMITH"},{"floor":29,"key":"REST"}],"circlet_count":0,"master_deck":[],"relics":["rmod:firstchargereward","NeowsBlessing","LetterFromLob","aspiration:FrozenJewel","Torii","aspiration:HatOfInfinitePower","ReplayTheSpireMod:ShopPack","aspiration:DefectSkillbook","aspiration:DSix","Golden Egg","Hallownest:WatcherSealRelic","theSenshi:SailorFukuRelic","Replay:Bottled Steam"],"acts_visited":["Exordium","Gensokyo:Gensokyo"],"potions_floor_usage":[5,6,22,27],"damage_taken":[{"damage":0,"enemies":"Gensokyo:Python","floor":1,"turns":1},{"damage":0,"enemies":"Gensokyo:Gryphon","floor":3,"turns":1},{"damage":0,"enemies":"Gensokyo:2_Kodama","floor":5,"turns":1},{"damage":24,"enemies":"Gensokyo:Mamizou","floor":6,"turns":10},{"damage":2,"enemies":"Gensokyo:2_Rabbits","floor":12,"turns":4},{"damage":0,"enemies":"Gensokyo:Kitsune","floor":14,"turns":4},{"damage":35,"enemies":"Gensokyo:Yukari","floor":16,"turns":7},{"damage":9,"enemies":"Hallownest:2_Mistakes","floor":18,"turns":3},{"damage":19,"enemies":"Hallownest:3_Youths","floor":22,"turns":5},{"damage":10,"enemies":"Hallownest:Master_and_Novice","floor":25,"turns":3},{"damage":35,"enemies":"Nightmare","floor":27,"turns":5},{"damage":0,"enemies":"Hallownest:monsterShrumalOgre","floor":30,"turns":1}],"seed_played":"-7806498419193299459","potions_obtained":[{"floor":3,"key":"sneckomod:MuddlingPotion"},{"floor":5,"key":"Fire Potion"},{"floor":6,"key":"MagicPotion:ReiMu"},{"floor":14,"key":"SpeedPotion"},{"floor":18,"key":"FairyPotion"},{"floor":22,"key":"ZuzhouPotion:ReiMu"}],"is_trial":false,"path_per_floor":["M","$","M","COS","M","E","R","?","T","R","$","M","R","M","R","B",null,"M","AVR","M","?","M","R","?","M","T","NM","?","R","M"],"character_chosen":"PRAEFECT","items_purchased":["ReplayTheSpireMod:ShopPack","Poisoned Strike"],"campfire_rested":2,"item_purchase_floors":[11,11],"current_hp_per_floor":[75,75,75,75,75,51,51,36,36,36,36,34,56,56,56,21,75,66,66,66,49,30,30,30,20,20,10,75,75,75,75],"gold":304,"neow_bonus":"THREE_ENEMY_KILL","is_daily":false,"chose_seed":false,"campfire_upgraded":4,"win_rate":0.0,"timestamp":1613063742,"path_taken":["M","?","M","COS","?","E","R","?","T","R","$","M","R","M","R","BOSS","M","AVR","M","?","M","R","?","M","T","NM","?","R","M"],"items_purchased_type":["Relic","Card"],"build_version":"2020-12-22","purchased_purges":0,"victory":false,"max_hp_per_floor":[75,75,75,75,75,75,75,75,75,75,75,75,75,75,75,75,75,75,75,75,75,75,75,75,75,75,75,75,75,75,75],"card_choices":[{"not_picked":["rmod:shuttlebombing","rmod:firesupport"],"picked":"rmod:luckystar","floor":1},{"not_picked":["rmod:wolves","rmod:firesupport"],"picked":"rmod:chargemoney","floor":3},{"not_picked":["rmod:capitalist","rmod:aggressivemary"],"picked":"rmod:ammunitionsupply","floor":5},{"not_picked":["rmod:steelsupply","rmod:gendarmerie"],"picked":"rmod:stealaluminum","floor":6},{"not_picked":["Master of Strategy","Sadistic Nature"],"picked":"Magnetism","floor":11},{"not_picked":["Purity","Replay:BasicMightCard"],"picked":"Dark Shackles","floor":11},{"not_picked":["Swift Strike","Muse"],"picked":"Blind","floor":11},{"not_picked":["rmod:victimresponsibility","rmod:diamondstrike"],"picked":"rmod:heivgo","floor":12},{"not_picked":["rmod:circuitoustactics","rmod:intelligenceanalysis"],"picked":"rmod:supportaircraftcarrier","floor":14},{"not_picked":["rmod:seals","rmod:highspeedmaneuver"],"picked":"rmod:ridicule","floor":16},{"not_picked":["rmod:capitalist+1","rmod:firesupport","Coolheaded"],"picked":"rmod:wife","floor":18},{"not_picked":["infinitespire:Oblivion","infinitespire:Execution"],"picked":"infinitespire:Fortify","floor":21},{"not_picked":["rmod:intelligenceanalysis","rmod:overbreakdown","Hologram+1"],"picked":"rmod:fletcherpendant","floor":22},{"not_picked":["rmod:firesupport","Hologram+1","Lockon"],"picked":"rmod:fuelsupply+1","floor":25},{"not_picked":["ReplayTheSpireMod:??????????????????????","infinitespire:Menacing"],"picked":"infinitespire:FinalStrike","floor":27},{"not_picked":["Doom and Gloom","ReplaySort","rmod:combined"],"picked":"rmod:intelligenceanalysis","floor":27}],"player_experience":1578084,"relics_obtained":[{"floor":1,"key":"LetterFromLob"},{"floor":6,"key":"aspiration:FrozenJewel"},{"floor":9,"key":"aspiration:HatOfInfinitePower"},{"floor":26,"key":"theSenshi:SailorFukuRelic"},{"floor":27,"key":"Replay:Bottled Steam"}],"event_choices":[],"is_beta":false,"boss_relics":[{"not_picked":["Velvet Choker","hubris:GrandSneckoEye"],"picked":"aspiration:DefectSkillbook"}],"items_purged_floors":[],"is_endless":true,"potions_floor_spawned":[3,5,6,14,18,22],"killed_by":"Hallownest:monsterShrumalOgre","ascension_level":0}}