{"host":"yans4pr1zf0lm9bx","time":1613058919,"event":{"mods":["AchievementEnabler","BaseMod","Minty Spire (QoL Compilation)","Replay The Spire","StSLib","SuperFastMode","slay the spire mod where everything is the same but ironclad has a cowboy hat"],"gold_per_floor":[119,119,28,28,28,59,59,87,87,87,87,37,37,50,50,50,50],"floor_reached":16,"language":"ENG","playtime":623,"items_purged":[],"score":130,"play_id":"9b886e12-a1bd-402b-9bd8-6e02769dcac2","local_time":"20210211105519","is_ascension_mode":true,"campfire_choices":[{"floor":7,"key":"REST"},{"floor":11,"key":"REST"},{"data":"Blur","floor":15,"key":"SMITH"}],"circlet_count":0,"master_deck":["Strike_G","Strike_G","Strike_G","Strike_G","Strike_G+1","Defend_G","Defend_G","Defend_G","Defend_G","Defend_G","Survivor+1","Neutralize","Expertise+1","Blind","ReplayTheSpireMod:Exploit Weakness","Backstab","Deflect","Blur+1"],"relics":["Black Star","Pantograph","Orichalcum","Eternal Feather","Potion Belt","Replay:Wax Seal","Golden Idol"],"acts_visited":["Exordium"],"potions_floor_usage":[6],"damage_taken":[{"damage":3,"enemies":"Small Slimes","floor":1,"turns":6},{"damage":41,"enemies":"Lagavulin","floor":6,"turns":13},{"damage":38,"enemies":"3 Sentries","floor":8,"turns":18},{"damage":2,"enemies":"Jaw Worm","floor":14,"turns":5},{"damage":80,"enemies":"Fading Forest","floor":16,"turns":10}],"seed_played":"981891340540523316","potions_obtained":[{"floor":1,"key":"Dexterity Potion"},{"floor":14,"key":"Dexterity Potion"}],"is_trial":false,"path_per_floor":["M","?","$","T","?","E","R","E","T","?","R","$","$","M","R","B"],"character_chosen":"THE_SILENT","items_purchased":["Blind","Deflect"],"campfire_rested":2,"item_purchase_floors":[3,12],"current_hp_per_floor":[67,67,67,67,53,12,42,4,4,4,32,32,32,30,39,0,0],"gold":50,"neow_bonus":"BOSS_RELIC","is_daily":false,"chose_seed":false,"campfire_upgraded":1,"win_rate":0.0,"timestamp":1613058919,"path_taken":["M","?","?","?","?","E","R","E","T","?","R","?","$","M","R","BOSS"],"items_purchased_type":["Card","Card"],"build_version":"2020-12-22","purchased_purges":0,"victory":false,"max_hp_per_floor":[70,70,70,70,70,70,70,70,70,65,65,65,65,65,65,65,65],"card_choices":[{"not_picked":["Dagger Spray","Dagger Throw"],"picked":"Expertise","floor":1},{"not_picked":["Backflip","Deadly Poison"],"picked":"ReplayTheSpireMod:Exploit Weakness","floor":6},{"not_picked":["Dagger Throw","Dagger Spray"],"picked":"Backstab","floor":8},{"not_picked":["Dodge and Roll","Bouncing Flask"],"picked":"Blur","floor":14}],"player_experience":282087,"relics_obtained":[{"floor":4,"key":"Pantograph"},{"floor":6,"key":"Orichalcum"},{"floor":6,"key":"Eternal Feather"},{"floor":8,"key":"Potion Belt"},{"floor":8,"key":"Replay:Wax Seal"}],"event_choices":[{"damage_healed":0,"gold_gain":0,"player_choice":"Grow","damage_taken":0,"max_hp_gain":0,"max_hp_loss":0,"event_name":"Living Wall","floor":2,"gold_loss":0,"cards_upgraded":["Survivor"]},{"damage_healed":0,"gold_gain":0,"player_choice":"Entered Light","damage_taken":14,"max_hp_gain":0,"max_hp_loss":0,"event_name":"Shining Light","floor":5,"gold_loss":0,"cards_upgraded":["Strike_G","Expertise"]},{"damage_healed":0,"gold_gain":0,"player_choice":"Lose Max HP","damage_taken":0,"relics_obtained":["Golden Idol"],"max_hp_gain":0,"max_hp_loss":5,"event_name":"Golden Idol","floor":10,"gold_loss":0}],"is_beta":false,"boss_relics":[],"items_purged_floors":[],"is_endless":false,"potions_floor_spawned":[1,14],"killed_by":"Fading Forest","ascension_level":5}}