{"host":"684z1xpuwaoqmmh1","time":1613058562,"event":{"mods":["A Magickal Journey","BaseMod","Downfall","Hermit","Jorbs\u0027s Wanderer Trilogy","Marisa????????","Minty Spire (QoL Compilation)","Robot Space Explorer","Shade Mod","StSLib","The Bug Knight","The Dragon Tamer","The Elementalist","The Hayseed","The Hierophant","The Marked","The Mystic","The Runesmith","The Saiyan","The Senshi","The Spell Scribe","The Vixen","TheBandit","TheFirefly"],"gold_per_floor":[217,217,142,217,267,297,297,307,354,365,365,395,395,427,427,502,502,520,520,316,332,59,59,84,84,130,130,130,130,130,165,165,243,243,253,233,198,213,229,229,240,267,340,340,353,378,392,426,426,426,426,426,16,50,50],"floor_reached":56,"language":"ENG","playtime":4716,"items_purged":["Regret","theSenshi:SailorBlock"],"score":2142,"play_id":"c44285da-ef5b-4603-b96d-46f912d53de9","local_time":"20210211174922","is_ascension_mode":true,"campfire_choices":[{"floor":7,"key":"REST"},{"data":"theSenshi:KlutzyLuck","floor":11,"key":"SMITH"},{"data":"theSenshi:UranusStrength","floor":15,"key":"SMITH"},{"data":"1","floor":23,"key":"LIFT"},{"data":"theSenshi:TuxedoMaskAssists","floor":25,"key":"SMITH"},{"data":"2","floor":27,"key":"LIFT"},{"data":"3","floor":29,"key":"LIFT"},{"data":"theSenshi:StudyParty","floor":32,"key":"SMITH"},{"floor":40,"key":"RECALL"},{"data":"theSenshi:IWillPunishYou","floor":49,"key":"SMITH"},{"data":"theSenshi:UranusStrength","floor":52,"key":"SMITH"}],"circlet_count":0,"master_deck":["AscendersBane","theSenshi:SailorKick+1","theSenshi:SailorKick","theSenshi:SailorKick+1","theSenshi:SailorBlock+1","theSenshi:SailorBlock","theSenshi:SailorBlock+1","theSenshi:RoseThrow","theSenshi:MoonPrismPowerMakeUp","theSenshi:TuxedoMaskAssists+1","theSenshi:UranusStrength+1","theSenshi:KlutzyLuck+1","theSenshi:SailorSaturnAssists+1","theSenshi:MoonCosmicPowerMakeUp+1","theSenshi:InTheNameOfTheMoon+1","theSenshi:StudyParty+1","theSenshi:PlutosSolemnity+1","theSenshi:SaturnsMystery","theSenshi:SailorVenusAssists+1","theSenshi:SailorMercuryAssists","theSenshi:ChibiMoonsLove","theSenshi:MoonGorgeousMeditation+1","theSenshi:UranusStrength+1","theSenshi:SailorJupiterAssists+1","theSenshi:SailorMercuryAssists","theSenshi:IWillPunishYou+1","theSenshi:SailorPlanetAttack+1","theSenshi:MoonlightKnight+1","theSenshi:SailorMercuryAssists+1"],"relics":["theSenshi:TransformationBroochRelic","Boot","Girya","Anchor","Whetstone","bronze:DecasWashers","sneckomod:SneckoTalon","theSenshi:RedHairPiecesRelic","champ:Barbells","theSenshi:SuperSailorFukuRelic","Strawberry","The Courier","theSenshi:EternalSailorFukuRelic","Blood Vial","HollowMod:StagPassRelic","Dream Catcher","Mummified Hand","hexamod:CandleOfCauterizing"],"acts_visited":["Exordium","TheCity","TheBeyond","TheEnding"],"potions_floor_usage":[8,24,24,31,46,55,55,55,55],"damage_taken":[{"damage":4,"enemies":"Jaw Worm","floor":1,"turns":6},{"damage":30,"enemies":"Gremlin Nob","floor":6,"turns":5},{"damage":0,"enemies":"Small Slimes","floor":8,"turns":4},{"damage":6,"enemies":"2 Louse","floor":10,"turns":3},{"damage":15,"enemies":"Lagavulin","floor":12,"turns":10},{"damage":12,"enemies":"3 Sentries","floor":14,"turns":11},{"damage":18,"enemies":"Hexaghost","floor":16,"turns":13},{"damage":0,"enemies":"Chosen","floor":18,"turns":5},{"damage":12,"enemies":"2 Thieves","floor":21,"turns":5},{"damage":45,"enemies":"Gremlin Leader","floor":24,"turns":8},{"damage":0,"enemies":"Book of Stabbing","floor":31,"turns":6},{"damage":22,"enemies":"Champ","floor":33,"turns":11},{"damage":0,"enemies":"3 Shapes","floor":35,"turns":6},{"damage":25,"enemies":"3 Darklings","floor":38,"turns":7},{"damage":33,"enemies":"Spire Growth","floor":39,"turns":6},{"damage":0,"enemies":"Jaw Worm Horde","floor":41,"turns":6},{"damage":24,"enemies":"Reptomancer","floor":42,"turns":8},{"damage":4,"enemies":"3 Darklings","floor":45,"turns":5},{"damage":56,"enemies":"HollowMod:StalkingDevout","floor":46,"turns":10},{"damage":16,"enemies":"Spire Growth","floor":47,"turns":5},{"damage":0,"enemies":"Giant Head","floor":48,"turns":9},{"damage":92,"enemies":"Donu and Deca","floor":50,"turns":13},{"damage":12,"enemies":"Shield and Spear","floor":54,"turns":6},{"damage":90,"enemies":"The Heart","floor":55,"turns":11}],"seed_played":"8505972125073875513","potions_obtained":[{"floor":6,"key":"Guardian:BlockOnCardUsePotion"},{"floor":16,"key":"EntropicBrew"},{"floor":24,"key":"SkillPotion"},{"floor":31,"key":"SpeedPotion"},{"floor":42,"key":"LiquidBronze"},{"floor":45,"key":"EntropicBrew"},{"floor":47,"key":"SteroidPotion"}],"is_trial":false,"path_per_floor":["M","?","$","?","?","E","R","M","T","M","R","E","?","E","R","B",null,"M","?","$","M","$","R","E","R","T","R","?","R","?","E","R","B",null,"M","?","$","M","M","R","M","E","T","?","M","E","M","E","R","B",null,"R","$","E","B",null],"character_chosen":"THE_SENSHI","items_purchased":["theSenshi:SaturnsMystery","theSenshi:RedHairPiecesRelic","champ:Barbells","theSenshi:UranusStrength","Mummified Hand","theSenshi:SailorPlanetAttack","theSenshi:MoonlightKnight","Swift Potion"],"campfire_rested":1,"item_purchase_floors":[20,20,22,37,53,53,53,53],"current_hp_per_floor":[64,64,64,53,53,23,45,45,45,39,39,49,42,40,40,37,66,75,75,75,68,68,68,53,53,60,60,60,60,60,82,82,82,82,82,82,82,67,54,54,82,82,82,78,74,46,75,78,78,46,70,70,70,74,28],"gold":50,"neow_bonus":"HUNDRED_GOLD","is_daily":false,"chose_seed":false,"campfire_upgraded":6,"win_rate":0.0,"timestamp":1613058562,"path_taken":["M","?","$","?","?","E","R","M","T","M","R","E","?","E","R","BOSS","M","?","$","M","?","R","E","R","T","R","?","R","?","E","R","BOSS","M","?","?","M","M","R","M","E","T","?","M","E","M","E","R","BOSS","R","$","E","BOSS"],"items_purchased_type":["Card","Relic","Relic","Card","Relic","Card","Card","Potion"],"build_version":"2020-12-22","purchased_purges":2,"victory":true,"max_hp_per_floor":[75,75,75,75,75,75,75,75,75,75,75,75,75,75,75,75,75,75,75,75,75,75,75,75,75,82,82,82,82,82,82,82,82,82,82,82,82,82,82,82,82,82,82,78,78,78,78,78,78,78,78,78,78,78,78],"card_choices":[{"not_picked":["theSenshi:LunasBite","theSenshi:MoonlightKnight"],"picked":"theSenshi:TuxedoMaskAssists","floor":1},{"not_picked":["theSenshi:SailorMarsAssists","theSenshi:MoonPunch"],"picked":"theSenshi:UranusStrength","floor":6},{"not_picked":["theSenshi:SailorJupiterAssists","theSenshi:MoonPower"],"picked":"theSenshi:KlutzyLuck","floor":8},{"not_picked":["theSenshi:VenusGlamour","theSenshi:SailorV"],"picked":"theSenshi:SailorSaturnAssists","floor":10},{"not_picked":["theSenshi:LunasBite","theSenshi:SailorStarFighterAssists"],"picked":"theSenshi:MoonCosmicPowerMakeUp","floor":12},{"not_picked":["theSenshi:MoonKick","theSenshi:Overload"],"picked":"theSenshi:InTheNameOfTheMoon","floor":14},{"not_picked":["theSenshi:LunaSensingAllies","theSenshi:InTheNameOfTheMoon"],"picked":"theSenshi:StudyParty","floor":16},{"not_picked":["theSenshi:TallSilhouette","theSenshi:MoonKick"],"picked":"theSenshi:PlutosSolemnity+1","floor":18},{"not_picked":["theSenshi:MoonsReflection","theSenshi:MoonCrystalPowerMakeUp"],"picked":"theSenshi:SailorVenusAssists+1","floor":21},{"not_picked":["theSenshi:LunasBite","theSenshi:MoonPower"],"picked":"theSenshi:SailorMercuryAssists","floor":24},{"not_picked":["theSenshi:MoonPower","theSenshi:NeptunesGrace"],"picked":"theSenshi:ChibiMoonsLove","floor":31},{"not_picked":["theSenshi:IWillPunishYou","theSenshi:MoonEternalMakeUp"],"picked":"theSenshi:MoonGorgeousMeditation","floor":33},{"not_picked":["theSenshi:MoonKick","theSenshi:SteeledNerves+1","theSenshi:SupersonicWaves"],"picked":"SKIP","floor":35},{"not_picked":["theSenshi:YouCanTalk","theSenshi:MoonPunch","theSenshi:RainbowMoonHeartAche+1"],"picked":"SKIP","floor":38},{"not_picked":["theSenshi:Sidestep","theSenshi:TuxedoSmokingBomber","theSenshi:SchoolBag"],"picked":"SKIP","floor":39},{"not_picked":["theSenshi:SteeledNerves","theSenshi:SailorPlanetPower"],"picked":"theSenshi:SailorJupiterAssists","floor":41},{"not_picked":["theSenshi:MoonPower","theSenshi:SchoolBag"],"picked":"theSenshi:SailorMercuryAssists","floor":42},{"not_picked":["theSenshi:MoonPunch","theSenshi:LateForSchool+1","theSenshi:SailorJupiterAssists"],"picked":"SKIP","floor":45},{"not_picked":["theSenshi:MarsPride+1","theSenshi:MoonKick+1","theSenshi:MoonPower"],"picked":"SKIP","floor":46},{"not_picked":["theSenshi:HesSoDreamy+1","theSenshi:Sidestep+1","theSenshi:Overload"],"picked":"SKIP","floor":47},{"not_picked":["theSenshi:EncouragingSpeech","theSenshi:SchoolBag"],"picked":"theSenshi:IWillPunishYou","floor":48},{"not_picked":["theSenshi:InTheNickOfTime","theSenshi:VenusGlamour"],"picked":"theSenshi:SailorMercuryAssists+1","floor":54}],"player_experience":3249031,"relics_obtained":[{"floor":6,"key":"Girya"},{"floor":9,"key":"Anchor"},{"floor":12,"key":"Whetstone"},{"floor":14,"key":"bronze:DecasWashers"},{"floor":24,"key":"theSenshi:SuperSailorFukuRelic"},{"floor":26,"key":"Strawberry"},{"floor":31,"key":"The Courier"},{"floor":42,"key":"Blood Vial"},{"floor":46,"key":"HollowMod:StagPassRelic"},{"floor":48,"key":"Dream Catcher"},{"floor":54,"key":"hexamod:CandleOfCauterizing"}],"event_choices":[{"damage_healed":0,"gold_gain":0,"player_choice":"Box","damage_taken":0,"relics_obtained":["Boot"],"max_hp_gain":0,"max_hp_loss":0,"event_name":"Big Fish","floor":2,"gold_loss":0,"cards_obtained":["Regret"]},{"damage_healed":0,"gold_gain":75,"player_choice":"Gather Gold","damage_taken":11,"max_hp_gain":0,"max_hp_loss":0,"event_name":"World of Goop","floor":4,"gold_loss":0},{"cards_removed":["theSenshi:SailorKick"],"damage_healed":0,"gold_gain":0,"player_choice":"Card Removal","damage_taken":7,"max_hp_gain":0,"max_hp_loss":0,"event_name":"Golden Wing","floor":13,"gold_loss":0},{"damage_healed":0,"gold_gain":0,"player_choice":"Ignored","damage_taken":0,"max_hp_gain":0,"max_hp_loss":0,"event_name":"N\u0027loth","floor":19,"gold_loss":0},{"damage_healed":0,"gold_gain":0,"player_choice":"Ignored","damage_taken":0,"max_hp_gain":0,"max_hp_loss":0,"event_name":"Ghosts","floor":30,"gold_loss":0},{"damage_healed":0,"gold_gain":0,"player_choice":"Bought 1 Potion","damage_taken":0,"max_hp_gain":0,"max_hp_loss":0,"event_name":"The Woman in Blue","floor":36,"gold_loss":0},{"damage_healed":0,"gold_gain":0,"player_choice":"Max HP","damage_taken":0,"max_hp_gain":0,"max_hp_loss":4,"event_name":"Winding Halls","floor":44,"gold_loss":0}],"is_beta":false,"boss_relics":[{"not_picked":["Runic Dome","Busted Crown"],"picked":"sneckomod:SneckoTalon"},{"not_picked":["Runesmith:UraniumAnvil","bronze:MakeshiftBattery"],"picked":"theSenshi:EternalSailorFukuRelic"}],"items_purged_floors":[3,22],"is_endless":false,"potions_floor_spawned":[6,16,24,31,38,42,45,47,48],"ascension_level":16}}