{"host":"zdcz0a6aak4rnx0s","time":1613084709,"event":{"mods":["AchievementEnabler","BaseMod","Colored Map","Colored Powertips","Minty Spire (QoL Compilation)","StSLib"],"gold_per_floor":[369,294,369,143,158,158,178,223,223,223,173,173,153,165,165,238,238,254,266,266,0,0,0,20,20,47,47,47],"floor_reached":27,"language":"ENG","playtime":2560,"items_purged":["Strike_R","Strike_R"],"score":473,"play_id":"19f6dbb1-d13f-4b1e-93d2-e0f607737cb8","local_time":"20210211170509","is_ascension_mode":true,"campfire_choices":[{"data":"Armaments","floor":6.0,"key":"SMITH"},{"data":"Body Slam","floor":10.0,"key":"SMITH"},{"data":"Flame Barrier","floor":12.0,"key":"SMITH"},{"data":"Disarm","floor":15.0,"key":"SMITH"},{"floor":23.0,"key":"REST"},{"floor":25,"key":"REST"}],"circlet_count":0,"master_deck":["AscendersBane","Strike_R","Strike_R","Strike_R","Defend_R","Defend_R","Defend_R","Defend_R","Bash","Pommel Strike","Flame Barrier+1","Body Slam+1","Armaments+1","Headbutt","Disarm+1","Ghostly Armor","Exhume"],"relics":["Burning Blood","Smiling Mask","Pantograph","Fusion Hammer","Enchiridion","Bag of Preparation"],"acts_visited":["Exordium","TheCity"],"potions_floor_usage":[27],"damage_taken":[{"damage":12.0,"enemies":"2 Louse","floor":1.0,"turns":4.0},{"damage":0.0,"enemies":"Jaw Worm","floor":5.0,"turns":4.0},{"damage":1.0,"enemies":"Cultist","floor":7.0,"turns":3.0},{"damage":2.0,"enemies":"Looter","floor":14.0,"turns":4.0},{"damage":0.0,"enemies":"The Guardian","floor":16.0,"turns":10.0},{"damage":9.0,"enemies":"Spheric Guardian","floor":18.0,"turns":7.0},{"damage":10.0,"enemies":"3 Byrds","floor":19.0,"turns":3.0},{"damage":35,"enemies":"Snake Plant","floor":24,"turns":4},{"damage":12,"enemies":"Colosseum Slavers","floor":27,"turns":4},{"damage":61,"enemies":"Colosseum Nobs","floor":27,"turns":4}],"seed_played":"-6226523263708626575","potions_obtained":[{"floor":5.0,"key":"PowerPotion"},{"floor":7.0,"key":"SpeedPotion"},{"floor":24,"key":"AttackPotion"}],"is_trial":false,"path_per_floor":["M","?","?","$","M","R","M","T","T","R","$","R","?","M","R","B",null,"M","M","?","?","?","R","M","R","T","?"],"character_chosen":"IRONCLAD","items_purchased":["Flame Barrier","Body Slam","Armaments"],"campfire_rested":2,"item_purchase_floors":[4,4,4],"current_hp_per_floor":[62,62,51,51,57,57,62,62,62,62,62,62,62,66,66,75,75,72,68,47,47,47,69,40,62,62,0,0],"gold":47,"neow_bonus":"TWO_FIFTY_GOLD","is_daily":false,"chose_seed":false,"campfire_upgraded":4,"win_rate":0.0,"timestamp":1613084709,"path_taken":["M","?","?","$","M","R","M","?","T","R","?","R","?","M","R","BOSS","M","?","?","?","?","R","M","R","T","?"],"items_purchased_type":["Card","Card","Card"],"build_version":"2020-12-22","purchased_purges":2,"victory":false,"max_hp_per_floor":[75,75,75,75,75,75,75,75,75,75,75,75,75,75,75,75,75,75,75,75,75,75,75,75,75,75,75,75],"card_choices":[{"not_picked":["Clothesline","Evolve"],"picked":"Pommel Strike","floor":1.0},{"not_picked":["Evolve","Warcry"],"picked":"Headbutt","floor":5.0},{"not_picked":["Dark Embrace","Clothesline"],"picked":"Disarm","floor":7.0},{"not_picked":["Reckless Charge","Shrug It Off"],"picked":"Ghostly Armor","floor":14.0},{"not_picked":["Fiend Fire","Immolate"],"picked":"Exhume","floor":16.0},{"not_picked":["Clothesline","Warcry","Headbutt+1"],"picked":"SKIP","floor":18.0},{"not_picked":["Wild Strike","Searing Blow","Havoc"],"picked":"SKIP","floor":19.0},{"not_picked":["Flex","Twin Strike","Thunderclap"],"picked":"SKIP","floor":24}],"player_experience":1021872,"relics_obtained":[{"floor":8.0,"key":"Smiling Mask"},{"floor":9.0,"key":"Pantograph"},{"floor":20.0,"key":"Enchiridion"},{"floor":26,"key":"Bag of Preparation"}],"event_choices":[{"cards_removed":["Normality"],"damage_healed":0.0,"max_hp_gain":0.0,"max_hp_loss":0.0,"gold_gain":0.0,"event_name":"The Cleric","player_choice":"Card Removal","floor":2.0,"gold_loss":75.0,"damage_taken":0.0},{"damage_healed":0.0,"max_hp_gain":0.0,"max_hp_loss":0.0,"gold_gain":75.0,"event_name":"World of Goop","player_choice":"Gather Gold","floor":3.0,"gold_loss":0.0,"damage_taken":11.0},{"damage_healed":0.0,"max_hp_gain":0.0,"max_hp_loss":0.0,"gold_gain":0.0,"event_name":"The Woman in Blue","player_choice":"Bought 1 Potion","floor":13.0,"gold_loss":0.0,"damage_taken":0.0},{"damage_healed":0.0,"max_hp_gain":0.0,"max_hp_loss":0.0,"gold_gain":0.0,"event_name":"Cursed Tome","player_choice":"Obtained Book","floor":20.0,"gold_loss":0.0,"damage_taken":21.0},{"damage_healed":0.0,"max_hp_gain":0.0,"max_hp_loss":0.0,"gold_gain":0.0,"event_name":"Masked Bandits","player_choice":"Paid Fearfully","floor":21.0,"gold_loss":266.0,"damage_taken":0.0},{"damage_healed":0.0,"max_hp_gain":0.0,"max_hp_loss":0.0,"gold_gain":0.0,"event_name":"Vampires","player_choice":"Ignored","floor":22.0,"gold_loss":0.0,"damage_taken":0.0},{"damage_healed":0,"gold_gain":0,"player_choice":"Fight","damage_taken":0,"max_hp_gain":0,"max_hp_loss":0,"event_name":"Colosseum","floor":27,"gold_loss":0},{"damage_healed":0,"gold_gain":0,"player_choice":"Fought Nobs","damage_taken":0,"max_hp_gain":0,"max_hp_loss":0,"event_name":"Colosseum","floor":27,"gold_loss":0}],"is_beta":false,"boss_relics":[{"not_picked":["Runic Dome","Astrolabe"],"picked":"Fusion Hammer"}],"items_purged_floors":[4,11],"is_endless":false,"potions_floor_spawned":[5,7,24],"killed_by":"Colosseum Nobs","ascension_level":18}}