{"host":"d73an99q9oevilk5","time":1613044690,"event":{"mods":["2.2 Compatiblity","AchievementEnabler","Act Like it!","Aspiration","BaseMod","Beaked The Cultist","Better Third Choice","BetterRewards","Colored Map","Colored Powertips","Conspire","Downfall","GifTheSpireLib","GungeonMod","Halation","Hubris","Infinite Spire","Marisa????????","Mimic Mod","Minty Spire (QoL Compilation)","Quick Restart","Relic Sorter","Reliquary","Replay The Spire","Shop Mod","Spikes Relics","StSLib","Stuff the Spire","The Bug Knight","The Cursed","The Jungle","The Necromancer","The Saiyan","Waifu the Spire","egg","slay the spire mod where everything is the same but ironclad has a cowboy hat"],"gold_per_floor":[99,99,99,99,99,134,157,170,70,87,23,23,23,35,46,151,151,151,162,162,175,175,13,13,13,13,13,13,13,32,32,43,43,57,156,156,156,167,9,25,40,40,116,127,152,6,18,44,44,71,84,84],"floor_reached":53,"language":"ENG","playtime":2130,"items_purged":["downfall:Bewildered"],"score":845,"play_id":"e30423b9-c127-4120-839f-697bcfe65b46","local_time":"20210211045810","is_ascension_mode":false,"campfire_choices":[{"data":"beaked:Ceremony","floor":1.0,"key":"SMITH"},{"data":"beaked:Ceremony","floor":9.0,"key":"SMITH"},{"data":"beaked:Ceremony","floor":13.0,"key":"SMITH"},{"data":"beaked:CrazyRituals","floor":25.0,"key":"SMITH"},{"data":"beaked:Caw","floor":31.0,"key":"SMITH"},{"data":"beaked:Foresight","floor":37.0,"key":"SMITH"},{"data":"hubris:EnhanceAbility","floor":49.0,"key":"SMITH"}],"circlet_count":0,"master_deck":["beaked:Strike_Y","beaked:Strike_Y","beaked:Strike_Y","beaked:Strike_Y","beaked:Strike_Y","beaked:Strike_Y","beaked:Defend_Y","beaked:Defend_Y","beaked:Defend_Y","beaked:Defend_Y","beaked:Ceremony+1","beaked:Ceremony+1","beaked:Ceremony+1","beaked:MachineSpirit","beaked:MimicHuntress","beaked:MaddeningMurmurs","beaked:Brace","beaked:Foresight","beaked:CrazyRituals+1","beaked:Evade+1","beaked:Foresight","beaked:HuntressSpirit","beaked:Foresight+1","beaked:MachineEssence","beaked:WarriorEssence","beaked:Tweet","beaked:Caw+1","beaked:MimicMachine","beaked:Sacrifice","beaked:CursingBlood+1","ReplayTheSpireMod:RavenHex+1","beaked:Foresight+1","beaked:CrazyRituals","hubris:EnhanceAbility+1","Mayhem","StuffTheSpire:PlasmaPunch","beaked:BloodRitual+1","beaked:Tweet"],"relics":["beaked:MendingPlumage","halation:PinkSoulGem","CosmicIsotope","StuffTheSpire:Kangaroo","downfall:HeartsMalice","Anchor","DemoMod:SerJunkan","Boot","downfall:HeartBlessingGreen","DemoMod:Junk","DemoMod:MeatBun","hubris:TenFootPole","Sundial","halation:EternalFortune","reliquary:Knoch","halation:WeightlessCrab","ReplayTheSpireMod:ShopPack"],"acts_visited":["Exordium","Exordium","TheBeyond"],"potions_floor_usage":[52,52,52],"damage_taken":[{"damage":0.0,"enemies":"conspire:RoseBush","floor":2.0,"turns":1.0},{"damage":0.0,"enemies":"Cultist","floor":3.0,"turns":1.0},{"damage":0.0,"enemies":"Jaw Worm","floor":5.0,"turns":1.0},{"damage":36.0,"enemies":"Lagavulin","floor":6.0,"turns":8.0},{"damage":16.0,"enemies":"Exordium Wildlife","floor":8.0,"turns":6.0},{"damage":40.0,"enemies":"Gremlin Gang","floor":10.0,"turns":8.0},{"damage":7.0,"enemies":"downfall:FleeingMerchant","floor":11.0,"turns":4.0},{"damage":24.0,"enemies":"Lots of Slimes","floor":14.0,"turns":8.0},{"damage":3.0,"enemies":"2 Fungi Beasts","floor":15.0,"turns":6.0},{"damage":23.0,"enemies":"WA_ARCHETYPE_RETAIN","floor":16.0,"turns":8.0},{"damage":30.0,"enemies":"Shell Parasite","floor":19.0,"turns":7.0},{"damage":18.0,"enemies":"theJungle:Flameango_and_Byrd","floor":21.0,"turns":7.0},{"damage":8.0,"enemies":"downfall:FleeingMerchant","floor":23.0,"turns":4.0},{"damage":29.0,"enemies":"theJungle:JungleHuntersEncounter","floor":30.0,"turns":4.0},{"damage":21.0,"enemies":"theJungle:SlimyTreeVines","floor":32.0,"turns":5.0},{"damage":32.0,"enemies":"theJungle:2_Flameangoes","floor":34.0,"turns":6.0},{"damage":37.0,"enemies":"SI_MIRROR_ARCHETYPE","floor":35.0,"turns":8.0},{"damage":5.0,"enemies":"3 Darklings","floor":38.0,"turns":6.0},{"damage":9.0,"enemies":"downfall:FleeingMerchant","floor":39.0,"turns":4.0},{"damage":22.0,"enemies":"Orb Walker","floor":40.0,"turns":5.0},{"damage":12.0,"enemies":"Sphere and 2 Shapes","floor":41.0,"turns":6.0},{"damage":24.0,"enemies":"3 Darklings","floor":44.0,"turns":9.0},{"damage":0.0,"enemies":"Nemesis","floor":45.0,"turns":3.0},{"damage":10.0,"enemies":"downfall:FleeingMerchant","floor":46.0,"turns":4.0},{"damage":30.0,"enemies":"Spire Growth","floor":47.0,"turns":5.0},{"damage":24.0,"enemies":"Giant Head","floor":48.0,"turns":5.0},{"damage":23,"enemies":"Nemesis","floor":50,"turns":7},{"damage":29,"enemies":"Maw","floor":51,"turns":6},{"damage":29,"enemies":"IC_BLOCK_ARCHETYPE","floor":52,"turns":6}],"seed_played":"8893317041565512420","potions_obtained":[{"floor":6.0,"key":"Ancient Potion"},{"floor":8.0,"key":"Ancient Potion"},{"floor":14.0,"key":"Elixir"},{"floor":15.0,"key":"Explosive Potion"},{"floor":18.0,"key":"bronze:BurnAndBuffPotion"},{"floor":18.0,"key":"DemoMod:BlankPotion"},{"floor":21.0,"key":"SpeedPotion"},{"floor":30.0,"key":"Fire Potion"},{"floor":34.0,"key":"Weak Potion"},{"floor":40.0,"key":"Elixir"},{"floor":41.0,"key":"DistilledChaos"},{"floor":44.0,"key":"AttackPotion"},{"floor":47.0,"key":"Energy Potion"},{"floor":48.0,"key":"AttackPotion"},{"floor":50,"key":"Dexterity Potion"}],"is_trial":false,"path_per_floor":["R","M","M","?","M","E","T","M","R","M","$","?","R","M","M","B",null,"R_BF","M","?","M","AVR","$","T","R","PTL","PTL","?","?","M","R","M","?","M","B",null,"R","M","$","M","M","?","T","M","E","?","M","E","R","E","M","B",null],"character_chosen":"BEAKED_THE_CULTIST","items_purchased":["beaked:Foresight","hubris:TenFootPole","reliquary:Knoch","ReplayTheSpireMod:ShopPack"],"campfire_rested":0,"item_purchase_floors":[11,23,39,46],"current_hp_per_floor":[50,50,50,50,50,33,33,39,39,26,37,37,37,41,50,48,50,50,38,38,50,50,50,50,50,50,50,50,53,53,53,51,51,55,48,56,56,56,56,44,59,49,49,59,59,59,42,59,59,48,59,44],"gold":84,"neow_bonus":"THREE_ENEMY_KILL","is_daily":false,"chose_seed":false,"campfire_upgraded":7,"win_rate":0.0,"timestamp":1613044690,"path_taken":["R","M","M","?","M","E","T","M","R","M","$","?","R","?","M","BOSS","R_BF","M","?","?","AVR","?","T","R","PTL","PTL","?","?","M","R","M","?","M","BOSS","R","M","$","M","M","?","T","M","E","?","M","E","R","E","M","BOSS"],"items_purchased_type":["Card","Relic","Relic","Relic"],"build_version":"2020-12-22","purchased_purges":1,"victory":true,"max_hp_per_floor":[50,50,50,50,50,50,50,50,50,50,50,50,50,50,50,50,50,50,50,50,50,50,50,50,50,50,50,50,53,53,53,53,53,56,56,56,56,56,56,59,59,59,59,59,59,59,59,59,59,59,62,62],"card_choices":[{"not_picked":["beaked:TuckingFeathers","beaked:CursingBlood"],"picked":"beaked:MachineSpirit","floor":2.0},{"not_picked":["beaked:Overpower","beaked:Redirect"],"picked":"beaked:MimicHuntress","floor":3.0},{"not_picked":["beaked:BraceForImpact","beaked:CursingBlood"],"picked":"beaked:MaddeningMurmurs","floor":5.0},{"not_picked":["beaked:DesperateSwing","beaked:BounceBack"],"picked":"beaked:Brace","floor":6.0},{"not_picked":["beaked:Daydream","beaked:Redirect"],"picked":"beaked:Foresight","floor":8.0},{"not_picked":["beaked:Cower","beaked:WindBringer"],"picked":"beaked:CrazyRituals","floor":10.0},{"not_picked":["beaked:Poke","beaked:LiftOff"],"picked":"beaked:Evade","floor":11.0},{"not_picked":["beaked:Foresight","beaked:MaddeningMurmurs"],"picked":"beaked:HuntressSpirit","floor":14.0},{"not_picked":["beaked:Cower","ReplayTheSpireMod:Wings of Steel"],"picked":"beaked:Foresight","floor":15.0},{"not_picked":["beaked:FakeOut","beaked:Sacrifice"],"picked":"beaked:MachineEssence","floor":16.0},{"not_picked":["beaked:Cower","beaked:FeelMyPain"],"picked":"beaked:WarriorEssence","floor":19.0},{"not_picked":["beaked:Resilience","beaked:Poke","beaked:Cower"],"picked":"SKIP","floor":21.0},{"not_picked":["beaked:Evade","beaked:Cower"],"picked":"beaked:Tweet","floor":23.0},{"not_picked":["beaked:DesperateSwing","beaked:Struggle"],"picked":"beaked:Caw","floor":30.0},{"not_picked":["beaked:SacrificialAttack","beaked:Daydream+1","beaked:StunningBlow"],"picked":"SKIP","floor":32.0},{"not_picked":["beaked:Devastation","beaked:TuckingFeathers"],"picked":"beaked:MimicMachine","floor":34.0},{"not_picked":["beaked:LiftOff","beaked:MachineEssence"],"picked":"beaked:Sacrifice","floor":35.0},{"not_picked":["beaked:Replenish","beaked:Devastation"],"picked":"beaked:CursingBlood+1","floor":38.0},{"not_picked":["beaked:BraceForImpact","beaked:Cower","beaked:StunningBlow+1"],"picked":"SKIP","floor":39.0},{"not_picked":["beaked:Windmill","beaked:MaddeningMurmurs"],"picked":"ReplayTheSpireMod:RavenHex+1","floor":40.0},{"not_picked":["beaked:MimicMachine","beaked:Insight+1"],"picked":"beaked:Foresight+1","floor":41.0},{"not_picked":["beaked:Cower","beaked:SacrificialAttack","beaked:RuinSticks"],"picked":"SKIP","floor":44.0},{"not_picked":["beaked:Daydream+1","beaked:HuntressEssence"],"picked":"beaked:CrazyRituals","floor":45.0},{"not_picked":["beaked:Cower","beaked:Redirect+1","beaked:Replenish+1"],"picked":"SKIP","floor":46.0},{"not_picked":["Violence","Transmutation"],"picked":"hubris:EnhanceAbility","floor":46.0},{"not_picked":["conspire:Banana","Poisoned Strike"],"picked":"Mayhem","floor":46.0},{"not_picked":["Forethought","Deep Breath"],"picked":"StuffTheSpire:PlasmaPunch","floor":46.0},{"not_picked":["ReplayTheSpireMod:Prepare the Ceremony+1","beaked:Devastation+1"],"picked":"beaked:BloodRitual+1","floor":47.0},{"not_picked":["beaked:Poke","beaked:Daydream","beaked:StunningBlow+1"],"picked":"SKIP","floor":48.0},{"not_picked":["beaked:Resilience","beaked:WarriorEssence+1"],"picked":"beaked:Tweet","floor":50},{"not_picked":["ReplayTheSpireMod:Wings of Steel","beaked:RuinSticks+1","beaked:SacrificialAttack"],"picked":"SKIP","floor":51}],"player_experience":1889934,"relics_obtained":[{"floor":6.0,"key":"DemoMod:SerJunkan"},{"floor":7.0,"key":"Boot"},{"floor":14.0,"key":"DemoMod:Junk"},{"floor":24.0,"key":"Sundial"},{"floor":34.0,"key":"halation:EternalFortune"},{"floor":42.0,"key":"DemoMod:Junk"},{"floor":43.0,"key":"halation:WeightlessCrab"},{"floor":45.0,"key":"DemoMod:Junk"},{"floor":48.0,"key":"DemoMod:Junk"},{"floor":50,"key":"DemoMod:Junk"}],"event_choices":[{"damage_healed":0.0,"max_hp_gain":0.0,"max_hp_loss":0.0,"gold_gain":0.0,"event_name":"Lab","player_choice":"Got Potions","floor":18.0,"gold_loss":0.0,"damage_taken":0.0}],"is_beta":false,"boss_relics":[{"not_picked":["Busted Crown","StuffTheSpire:ModemDavis"],"picked":"CosmicIsotope"},{"not_picked":["hubris:CrackedHourglass","aspiration:FutureDiary","halation:MonkeysPaw"]}],"items_purged_floors":[22],"is_endless":false,"potions_floor_spawned":[6,8,14,15,21,30,34,40,41,44,47,48,50],"ascension_level":0}}