{"host":"bpnwh7vpv9k3tssc","time":1613058216,"event":{"mods":["BaseMod","Colored Map","Colored Powertips","Curses Come First","Highlight Path","Minty Spire (QoL Compilation)","Quick Restart","Random Character Button","Relic Sorter","StSLib"],"gold_per_floor":[116,41,54,54,19,19,50,225,225,252,263,263,263,288,288,387,437,454,177,187,187,187],"floor_reached":21,"language":"ENG","playtime":911,"items_purged":["Strike_P","Strike_P"],"score":267,"play_id":"3b71ca80-bb74-45bf-a91f-63b05acab330","local_time":"20210211164336","is_ascension_mode":true,"campfire_choices":[{"data":"Eruption","floor":6,"key":"SMITH"},{"floor":12,"key":"REST"},{"floor":15,"key":"REST"}],"circlet_count":0,"master_deck":["Strike_P","Strike_P+1","Defend_P+1","Defend_P","Defend_P","Defend_P","Eruption+1","Vigilance","Evaluate+1","BattleHymn","InnerPeace","Halt+1","Prostrate+1","Blasphemy+1","Establishment","ThirdEye+1","Swivel+1","DeusExMachina+1","Worship+1","CutThroughFate"],"relics":["PureWater","NeowsBlessing","Darkstone Periapt","Toxic Egg 2","Smiling Mask","Matryoshka","Tiny House"],"acts_visited":["Exordium","TheCity"],"potions_floor_usage":[18,20],"damage_taken":[{"damage":0,"enemies":"Jaw Worm","floor":1,"turns":1},{"damage":0,"enemies":"Small Slimes","floor":3,"turns":1},{"damage":0,"enemies":"3 Sentries","floor":7,"turns":2},{"damage":50,"enemies":"Lagavulin","floor":10,"turns":8},{"damage":0,"enemies":"Cultist","floor":11,"turns":4},{"damage":25,"enemies":"Gremlin Nob","floor":14,"turns":4},{"damage":3,"enemies":"Hexaghost","floor":16,"turns":8},{"damage":30,"enemies":"2 Thieves","floor":18,"turns":4},{"damage":26,"enemies":"Spheric Guardian","floor":20,"turns":4},{"damage":39,"enemies":"Snecko","floor":21,"turns":5}],"seed_played":"-1681901761525654736","potions_obtained":[{"floor":11,"key":"Block Potion"},{"floor":14,"key":"Weak Potion"},{"floor":16,"key":"BlessingOfTheForge"},{"floor":17,"key":"Fruit Juice"},{"floor":20,"key":"Dexterity Potion"}],"is_trial":false,"path_per_floor":["M","$","M","?","?","R","E","?","T","E","M","R","?","E","R","B",null,"M","$","M","M"],"character_chosen":"WATCHER","items_purchased":["DeusExMachina+1","Worship+1"],"campfire_rested":2,"item_purchase_floors":[19,19],"current_hp_per_floor":[72,72,72,58,72,72,72,78,78,28,28,51,51,26,49,46,83,58,58,32,0,0],"gold":187,"neow_bonus":"THREE_ENEMY_KILL","is_daily":false,"chose_seed":false,"campfire_upgraded":1,"win_rate":0.0,"timestamp":1613058216,"path_taken":["M","$","M","?","?","R","E","?","T","E","?","R","?","E","R","BOSS","M","$","M","M"],"items_purchased_type":["Card","Card"],"build_version":"2020-12-22","purchased_purges":2,"victory":false,"max_hp_per_floor":[72,72,72,72,72,72,72,78,78,78,78,78,78,78,78,78,83,88,88,88,88,88],"card_choices":[{"not_picked":["Consecrate","JustLucky"],"picked":"Evaluate","floor":1},{"not_picked":["SashWhip","Sanctity"],"picked":"BattleHymn","floor":3},{"not_picked":["EmptyFist","Swivel"],"picked":"InnerPeace","floor":7},{"not_picked":["FlyingSleeves","BowlingBash"],"picked":"Halt+1","floor":10},{"not_picked":["PathToVictory+1","Consecrate"],"picked":"Prostrate+1","floor":11},{"not_picked":["WindmillStrike","Protect+1"],"picked":"Blasphemy+1","floor":14},{"not_picked":["SpiritShield+1","Devotion"],"picked":"Establishment","floor":16},{"not_picked":["CutThroughFate","PathToVictory+1"],"picked":"ThirdEye+1","floor":17},{"not_picked":["CutThroughFate","CrushJoints"],"picked":"Swivel+1","floor":18},{"not_picked":["JustLucky","Evaluate+1"],"picked":"CutThroughFate","floor":20}],"player_experience":372842,"relics_obtained":[{"floor":7,"key":"Darkstone Periapt"},{"floor":9,"key":"Toxic Egg 2"},{"floor":10,"key":"Smiling Mask"},{"floor":14,"key":"Matryoshka"}],"event_choices":[{"damage_healed":0,"gold_gain":0,"player_choice":"Entered Light","damage_taken":14,"max_hp_gain":0,"max_hp_loss":0,"event_name":"Shining Light","floor":4,"gold_loss":0,"cards_upgraded":["Evaluate","Strike_P"]},{"damage_healed":18,"gold_gain":0,"player_choice":"Healed","damage_taken":0,"max_hp_gain":0,"max_hp_loss":0,"event_name":"The Cleric","floor":5,"gold_loss":35},{"damage_healed":0,"gold_gain":175,"player_choice":"AGREE","damage_taken":0,"max_hp_gain":0,"max_hp_loss":0,"event_name":"Liars Game","floor":8,"gold_loss":0,"cards_obtained":["Doubt"]},{"cards_removed":["Doubt"],"damage_healed":0,"gold_gain":0,"player_choice":"Forget","damage_taken":0,"max_hp_gain":0,"max_hp_loss":0,"event_name":"Living Wall","floor":13,"gold_loss":0}],"is_beta":false,"boss_relics":[{"not_picked":["Runic Pyramid","Coffee Dripper"],"picked":"Tiny House"}],"items_purged_floors":[2,19],"is_endless":false,"potions_floor_spawned":[11,14,16,20],"killed_by":"Snecko","ascension_level":2}}