{"host":"v16t4fbv9yk4gg06","time":1613076463,"event":{"mods":["BaseMod","Bestiary","Bossed Relics","Dark Map","Displayed Cursed Tome","Fox Events","Minty Spire (QoL Compilation)","Robot Space Explorer","Spicy Shops","StSLib","Thieving Mod","Wide Potions"],"gold_per_floor":[115,65,65,165,175,208,208,222,222,222,239,271,31,49,49,144,144,164,176,22,22,22,22,36,49,97,117,42,54,54,74,74,169,169,179,179,24,40,40,66,76,76,102,127,127,137,152,162,162,162],"floor_reached":51,"language":"ENG","playtime":1747,"items_purged":[],"score":946,"play_id":"d22afb21-bba3-4f9d-add7-be4a6742dd1c","local_time":"20210211214743","is_ascension_mode":false,"campfire_choices":[{"data":"Sword Boomerang","floor":7,"key":"SMITH"},{"data":"Flame Barrier","floor":10,"key":"SMITH"},{"data":"Cleave","floor":15,"key":"SMITH"},{"data":"RitualDagger","floor":23,"key":"SMITH"},{"data":"Immolate","floor":30,"key":"SMITH"},{"floor":32,"key":"REST"},{"data":"Demon Form","floor":42,"key":"SMITH"},{"floor":49,"key":"REST"}],"circlet_count":0,"master_deck":["Strike_R","Strike_R","Strike_R","Strike_R","Strike_R","Defend_R","Defend_R","Bash","Sword Boomerang+1","Cleave+1","Flame Barrier+1","Demon Form+1","Twin Strike","Seeing Red","RitualDagger+1","Immolate+1","Thunderclap+1","Metallicize"],"relics":["Burning Blood","NeowsBlessing","Mercury Hourglass","PreservedInsect","Orichalcum","Potion Belt","Eternal Feather","Velvet Choker","HandDrill","Singing Bowl","Omamori","Cursed Key","Nunchaku","Shuriken","Happy Flower","Bronze Scales"],"acts_visited":["Exordium","TheCity","TheBeyond"],"potions_floor_usage":[16,16,33,41,41,50],"damage_taken":[{"damage":0,"enemies":"Cultist","floor":1,"turns":1},{"damage":0,"enemies":"Small Slimes","floor":5,"turns":1},{"damage":0,"enemies":"Gremlin Nob","floor":6,"turns":1},{"damage":0,"enemies":"2 Louse","floor":8,"turns":2},{"damage":10,"enemies":"Looter","floor":11,"turns":3},{"damage":18,"enemies":"3 Sentries","floor":12,"turns":4},{"damage":16,"enemies":"Large Slime","floor":14,"turns":4},{"damage":56,"enemies":"Hexaghost","floor":16,"turns":12},{"damage":18,"enemies":"Spheric Guardian","floor":18,"turns":4},{"damage":4,"enemies":"Chosen","floor":19,"turns":3},{"damage":35,"enemies":"Centurion and Healer","floor":24,"turns":6},{"damage":15,"enemies":"Snecko","floor":25,"turns":6},{"damage":24,"enemies":"3 Cultists","floor":27,"turns":4},{"damage":5,"enemies":"Cultist and Chosen","floor":29,"turns":4},{"damage":0,"enemies":"Snake Plant","floor":31,"turns":3},{"damage":86,"enemies":"Champ","floor":33,"turns":10},{"damage":29,"enemies":"3 Shapes","floor":35,"turns":2},{"damage":10,"enemies":"3 Darklings","floor":38,"turns":2},{"damage":59,"enemies":"Giant Head","floor":40,"turns":7},{"damage":11,"enemies":"Transient","floor":41,"turns":5},{"damage":0,"enemies":"Nemesis","floor":44,"turns":3},{"damage":42,"enemies":"Spire Growth","floor":46,"turns":4},{"damage":11,"enemies":"Sphere and 2 Shapes","floor":47,"turns":3},{"damage":16,"enemies":"Writhing Mass","floor":48,"turns":3},{"damage":67,"enemies":"Donu and Deca","floor":50,"turns":6}],"seed_played":"8514596551298319173","potions_obtained":[{"floor":1,"key":"Energy Potion"},{"floor":11,"key":"SteroidPotion"},{"floor":12,"key":"ColorlessPotion"},{"floor":14,"key":"BlessingOfTheForge"},{"floor":25,"key":"BlessingOfTheForge"},{"floor":29,"key":"BloodPotion"},{"floor":31,"key":"BloodPotion"},{"floor":33,"key":"SkillPotion"},{"floor":38,"key":"PowerPotion"},{"floor":40,"key":"LiquidMemories"},{"floor":47,"key":"Weak Potion"},{"floor":48,"key":"AttackPotion"}],"is_trial":false,"path_per_floor":["M","?","$","?","M","E","R","M","T","R","M","E","$","M","R","B",null,"M","M","$","?","?","R","M","M","T","M","?","M","R","M","R","B",null,"M","?","$","M","?","E","M","R","T","E","?","M","M","M","R","B",null],"character_chosen":"IRONCLAD","items_purchased":["Potion Belt","Eternal Feather","HandDrill","Nunchaku"],"campfire_rested":2,"item_purchase_floors":[13,13,20,37],"current_hp_per_floor":[80,80,80,80,80,80,80,80,80,80,76,64,64,54,60,10,80,68,70,70,64,64,73,46,39,39,23,23,24,33,41,76,40,88,67,77,77,75,75,22,65,74,74,82,106,72,69,59,101,40],"gold":162,"neow_bonus":"THREE_ENEMY_KILL","is_daily":false,"chose_seed":false,"campfire_upgraded":6,"win_rate":0.0,"timestamp":1613076463,"path_taken":["M","?","$","?","M","E","R","M","T","R","?","E","?","M","R","BOSS","M","M","?","?","?","R","M","M","T","M","?","?","R","M","R","BOSS","M","?","$","M","?","E","M","R","T","E","?","M","M","?","R","BOSS"],"items_purchased_type":["Relic","Relic","Relic","Relic"],"build_version":"2020-12-22","purchased_purges":0,"victory":true,"max_hp_per_floor":[80,80,80,80,80,80,80,80,80,80,80,80,80,80,80,80,80,80,80,80,80,80,80,82,84,84,86,86,86,86,88,88,88,88,90,90,90,92,92,92,94,94,94,96,106,108,110,110,110,110],"card_choices":[{"not_picked":["Clothesline","Infernal Blade"],"picked":"Sword Boomerang","floor":1},{"not_picked":["Disarm","Perfected Strike"],"picked":"Cleave","floor":5},{"not_picked":["Clash","Headbutt","Searing Blow"],"picked":"SKIP","floor":6},{"not_picked":["Cleave","Sword Boomerang"],"picked":"Flame Barrier","floor":8},{"not_picked":["Dual Wield","Warcry","Iron Wave"],"picked":"SKIP","floor":11},{"not_picked":["Entrench","True Grit","Barricade"],"picked":"SKIP","floor":12},{"not_picked":["True Grit","Shrug It Off","Hemokinesis"],"picked":"SKIP","floor":14},{"not_picked":["Barricade","Bludgeon"],"picked":"Demon Form","floor":16},{"not_picked":["Wild Strike","Battle Trance"],"picked":"Twin Strike","floor":18},{"not_picked":["Dual Wield+1","Rupture"],"picked":"Seeing Red","floor":19},{"not_picked":["Havoc","Shrug It Off","Heavy Blade"],"picked":"Singing Bowl","floor":24},{"not_picked":["Rage","Battle Trance","Searing Blow"],"picked":"Singing Bowl","floor":25},{"not_picked":["Seeing Red+1","Searing Blow","Headbutt"],"picked":"Singing Bowl","floor":27},{"not_picked":["Sever Soul","Clothesline"],"picked":"Immolate","floor":29},{"not_picked":["Cleave+1","Dual Wield","Feel No Pain"],"picked":"Singing Bowl","floor":31},{"not_picked":["Demon Form","Impervious"],"picked":"Immolate","floor":33},{"not_picked":["Uppercut+1","Shrug It Off+1","Body Slam"],"picked":"Singing Bowl","floor":35},{"not_picked":["Headbutt","Iron Wave","Shrug It Off"],"picked":"Singing Bowl","floor":38},{"not_picked":["Body Slam+1","Shrug It Off"],"picked":"Thunderclap+1","floor":40},{"not_picked":["Armaments","Clash","Corruption"],"picked":"Singing Bowl","floor":41},{"not_picked":["Perfected Strike+1","Iron Wave","Clash+1"],"picked":"Singing Bowl","floor":44},{"not_picked":["Headbutt+1","Clothesline","True Grit"],"picked":"Singing Bowl","floor":46},{"not_picked":["Sever Soul+1","Infernal Blade+1","Wild Strike"],"picked":"Singing Bowl","floor":47},{"not_picked":["Clothesline+1","Entrench"],"picked":"Metallicize","floor":48}],"player_experience":293313,"relics_obtained":[{"floor":6,"key":"Mercury Hourglass"},{"floor":9,"key":"PreservedInsect"},{"floor":12,"key":"Orichalcum"},{"floor":26,"key":"Omamori"},{"floor":40,"key":"Shuriken"},{"floor":43,"key":"Happy Flower"},{"floor":44,"key":"Bronze Scales"}],"event_choices":[{"cards_removed":["Defend_R"],"damage_healed":0,"gold_gain":0,"player_choice":"Card Removal","damage_taken":0,"max_hp_gain":0,"max_hp_loss":0,"event_name":"The Cleric","floor":2,"gold_loss":50},{"damage_healed":0,"gold_gain":100,"player_choice":"Gold","damage_taken":0,"max_hp_gain":0,"max_hp_loss":0,"event_name":"Wheel of Change","floor":4,"gold_loss":0},{"damage_healed":0,"gold_gain":0,"player_choice":"Joined the Cult","damage_taken":6,"max_hp_gain":0,"max_hp_loss":0,"event_name":"Nest","floor":21,"gold_loss":0,"cards_obtained":["RitualDagger"]},{"damage_healed":0,"gold_gain":0,"player_choice":"Opened","damage_taken":0,"relics_obtained":["Singing Bowl"],"max_hp_gain":0,"max_hp_loss":0,"event_name":"The Mausoleum","floor":22,"gold_loss":0},{"cards_removed":["Clumsy"],"damage_healed":0,"gold_gain":0,"player_choice":"Gave Gold","damage_taken":0,"max_hp_gain":0,"max_hp_loss":0,"event_name":"Beggar","floor":28,"gold_loss":75},{"cards_removed":["Defend_R"],"damage_healed":0,"gold_gain":0,"player_choice":"Removed Skill","damage_taken":0,"max_hp_gain":0,"max_hp_loss":0,"event_name":"Falling","floor":39,"gold_loss":0},{"cards_removed":["Immolate"],"damage_healed":14,"gold_gain":0,"player_choice":"Offered Rare","damage_taken":0,"max_hp_gain":10,"max_hp_loss":0,"event_name":"Bonfire Elementals","floor":45,"gold_loss":0}],"is_beta":false,"boss_relics":[{"not_picked":["Snecko Eye","Fusion Hammer"],"picked":"Velvet Choker"},{"not_picked":["Mark of Pain","Tiny House"],"picked":"Cursed Key"}],"items_purged_floors":[],"is_endless":false,"potions_floor_spawned":[1,11,12,14,25,29,31,33,38,40,47,48],"ascension_level":0}}