{"host":"u0qetpmu4y58k1tf","time":1613043640,"event":{"mods":["100% Spire Juice","AchievementEnabler","Act Like it!","BaseMod","CapriCore","Colored Map","Colored Powertips","Hermit","Koishi","Marisa£¨Ùöéë¡¡Øª×âÞÞ£©","Minty Spire (QoL Compilation)","Quick Restart","Reliquary","Replay The Spire","StSLib","SuperFastMode","Td1madao Mod","The Bug Knight","The Cursed","The Gatherer","The Hierophant","The Immortal","The Jungle","The Runesmith"],"gold_per_floor":[111,111,111,171,188,215,66,25,48,64,92,109,109,119,119,218,218,237,137,137,71,81,81,81],"floor_reached":23,"language":"KOR","playtime":723,"items_purged":["Regret","Strike_B"],"score":284,"play_id":"cae65443-badc-4c18-b3e8-aa926b17f82d","local_time":"20210211204040","is_ascension_mode":true,"campfire_choices":[{"data":"Zap","floor":13,"key":"SMITH"},{"floor":15,"key":"REST"}],"circlet_count":0,"master_deck":["Strike_B","Strike_B","Strike_B","Defend_B","Defend_B","Defend_B","Defend_B","Zap+1","Dualcast+1","Steam Power","Beam Cell","Good Instincts","Gash","FTL","Scrape"],"relics":["Cracked Core","NeowsBlessing","Singing Bowl","CeramicFish","Replay:Fungal Core","Replay:Accelerometer"],"acts_visited":["Exordium","TheCity"],"potions_floor_usage":[14,16,16,18],"damage_taken":[{"damage":0,"enemies":"Jaw Worm","floor":1,"turns":1},{"damage":0,"enemies":"2 Louse","floor":5,"turns":1},{"damage":0,"enemies":"Gremlin Nob","floor":6,"turns":1},{"damage":0,"enemies":"Cultist","floor":10,"turns":3},{"damage":14,"enemies":"Exordium Thugs","floor":11,"turns":5},{"damage":14,"enemies":"3 Louse","floor":12,"turns":3},{"damage":0,"enemies":"Looter","floor":14,"turns":2},{"damage":30,"enemies":"Fading Forest","floor":16,"turns":11},{"damage":27,"enemies":"3 Byrds","floor":18,"turns":7},{"damage":15,"enemies":"Spheric Guardian","floor":22,"turns":4},{"damage":26,"enemies":"Slavers","floor":23,"turns":2}],"seed_played":"-2401266426977837773","potions_obtained":[{"floor":4,"key":"SkillPotion"},{"floor":4,"key":"FocusPotion"},{"floor":4,"key":"Languid Potion"},{"floor":11,"key":"LifebloodPotion"},{"floor":16,"key":"Adrenaline Potion"},{"floor":22,"key":"PowerPotion"}],"is_trial":false,"path_per_floor":["M","?","?","?","M","E","$","$","T","M","M","M","R","M","R","B",null,"M","$","T","$","M","E"],"character_chosen":"DEFECT","items_purchased":["Good Instincts","Gash","Scrape"],"campfire_rested":1,"item_purchase_floors":[7,8,21],"current_hp_per_floor":[75,75,75,47,47,49,49,49,49,51,37,25,25,27,52,40,87,62,62,62,62,49,23,23],"gold":81,"neow_bonus":"THREE_ENEMY_KILL","is_daily":false,"chose_seed":false,"campfire_upgraded":1,"win_rate":0.0,"timestamp":1613043640,"path_taken":["M","?","?","?","M","E","?","$","T","M","M","M","R","M","R","BOSS","M","?","?","$","?","E"],"items_purchased_type":["Card","Card","Card"],"build_version":"2020-12-22","purchased_purges":2,"victory":false,"max_hp_per_floor":[75,75,75,77,77,79,79,79,79,81,81,83,83,85,85,87,87,89,89,89,89,91,91,91],"card_choices":[{"not_picked":["BasicCrystalCard","Doom and Gloom"],"picked":"Steam Power","floor":1},{"not_picked":["BasicCrystalCard","Steam","Panic Button"],"picked":"Singing Bowl","floor":4},{"not_picked":["Redo","Stack"],"picked":"Beam Cell","floor":5},{"not_picked":["Fusion","Reprogram","ReplaySolidLightProjector"],"picked":"Singing Bowl","floor":6},{"not_picked":["Rebound","Panic Button","Genetic Algorithm"],"picked":"Singing Bowl","floor":10},{"not_picked":["Beam Cell","Steam"],"picked":"FTL","floor":11},{"not_picked":["Beam Cell","Compile Driver","Panic Button"],"picked":"Singing Bowl","floor":12},{"not_picked":["Fusion","Sweeping Beam","ReplaySort"],"picked":"Singing Bowl","floor":14},{"not_picked":["Buffer","Amplify","Rainbow"],"picked":"Singing Bowl","floor":16},{"not_picked":["Loop","ReplayTheSpireMod:Reroute Power","Consume"],"picked":"Singing Bowl","floor":18},{"not_picked":["Panic Button+1","Aggregate","ReplayTheSpireMod:GoodbyeWorld+1"],"picked":"Singing Bowl","floor":22}],"player_experience":97348,"relics_obtained":[{"floor":6,"key":"CeramicFish"},{"floor":20,"key":"Replay:Accelerometer"}],"event_choices":[{"damage_healed":0,"gold_gain":0,"player_choice":"Box","damage_taken":0,"relics_obtained":["Singing Bowl"],"max_hp_gain":0,"max_hp_loss":0,"event_name":"Big Fish","floor":2,"gold_loss":0,"cards_obtained":["Regret"]}],"is_beta":false,"boss_relics":[{"not_picked":["Runesmith:UraniumAnvil","reliquary:WritOfMandamus"],"picked":"Replay:Fungal Core"}],"items_purged_floors":[7,19],"is_endless":false,"potions_floor_spawned":[6,10,11,16,22],"killed_by":"Slavers","ascension_level":4}}