{"host":"n2havra2dgtcizuw","time":1613049892,"event":{"mods":["100% Spire Juice","ATMod(阿瑾Mod)","Bard","BaseMod","Downfall","Marisa（F雨　魔理沙）","Minty Spire (QoL Compilation)","Permanent Neow","Reliquary","Remilia（蕾米莉亚）","Replay The Spire","RumiaBox-露米娅的神秘盒子","StSLib","TestMod","The Alterego","The Animator","The Servant 0.9.4","[IsaacMod]以撒尖塔"],"gold_per_floor":[364,105,117,131,15,15,38,38,38,73,75,90,124,124,124,268,268,293,305,305,338,338,484,494,517,517,517,552,552,552,570,570,985,985,1003,1010,1010,1030,1130,1130,1130,1130,1130,1170,1047,1047,1067,1098,1098,1119,1119],"floor_reached":50,"language":"ZHS","playtime":2762,"items_purged":["Strike_P","Strike_P","Strike_P","Strike_P","Strike_P"],"score":826,"play_id":"05ff1d3e-9f9a-4c7a-a234-e38c48c4622e","local_time":"20210211212452","is_ascension_mode":false,"campfire_choices":[{"data":"AT_EmpoweredMortalDraw","floor":6,"key":"SMITH"},{"data":"DoctorFetus","floor":8,"key":"SMITH"},{"data":"DevaForm","floor":15,"key":"SMITH"},{"floor":32,"key":"REST"},{"data":"Devotion","floor":40,"key":"SMITH"},{"data":"LessonLearned","floor":42,"key":"SMITH"},{"data":"Replay:Vibes","floor":46,"key":"SMITH"}],"circlet_count":0,"master_deck":["Defend_P","Defend_P+1","Defend_P","Defend_P","Eruption","Vigilance","DoctorFetus+1","animator:Strike_HitsugiNoChaika","Strike_P+1","AT_EmpoweredMortalDraw+1","ThirdEye","FlurryOfBlows+1","Wallop","BattleHymn","CutThroughFate","Ragnarok","Halt+1","PathToVictory","DevaForm+1","LessonLearned+1","HandOfGreed","CrushJoints+1","AT_RealFormLess+1","Replay:BluntJabs","ReplayTheSpireMod:Trickstab","testmod-EternalityOfKhronos","Replay:Battleflow+1","Nirvana","SashWhip","Replay:LoomingThreat","Tantrum","WheelKick+1","CrushJoints","FollowUp","Adaptation","Adaptation","Prostrate","Prostrate","Replay:AllIn","Devotion+1","Prostrate+1","Madness","Madness","testmod-SelfRegulatingSystem","Replay:Vibes+1","FearNoEvil+1","Replay:BluntJabs+1","Replay:BluntJabs+1","Consecrate+1","FearNoEvil","AT_RealColorLess","Strike_B"],"relics":["testmod-TestBox","HushsDoor","AT_ATBox","testmod-Déjàvu","BelialBook","Membership Card","Counterbalance","AT_LudenTempest","SalivaCoin","GuppysHead","ZombieArmy","Replay:WaspNest","reliquary:ExpiredCoupon","testmod-OneHitWonder","SteamSale","Replay:M_StaffOfTheSnake","reliquary:RedPaperclip","Baka2","Vajra","Gremlin Food","Red Mask","AT_TheCollector","White Beast Statue","Habit","reliquary:TuningFork","Smiling Mask","Medical Kit","PokeGo","ZombieArmy","alterego_mod:SomeoneToFightFor","EasyGame_NEW","BargainBundle","AT_EbonyIvory","ReplayFunnel","reliquary:BrokenClock","testmod-Muramasa","reliquary:BallBearing","reliquary:Firecrackers"],"acts_visited":["Exordium","TheCity","TheBeyond"],"potions_floor_usage":[7,12,16,25,28,47,50,50,50],"damage_taken":[{"damage":0,"enemies":"Small Slimes","floor":1,"turns":2},{"damage":14,"enemies":"2 Louse","floor":3,"turns":2},{"damage":0,"enemies":"Cultist","floor":4,"turns":2},{"damage":3,"enemies":"3 Louse","floor":7,"turns":2},{"damage":1,"enemies":"Replay:BlueRogue","floor":10,"turns":3},{"damage":0,"enemies":"Looter","floor":11,"turns":1},{"damage":0,"enemies":"2 Fungi Beasts","floor":12,"turns":1},{"damage":0,"enemies":"Lagavulin","floor":13,"turns":1},{"damage":36,"enemies":"Hexaghost","floor":16,"turns":4},{"damage":20,"enemies":"2 Thieves","floor":18,"turns":3},{"damage":0,"enemies":"Spheric Guardian","floor":19,"turns":1},{"damage":18,"enemies":"Masked Bandits","floor":21,"turns":3},{"damage":12,"enemies":"Gremlin Leader","floor":23,"turns":2},{"damage":0,"enemies":"Snake Plant","floor":24,"turns":1},{"damage":2,"enemies":"Shelled Parasite and Fungi","floor":25,"turns":2},{"damage":0,"enemies":"3 Cultists","floor":28,"turns":1},{"damage":0,"enemies":"Snecko","floor":31,"turns":2},{"damage":15,"enemies":"Pondfish","floor":33,"turns":7},{"damage":0,"enemies":"Orb Walker","floor":35,"turns":1},{"damage":0,"enemies":"3 Darklings","floor":38,"turns":1},{"damage":14,"enemies":"Maw","floor":44,"turns":3},{"damage":0,"enemies":"Spire Growth","floor":45,"turns":2},{"damage":0,"enemies":"Sphere and 2 Shapes","floor":47,"turns":1},{"damage":0,"enemies":"Jaw Worm Horde","floor":48,"turns":2},{"damage":55,"enemies":"Awakened One","floor":50,"turns":3}],"seed_played":"8780918138982548064","potions_obtained":[{"floor":1,"key":"Dexterity Potion"},{"floor":3,"key":"testmod-TestPotion"},{"floor":10,"key":"Fire Potion"},{"floor":11,"key":"LiquidMemories"},{"floor":18,"key":"testmod-EscapePotion"},{"floor":21,"key":"AttackPotion"},{"floor":25,"key":"BlessingOfTheForge"},{"floor":28,"key":"Fire Potion"},{"floor":47,"key":"Adrenaline Potion"},{"floor":48,"key":"EssenceOfSteel"}],"is_trial":false,"path_per_floor":["M","$","M","M","$","R","M","R","T","E","M","M","E","?","R","B",null,"M","M","$","?","$","E","M","M","T","$","M","?","?","M","R","B",null,"M","?","$","M","?","R","$","R","T","M","M","R","M","M","R","B"],"character_chosen":"WATCHER","items_purchased":["Membership Card","AT_BellDemon","FlurryOfBlows","SalivaCoin","BattleHymn","HandOfGreed","Vajra","Gremlin Food","Replay:BluntJabs","ReplayTheSpireMod:Trickstab","testmod-EternalityOfKhronos","AT_TheCollector","White Beast Statue","Habit","Nirvana","SashWhip","Medical Kit","Diplopia","PokeGo","CrushJoints","FollowUp","Adaptation","BargainBundle","AT_EbonyIvory","ReplayFunnel","testmod-SelfRegulatingSystem","Replay:Vibes","reliquary:BrokenClock","testmod-Muramasa","reliquary:BallBearing"],"campfire_rested":1,"item_purchase_floors":[2,2,2,5,5,17,20,20,20,20,20,22,22,22,22,22,27,27,27,27,27,27,37,37,37,37,37,41,41,41],"current_hp_per_floor":[72,72,58,58,58,58,55,55,55,54,54,54,54,54,54,18,67,47,47,47,29,29,17,17,15,15,15,15,15,15,15,35,27,67,67,59,59,59,59,59,59,59,59,50,50,50,50,50,50,0,0],"gold":1119,"neow_bonus":"TWO_FIFTY_GOLD","is_daily":false,"chose_seed":false,"campfire_upgraded":6,"win_rate":0.0,"timestamp":1613049892,"path_taken":["M","$","M","M","$","R","M","R","T","E","M","M","E","?","R","BOSS","M","M","$","?","$","E","M","M","T","$","?","?","?","?","R","BOSS","M","?","$","M","?","R","$","R","T","?","M","R","M","M","R","BOSS"],"items_purchased_type":["Relic","Relic","Card","Relic","Card","Card","Relic","Relic","Card","Card","Card","Relic","Relic","Relic","Card","Card","Relic","Relic","Relic","Card","Card","Card","Relic","Relic","Relic","Card","Card","Relic","Relic","Relic"],"build_version":"2020-12-22","purchased_purges":5,"victory":false,"max_hp_per_floor":[72,72,72,72,72,72,72,72,72,72,72,72,72,72,72,72,67,67,67,67,67,67,67,67,67,67,67,67,67,67,67,67,67,67,67,67,67,67,67,67,67,67,67,67,67,67,67,67,67,67,67],"card_choices":[{"not_picked":[],"picked":"DoctorFetus","floor":0},{"not_picked":["TalkToTheHand","Replay:ManipulateFuture"],"picked":"ThirdEye","floor":1},{"not_picked":["SignatureMove","Replay:AtTheReady"],"picked":"Wallop","floor":3},{"not_picked":["ClearTheMind","Fasting2"],"picked":"Bomb","floor":4},{"not_picked":["Evaluate","Replay:ManipulateFuture"],"picked":"CutThroughFate","floor":7},{"not_picked":["AT_ChampionStep","Protect"],"picked":"Ragnarok","floor":10},{"not_picked":["ClearTheMind","Crescendo"],"picked":"Halt","floor":11},{"not_picked":["Bomb","Nirvana"],"picked":"PathToVictory","floor":12},{"not_picked":["DeceiveReality","Scrawl"],"picked":"DevaForm","floor":13},{"not_picked":["Judgement","Tools of the Trade"],"picked":"LessonLearned","floor":16},{"not_picked":["EmptyMind","EmptyFist"],"picked":"CrushJoints+1","floor":18},{"not_picked":["ClearTheMind","Weave+1"],"picked":"AT_RealFormLess+1","floor":19},{"not_picked":["FlurryOfBlows+1","EmptyFist"],"picked":"Replay:Battleflow+1","floor":21},{"not_picked":["Halt","ThirdEye+1"],"picked":"Replay:LoomingThreat","floor":23},{"not_picked":["FearNoEvil+1","JustLucky+1"],"picked":"Tantrum","floor":24},{"not_picked":["WreathOfFlame","CrushJoints"],"picked":"WheelKick+1","floor":25},{"not_picked":["FlurryOfBlows","Evaluate"],"picked":"Prostrate","floor":28},{"not_picked":["ClearTheMind","Swivel"],"picked":"Prostrate","floor":31},{"not_picked":["Vault","Alpha"],"picked":"Devotion","floor":33},{"not_picked":["JustLucky","Halt+1"],"picked":"Prostrate+1","floor":35},{"not_picked":["Protect","FlurryOfBlows+1"],"picked":"FearNoEvil+1","floor":38},{"not_picked":["Meditate","Prostrate"],"picked":"Replay:BluntJabs+1","floor":39},{"not_picked":["Halt+1","JustLucky"],"picked":"Replay:BluntJabs+1","floor":44},{"not_picked":["LikeWater+1","EmptyFist+1"],"picked":"Consecrate+1","floor":45},{"not_picked":["Consecrate","JustLucky"],"picked":"FearNoEvil","floor":47},{"not_picked":["WheelKick+1","ThirdEye+1"],"picked":"AT_RealColorLess","floor":48}],"player_experience":733506,"relics_obtained":[{"floor":1,"key":"Baka"},{"floor":3,"key":"Counterbalance"},{"floor":3,"key":"AT_LudenTempest"},{"floor":7,"key":"ReplayTheSpireMod:Lightbulb"},{"floor":9,"key":"GuppysHead"},{"floor":10,"key":"ZombieArmy"},{"floor":10,"key":"Replay:WaspNest"},{"floor":11,"key":"reliquary:ExpiredCoupon"},{"floor":12,"key":"testmod-OneHitWonder"},{"floor":13,"key":"SteamSale"},{"floor":19,"key":"Baka2"},{"floor":21,"key":"Red Mask"},{"floor":23,"key":"reliquary:TuningFork"},{"floor":26,"key":"Smiling Mask"},{"floor":35,"key":"HushsDoor"},{"floor":43,"key":"reliquary:Firecrackers"}],"event_choices":[{"damage_healed":0,"gold_gain":0,"player_choice":"Fought Bandits","damage_taken":0,"max_hp_gain":0,"max_hp_loss":0,"event_name":"Masked Bandits","floor":21,"gold_loss":0},{"damage_healed":0,"gold_gain":0,"player_choice":"Choice 2","damage_taken":0,"relics_obtained":["alterego_mod:SomeoneToFightFor"],"max_hp_gain":0,"max_hp_loss":0,"event_name":"爱的神圣花园","floor":29,"gold_loss":0},{"damage_healed":0,"gold_gain":0,"player_choice":"Embrace Madness","damage_taken":8,"max_hp_gain":0,"max_hp_loss":0,"event_name":"Winding Halls","floor":36,"gold_loss":0,"cards_obtained":["Madness","Madness"]},{"cards_removed":["Strike_P"],"damage_healed":0,"gold_gain":0,"player_choice":"Took Card","damage_taken":0,"max_hp_gain":0,"max_hp_loss":0,"event_name":"NoteForYourself","floor":49,"gold_loss":0,"cards_obtained":["Strike_B"]}],"is_beta":false,"boss_relics":[{"not_picked":["SacredBark","Snecko Eye"],"picked":"reliquary:RedPaperclip"},{"not_picked":[]},{"not_picked":["testmod-EnergyCheck","Fusion Hammer"],"picked":"EasyGame_NEW"},{"not_picked":[]}],"items_purged_floors":[20,22,27,37,41],"is_endless":false,"potions_floor_spawned":[1,3,10,11,18,21,23,24,25,28,31,33,35,38,44,45,47,48],"killed_by":"Awakened One","ascension_level":0}}