{"host":"cdnletu4ypo40ld3","time":1613041416,"event":{"mods":["BaseMod","Colored Map","Downfall","Duelist Mod","GifTheSpireLib","Hermit","Highlight Path","Hubris","Infinite Spire","Jorbs\u0027s Wanderer Trilogy","Marisa????????","Minty Spire (QoL Compilation)","Rare Cards Sparkle","Replay The Spire","StSLib","The Animator","The Bug Knight","The Cursed","The Disciple","The Hierophant","The Servant 0.9.4"],"gold_per_floor":[112,126,76,146,146,183,210,210,210,236,271,271,271,300,300,410,410,438,349,84,93,111,146,146,188,270,299,299,336,336,363,363,469,469,494,503,521,530,539,539,567,592,615,715,237,272,326,361,361,361],"floor_reached":51,"language":"ENG","playtime":2742,"items_purged":["Strike_R","ReplayTheSpireMod:Restless Dread"],"score":973,"play_id":"b064fc57-bd78-4648-9f0d-fa10e8949710","local_time":"20210211180336","is_ascension_mode":true,"campfire_choices":[{"floor":12.0,"key":"REST"},{"data":"Heavy Blade","floor":15.0,"key":"SMITH"},{"floor":24.0,"key":"REST"},{"floor":28.0,"key":"REST"},{"data":"Bloodletting","floor":30.0,"key":"SMITH"},{"floor":32.0,"key":"REST"},{"data":"Hemokinesis","floor":40,"key":"SMITH"},{"floor":49,"key":"REST"}],"circlet_count":0,"master_deck":["Strike_R","Strike_R","Strike_R","Strike_R","Defend_R","Defend_R","Defend_R","Defend_R+1","Bash","Rupture+1","Combust","Cleave","Hemokinesis+1","Heavy Blade+1","Metallicize+1","Pummel","Anger","True Grit+1","Replay:Undeath\u0027s Touch","hubris:StunningStrike","Shrug It Off","Flex","Bash","Finesse","Anger+1","Bloodletting+1","Flex","Replay:Undeath\u0027s Touch","hubris:SharpeningStone","Hemogenesis","True Grit","Replay:Sssssssssshield","Wraith","Metallicize+1","Power Through+1","Replay:BasicMightCard","Warcry+1"],"relics":["Burning Blood","NeowsBlessing","Vajra","CeramicFish","ReplayTheSpireMod:Spearhead","Replay:WaspNest","Ornamental Fan","Runic Cube","War Paint","PreservedInsect","sneckomod:BabySnecko","Centennial Puzzle","Pantograph","infinitespire:Broken Mirror","hubris:CuriousFeather","hubris:RunicObelisk","Nunchaku","Happy Flower","hubris:EmptyBottle","CaptainsWheel","Dream Catcher","hubris:TinFlute"],"acts_visited":["Exordium","TheCity","TheBeyond"],"potions_floor_usage":[42,46,48,50,50,50],"damage_taken":[{"damage":0.0,"enemies":"2 Louse","floor":1.0,"turns":1.0},{"damage":0.0,"enemies":"Small Slimes","floor":2.0,"turns":1.0},{"damage":0.0,"enemies":"Lagavulin","floor":6.0,"turns":1.0},{"damage":11.0,"enemies":"Jaw Worm","floor":7.0,"turns":3.0},{"damage":13.0,"enemies":"3 Louse","floor":10.0,"turns":4.0},{"damage":16.0,"enemies":"HollowMod:MossKnight","floor":11.0,"turns":4.0},{"damage":10.0,"enemies":"Exordium Thugs","floor":14.0,"turns":4.0},{"damage":26.0,"enemies":"The Guardian","floor":16.0,"turns":7.0},{"damage":28.0,"enemies":"2 Thieves","floor":18.0,"turns":4.0},{"damage":24.0,"enemies":"theDuelist:KaibaA2","floor":23.0,"turns":3.0},{"damage":19.0,"enemies":"Gremlin Leader","floor":25.0,"turns":5.0},{"damage":18.0,"enemies":"Spheric Guardian","floor":27.0,"turns":4.0},{"damage":18.0,"enemies":"HollowMod:Nosk","floor":29.0,"turns":3.0},{"damage":33.0,"enemies":"Snecko","floor":31.0,"turns":5.0},{"damage":33.0,"enemies":"hubris:MusketHawk","floor":33.0,"turns":7.0},{"damage":18.0,"enemies":"3 Darklings","floor":35.0,"turns":3.0},{"damage":16.0,"enemies":"Orb Walker","floor":37.0,"turns":2.0},{"damage":46,"enemies":"Writhing Mass","floor":41,"turns":4},{"damage":13,"enemies":"Maw","floor":42,"turns":6},{"damage":14,"enemies":"Nemesis","floor":46,"turns":3},{"damage":4,"enemies":"Nightmare","floor":48,"turns":6},{"damage":25,"enemies":"hubris:GrandSnecko","floor":50,"turns":10}],"seed_played":"5569937058031796027","potions_obtained":[{"floor":1.0,"key":"AttackPotion"},{"floor":4.0,"key":"Toxic Potion"},{"floor":10.0,"key":"DistilledChaos"},{"floor":16.0,"key":"DuplicationPotion"},{"floor":33.0,"key":"PowerPotion"},{"floor":46,"key":"Venom Potion"}],"is_trial":false,"path_per_floor":["M","M","$","?","?","E","M","?","T","M","E","R","?","M","R","B",null,"M","?","$","?","?","E","R","E","T","M","R","E","R","M","R","B",null,"M","?","M","?","?","R","M","M","T","?","$","E","T","NM","R","B",null],"character_chosen":"IRONCLAD","items_purchased":["Cleave","Flex","PreservedInsect","Happy Flower","hubris:EmptyBottle","Replay:BasicMightCard"],"campfire_rested":5,"item_purchase_floors":[3,20,20,45,45,45],"current_hp_per_floor":[80,80,80,80,80,80,75,68,68,61,51,75,75,71,71,51,80,58,58,58,58,58,40,64,51,51,39,63,51,51,24,48,46,80,70,70,60,60,60,60,27,27,27,27,27,19,19,26,50,61],"gold":361,"neow_bonus":"THREE_ENEMY_KILL","is_daily":false,"chose_seed":false,"campfire_upgraded":3,"win_rate":0.0,"timestamp":1613041416,"path_taken":["M","M","$","?","?","E","M","?","T","M","E","R","?","M","R","BOSS","M","?","?","?","?","E","R","E","T","M","R","E","R","M","R","BOSS","M","?","M","?","?","R","M","?","T","?","?","E","?","NM","R","BOSS"],"items_purchased_type":["Card","Card","Relic","Relic","Relic","Card"],"build_version":"2020-12-22","purchased_purges":2,"victory":true,"max_hp_per_floor":[80,80,80,80,80,80,80,80,80,80,80,80,80,80,80,80,80,80,80,80,80,80,80,80,80,80,80,80,80,80,80,80,80,80,80,80,80,80,80,80,80,80,80,80,80,80,80,80,80,80],"card_choices":[{"not_picked":["Blood for Blood","Uppercut"],"picked":"Rupture","floor":1.0},{"not_picked":["Pommel Strike","Body Slam"],"picked":"Combust","floor":2.0},{"not_picked":["ReplayTheSpireMod:Strike From Hell","Evolve"],"picked":"Hemokinesis","floor":4.0},{"not_picked":["ReplayTheSpireMod:Strike From Hell","Twin Strike"],"picked":"Heavy Blade","floor":4.0},{"not_picked":["Searing Blow","Clash"],"picked":"Metallicize","floor":6.0},{"not_picked":["Havoc","Sword Boomerang"],"picked":"Pummel","floor":7.0},{"not_picked":["Clash","Carnage"],"picked":"Anger","floor":10.0},{"not_picked":["Armaments","Defy Death"],"picked":"True Grit","floor":11.0},{"not_picked":["Second Wind","Perfected Strike"],"picked":"Replay:Undeath\u0027s Touch","floor":14.0},{"not_picked":["Fiend Fire","Impervious"],"picked":"hubris:StunningStrike","floor":16.0},{"not_picked":["Sentinel","Twin Strike+1"],"picked":"Shrug It Off","floor":18.0},{"not_picked":["Flame Barrier","Twin Strike"],"picked":"Anger+1","floor":23.0},{"not_picked":["Second Wind+1","Flame Barrier"],"picked":"Bloodletting","floor":25.0},{"not_picked":["Twin Strike","ReplayTheSpireMod:Stacked"],"picked":"Flex","floor":27.0},{"not_picked":["Immolate","Seeing Red"],"picked":"Replay:Undeath\u0027s Touch","floor":29.0},{"not_picked":["Warcry","Thunderclap"],"picked":"hubris:SharpeningStone","floor":31.0},{"not_picked":["Double Tap","Fiend Fire"],"picked":"Hemogenesis","floor":33.0},{"not_picked":["Shockwave","Body Slam+1"],"picked":"True Grit","floor":35.0},{"not_picked":["Replay:Bootleg Shield Generator","Swift Strike"],"picked":"Replay:Sssssssssshield","floor":36.0},{"not_picked":["Armaments+1","Twin Strike","Pommel Strike+1"],"picked":"SKIP","floor":37.0},{"not_picked":["Intimidate","Wild Strike"],"picked":"Metallicize+1","floor":41},{"not_picked":["ReplayTheSpireMod:Strike From Hell+1","Headbutt+1"],"picked":"Power Through+1","floor":42},{"not_picked":["ReplayReversal","Fiend Fire","Wild Strike+1"],"picked":"SKIP","floor":46},{"not_picked":["ReplayReversal","Fiend Fire","Wild Strike+1"],"picked":"SKIP","floor":46},{"not_picked":["Body Slam+1","Pommel Strike"],"picked":"Warcry+1","floor":48}],"player_experience":206837,"relics_obtained":[{"floor":4.0,"key":"Vajra"},{"floor":6.0,"key":"CeramicFish"},{"floor":9.0,"key":"Replay:WaspNest"},{"floor":11.0,"key":"Ornamental Fan"},{"floor":23.0,"key":"Centennial Puzzle"},{"floor":25.0,"key":"Pantograph"},{"floor":26.0,"key":"infinitespire:Broken Mirror"},{"floor":29.0,"key":"hubris:CuriousFeather"},{"floor":43,"key":"Nunchaku"},{"floor":46,"key":"CaptainsWheel"},{"floor":47,"key":"Dream Catcher"},{"floor":48,"key":"hubris:TinFlute"}],"event_choices":[{"damage_healed":0.0,"max_hp_gain":0.0,"max_hp_loss":0.0,"gold_gain":0.0,"event_name":"Scrap Ooze","player_choice":"Success","floor":8.0,"gold_loss":0.0,"damage_taken":7.0,"relics_obtained":["ReplayTheSpireMod:Spearhead"]},{"damage_healed":0.0,"max_hp_gain":0.0,"max_hp_loss":0.0,"gold_gain":0.0,"event_name":"Upgrade Shrine","player_choice":"Upgraded","floor":13.0,"gold_loss":0.0,"damage_taken":0.0,"cards_upgraded":["Metallicize"]},{"damage_healed":0.0,"max_hp_gain":0.0,"max_hp_loss":0.0,"gold_gain":0.0,"event_name":"WeMeetAgain","player_choice":"Paid Gold","floor":19.0,"gold_loss":89.0,"damage_taken":0.0,"relics_obtained":["War Paint"]},{"damage_healed":0.0,"max_hp_gain":0.0,"max_hp_loss":0.0,"gold_gain":0.0,"event_name":"Match and Keep!","player_choice":"2 cards matched","floor":22.0,"gold_loss":0.0,"damage_taken":0.0,"cards_obtained":["Bash","Finesse"]},{"damage_healed":0.0,"max_hp_gain":0.0,"max_hp_loss":0.0,"gold_gain":0.0,"event_name":"SensoryStone","player_choice":"Memory 1","floor":36.0,"gold_loss":0.0,"damage_taken":0.0},{"damage_healed":0,"gold_gain":0,"player_choice":"Ignored","damage_taken":0,"max_hp_gain":0,"max_hp_loss":0,"event_name":"OrinTheCat","floor":38,"gold_loss":0},{"damage_healed":0,"gold_gain":0,"cards_transformed":["downfall:Bewildered"],"player_choice":"Transformed","damage_taken":0,"max_hp_gain":0,"max_hp_loss":0,"event_name":"Transmorgrifier","floor":39,"gold_loss":0,"cards_obtained":["ReplayTheSpireMod:Restless Dread"]},{"damage_healed":0,"gold_gain":100,"player_choice":"Pray","damage_taken":0,"max_hp_gain":0,"max_hp_loss":0,"event_name":"Golden Shrine","floor":44,"gold_loss":0}],"is_beta":false,"boss_relics":[{"not_picked":["ReplayTheSpireMod:DimensionalGlitch","hubris:CrackedHourglass"],"picked":"Runic Cube"},{"not_picked":["infinitespire:Burning Sword","Replay:Ancient Bell"],"picked":"hubris:RunicObelisk"}],"items_purged_floors":[20,45],"is_endless":false,"potions_floor_spawned":[1,10,11,16,18,31,33,41,46],"ascension_level":2}}