{"host":"pwrib9jhixfykg8d","time":1613029271,"event":{"mods":["Act Like it!","Astrologer","BaseMod","Custom Start","Downfall","Gold Saver","GungeonMod","Hallownest","Hermit","Infinite Spire","Lobotomy","Luminous","Marisa£®ÏF”Í°°ƒß¿Ì…≥£©","Minty Spire (QoL Compilation)","Quick Restart","Reliquary","Replay The Spire","Shop Mod","StSLib","The Animator","The Bug Knight","The Jungle","Youmu£®ªÍ∆«—˝√Œ£©"],"gold_per_floor":[882,901,19,33,53,53,65,94,94,104,104,115,115,127,127,232,232,144,46,46,59,617,650,650,677,677,677,677,689,689,730,730,834,834,852,871,326,326,326],"floor_reached":38,"language":"ZHS","playtime":5659,"items_purged":["Writhe","animator:Curse_GriefSeed","HollowMod:SiblingsShadow"],"score":493,"play_id":"25cd28b1-c034-4e0e-aa89-40456e749cfc","local_time":"20210211154111","is_ascension_mode":false,"campfire_choices":[{"data":"HollowMod:SoulEater","floor":6,"key":"SMITH"},{"data":"HollowMod:BaldurShell","floor":11,"key":"SMITH"},{"data":"Replay:Fractal Strike","floor":15,"key":"SMITH"},{"data":"HollowMod:HerrahsAnger","floor":24,"key":"SMITH"},{"floor":28,"key":"REST"},{"data":"HollowMod:Hiveblood","floor":30,"key":"SMITH"},{"data":"HollowMod:RecoilStrike","floor":32,"key":"SMITH"}],"circlet_count":0,"master_deck":["HollowMod:NailStrikeStart+1","HollowMod:NailStrikeStart","HollowMod:NailStrikeStart","HollowMod:NailStrikeStart","HollowMod:QuickDashStart","HollowMod:QuickDashStart","HollowMod:QuickDashStart","HollowMod:QuickDashStart","HollowMod:FocusHealStart","HollowMod:PogoStrike","HollowMod:Grubsong","Sadistic Nature","HollowMod:SoulEater+1","HollowMod:CornifersMapStart","HollowMod:BaldurShell","HollowMod:AwokenDreamNail+1","HollowMod:BaldurShell+1","HollowMod:ZotesMagnificence","Replay:Fractal Strike+1","HollowMod:FastStrike","HollowMod:Hiveblood+1","animator:Curse_GriefSeed","HollowMod:CornifersMapStart+1","Finesse","HollowMod:HerrahsAnger+1","HollowMod:ShapeofUnn+1","infinitespire:FutureSight","HollowMod:RecoilStrike+1","HollowMod:Hiveblood"],"relics":["HollowMod:VesselMask","Lizard Tail","Potion Belt","reliquary:Stiletto","TheAbacus","DemoMod:GnawedKey","Art of War","DemoMod:SerJunkan","Gremlin Food","reliquary:HotPoker","Mango","DemoMod:Junk","DemoMod:LamentConfigurum","Replay:Bottled Snecko","Strawberry","Black Star","Happy Flower","reliquary:RosewoodLute","Cauldron"],"acts_visited":["Hallownest:Greenpath","Hallownest:CityofTears","Hallownest:KingdomsEdge"],"potions_floor_usage":[10,16,18,18,21,23,23,38,38,38,38],"damage_taken":[{"damage":1,"enemies":"Hallownest:monsterHuskWarrior","floor":1,"turns":4},{"damage":9,"enemies":"Hallownest:monsterHuskGuard","floor":2,"turns":4},{"damage":1,"enemies":"Hallownest:2_Baldur","floor":4,"turns":4},{"damage":24,"enemies":"Hallownest:monsterFoolEater","floor":5,"turns":5},{"damage":12,"enemies":"Hallownest:1_Baldur_1_Crawlid_1_Warrior","floor":7,"turns":10},{"damage":10,"enemies":"Hallownest:eliteVengeflyKing","floor":8,"turns":10},{"damage":3,"enemies":"Hallownest:Guard_and_Warrior","floor":10,"turns":8},{"damage":3,"enemies":"Hallownest:MossCreep_and_Mosskin","floor":12,"turns":6},{"damage":3,"enemies":"Hallownest:Wandering_and_Horned","floor":14,"turns":4},{"damage":24,"enemies":"Hallownest:BossBrokenVessel","floor":16,"turns":13},{"damage":39,"enemies":"Hallownest:Guard_and_Sentry","floor":18,"turns":6},{"damage":35,"enemies":"Hallownest:Flukemon_and_Top","floor":21,"turns":6},{"damage":10,"enemies":"Hallownest:Nosk","floor":23,"turns":9},{"damage":101,"enemies":"Hallownest:eliteSoulWarrior","floor":25,"turns":9},{"damage":31,"enemies":"Hallownest:monsterMisterMushroom","floor":29,"turns":8},{"damage":40,"enemies":"Hallownest:Glutton_and_Coward","floor":31,"turns":4},{"damage":60,"enemies":"Hallownest:BossMantisLord","floor":33,"turns":8},{"damage":65,"enemies":"Hallownest:2_Littles","floor":35,"turns":8},{"damage":82,"enemies":"Hallownest:Shield_Heavy","floor":36,"turns":9},{"damage":72,"enemies":"Hallownest:2_Primals","floor":38,"turns":2}],"seed_played":"-7110557170195574286","potions_obtained":[{"floor":1,"key":"LiquidBronze"},{"floor":7,"key":"Fire Potion"},{"floor":8,"key":"Block Potion"},{"floor":12,"key":"SteroidPotion"},{"floor":14,"key":"Swift Potion"},{"floor":18,"key":"FearPotion"},{"floor":21,"key":"Slimebound:ThreeZeroPotion"},{"floor":36,"key":"Cursed Concoction"},{"floor":37,"key":"BlessingOfTheForge"},{"floor":37,"key":"EssenceOfSteel"},{"floor":37,"key":"LiquidMemories"},{"floor":37,"key":"LiquidBronze"}],"is_trial":false,"path_per_floor":["M","M","$","M","M","R","M","E","T","M","R","M","?","M","R","B",null,"M","$","?","M","?","E","R","E","T","AVR","R","M","R","M","R","B",null,"M","M","$","?"],"character_chosen":"THE_BUGKNIGHT","items_purchased":["Potion Belt","reliquary:Stiletto","Sadistic Nature","TheAbacus","HollowMod:SoulEater","DemoMod:GnawedKey","Finesse","Happy Flower","reliquary:RosewoodLute","Cauldron"],"campfire_rested":1,"item_purchase_floors":[3,3,3,3,3,3,19,37,37,37],"current_hp_per_floor":[74,65,65,64,50,50,48,50,50,59,59,66,48,51,51,39,89,74,74,74,63,63,78,78,47,47,54,82,76,76,60,60,35,96,96,66,66,0,0],"gold":326,"neow_bonus":"ONE_RARE_RELIC","is_daily":false,"chose_seed":false,"campfire_upgraded":6,"win_rate":0.0,"timestamp":1613029271,"path_taken":["M","M","$","M","M","R","M","E","T","M","R","M","?","M","R","BOSS","M","$","?","?","?","E","R","E","T","AVR","R","?","R","M","R","BOSS","M","M","$","?"],"items_purchased_type":["Relic","Relic","Card","Relic","Card","Relic","Card","Relic","Relic","Relic"],"build_version":"2020-12-22","purchased_purges":3,"victory":false,"max_hp_per_floor":[75,75,75,75,75,75,75,75,75,75,75,75,75,75,75,75,89,89,89,89,89,89,89,89,89,89,96,96,96,96,96,96,96,96,96,96,96,96,96],"card_choices":[{"not_picked":["HollowMod:InfectedCysts","HollowMod:SoulVessel"],"picked":"HollowMod:Grubsong","floor":1},{"not_picked":["HollowMod:ShadowDash","HollowMod:PerfectDash"],"picked":"HollowMod:SiblingsShadow","floor":2},{"not_picked":["HollowMod:SoulVessel","HollowMod:HowlingWraiths"],"picked":"HollowMod:CornifersMapStart","floor":4},{"not_picked":["HollowMod:MonomonsArchive","HollowMod:TaintedHusks"],"picked":"HollowMod:BaldurShell","floor":5},{"not_picked":["HollowMod:WraithStrike","HollowMod:DungDefenderAura"],"picked":"HollowMod:AwokenDreamNail","floor":7},{"not_picked":["HollowMod:SiblingsShadow","HollowMod:HeavyBlow"],"picked":"HollowMod:BaldurShell","floor":8},{"not_picked":["HollowMod:SharpenedNail","HollowMod:LifebloodCocoon","HollowMod:NewLittleFool"],"picked":"SKIP","floor":10},{"not_picked":["HollowMod:DoubleDash","HollowMod:InfectedCysts"],"picked":"HollowMod:ZotesMagnificence","floor":12},{"not_picked":["ReplayTheSpireMod:Black Plague","ReplayTheSpireMod:Book of Names"],"picked":"Replay:Fractal Strike","floor":13},{"not_picked":["HollowMod:LifebloodCocoon","HollowMod:VengefulVoid"],"picked":"HollowMod:FastStrike","floor":14},{"not_picked":["HollowMod:VoidDash","HollowMod:PaleKingsBlessing"],"picked":"HollowMod:Hiveblood","floor":16},{"not_picked":["Hallownest:curseDreamersLament","CurseOfTheBell"],"picked":"ReplayTheSpireMod:IOU","floor":17},{"not_picked":["animator:Curse_Nutcracker","Delirium"],"picked":"animator:Curse_GriefSeed","floor":17},{"not_picked":["animator:Curse_Greed","Languid"],"picked":"animator:Curse_GriefSeed","floor":17},{"not_picked":["HollowMod:GreatSlash","HollowMod:SoulVessel"],"picked":"HollowMod:CornifersMapStart+1","floor":18},{"not_picked":["HollowMod:BaldurShell","HollowMod:VengefulSpirit","HollowMod:WraithStrike"],"picked":"SKIP","floor":21},{"not_picked":["HollowMod:SharpenedShadows","HollowMod:CycloneSlash"],"picked":"HollowMod:HerrahsAnger","floor":23},{"not_picked":["HollowMod:SharpenedNail","HollowMod:LuriensSpire+1"],"picked":"HollowMod:ShapeofUnn+1","floor":25},{"not_picked":["HollowMod:ShadowDash","HollowMod:CloakDash","HollowMod:SoulStrike+1"],"picked":"SKIP","floor":29},{"not_picked":["HollowMod:NewLittleFool","HollowMod:NewJinnsSoul"],"picked":"HollowMod:RecoilStrike","floor":31},{"not_picked":["HollowMod:LifebloodCore","HollowMod:NewInfectedGuardian"],"picked":"HollowMod:Hiveblood","floor":33},{"not_picked":["HollowMod:FastStrike+1","HollowMod:ShadowDash+1","HollowMod:BaldurShell+1"],"picked":"SKIP","floor":35},{"not_picked":["HollowMod:DungDefenderAura+1","HollowMod:NewGlowingWomb","HollowMod:HowlingWraiths"],"picked":"SKIP","floor":36}],"player_experience":321032,"relics_obtained":[{"floor":8,"key":"Art of War"},{"floor":9,"key":"DemoMod:SerJunkan"},{"floor":23,"key":"DemoMod:Junk"},{"floor":25,"key":"DemoMod:LamentConfigurum"},{"floor":26,"key":"Replay:Bottled Snecko"}],"event_choices":[],"is_beta":false,"boss_relics":[{"not_picked":["Runic Dome","ReplayTheSpireMod:SealedPack"],"picked":"Replay:Ancient Bell"},{"not_picked":["Blue Doll","reliquary:TatteredRug"],"picked":"Gremlin Food"},{"not_picked":["DemoMod:PinkGuonStone","Replay:Bottled Eggs"],"picked":"reliquary:HotPoker"},{"not_picked":["reliquary:OuijaBoard","Unceasing Top"],"picked":"Mango"},{"not_picked":["Empty Cage","reliquary:WritOfMandamus"],"picked":"Black Star"}],"items_purged_floors":[3,27,37],"is_endless":false,"potions_floor_spawned":[1,7,8,12,14,18,21,36],"killed_by":"Hallownest:2_Primals","ascension_level":0}}