{"host":"pah2xi72mkoh8qg3","time":1613066307,"event":{"mods":["BaseMod","Colored Powertips","Conspire","FoggyMod","Highlight Path","Minty Spire (QoL Compilation)","Reliquary","Replay The Spire","RumiaBox-露米娅的神秘盒子","Shop Mod","StSLib","Waifu the Spire"],"gold_per_floor":[117,117,117,117,132,132,132,132],"floor_reached":7,"language":"ZHS","playtime":291,"items_purged":[],"score":41,"play_id":"4ddc408f-de7b-48b6-8c40-2efa9cba6b80","local_time":"20210212015827","is_ascension_mode":true,"campfire_choices":[{"floor":6,"key":"RECALL"}],"circlet_count":0,"master_deck":["Strike_G","Strike_G","Strike_G","Strike_G","Strike_G","Defend_G","Defend_G","Defend_G","Defend_G","Defend_G","Survivor","Neutralize","Defend_G","ReplayTheSpireMod:Brewmster","Terror+1","Regret","Burst","Backflip"],"relics":["Ring of the Snake","conspire:GiftBox"],"acts_visited":["Exordium"],"potions_floor_usage":[5,5,7,7,7],"damage_taken":[{"damage":10,"enemies":"2 Louse","floor":1,"turns":6},{"damage":10,"enemies":"Jaw Worm","floor":5,"turns":4},{"damage":50,"enemies":"Gremlin Nob","floor":7,"turns":5}],"seed_played":"3304886703694190166","potions_obtained":[{"floor":5,"key":"LiquidMemories"}],"is_trial":false,"path_per_floor":["M","?","?","?","M","R","E"],"character_chosen":"THE_SILENT","items_purchased":[],"campfire_rested":0,"item_purchase_floors":[],"current_hp_per_floor":[60,53,53,53,43,43,0,0],"gold":132,"neow_bonus":"RANDOM_COLORLESS_2","is_daily":false,"chose_seed":false,"campfire_upgraded":0,"win_rate":0.0,"timestamp":1613066307,"path_taken":["M","?","?","?","?","R","E"],"items_purchased_type":[],"build_version":"2020-12-22","purchased_purges":0,"victory":false,"max_hp_per_floor":[70,70,70,70,70,70,70,70],"card_choices":[{"not_picked":["Secret Technique","Transmutation"],"picked":"ReplayTheSpireMod:Brewmster","floor":0},{"not_picked":["Acrobatics","Draining Mist"],"picked":"Terror","floor":1},{"not_picked":["ReplayTheSpireMod:From All Sides","Poison Darts"],"picked":"Burst","floor":3},{"not_picked":["Bane","Acrobatics"],"picked":"Backflip","floor":5}],"player_experience":331024,"relics_obtained":[],"event_choices":[{"cards_removed":["Defend_B"],"damage_healed":0,"gold_gain":0,"player_choice":"Card Removal","damage_taken":7,"max_hp_gain":0,"max_hp_loss":0,"event_name":"Golden Wing","floor":2,"gold_loss":0},{"damage_healed":0,"gold_gain":0,"player_choice":"Box","damage_taken":0,"relics_obtained":["conspire:GiftBox"],"max_hp_gain":0,"max_hp_loss":0,"event_name":"Big Fish","floor":3,"gold_loss":0,"cards_obtained":["Regret"]}],"is_beta":false,"boss_relics":[],"items_purged_floors":[],"is_endless":false,"potions_floor_spawned":[1,5],"killed_by":"Gremlin Nob","ascension_level":1}}