{"host":"pjgcdp3h1plnbocs","time":1613052973,"event":{"mods":["AchievementEnabler","BaseMod","Colored Map","Downfall","Highlight Path","Minty Spire (QoL Compilation)","StSLib"],"gold_per_floor":[113,132,146,146,146,181,11,40,40,54,83,83,113,113,113,215,215,232,245,264,118,136,136,136],"floor_reached":23,"language":"ENG","playtime":696,"items_purged":["Regret","Defend_G"],"score":332,"play_id":"38680e41-bfa0-405c-bc07-5c22bada9482","local_time":"20210211151613","is_ascension_mode":true,"campfire_choices":[{"data":"A Thousand Cuts","floor":15,"key":"SMITH"}],"circlet_count":0,"master_deck":["AscendersBane","Strike_G","Strike_G","Strike_G","Strike_G+1","Strike_G","Defend_G+1","Defend_G","Defend_G","Defend_G","Survivor","Neutralize","Blur","Dagger Spray+1","Flying Knee+1","Trip","A Thousand Cuts+1","Adrenaline","Noxious Fumes","Poisoned Stab+1","Footwork"],"relics":["Ring of the Snake","NeowsBlessing","HornCleat","Meat on the Bone","Ninja Scroll","Slimebound:PreparedRelic","The Courier","Omamori","Whetstone","Matryoshka","Philosopher\u0027s Stone"],"acts_visited":["Exordium","TheCity"],"potions_floor_usage":[8,16,18,20,23,23],"damage_taken":[{"damage":0,"enemies":"Cultist","floor":1,"turns":1},{"damage":0,"enemies":"2 Louse","floor":2,"turns":1},{"damage":0,"enemies":"Small Slimes","floor":3,"turns":1},{"damage":24,"enemies":"3 Sentries","floor":6,"turns":10},{"damage":25,"enemies":"Gremlin Nob","floor":8,"turns":3},{"damage":0,"enemies":"Looter","floor":10,"turns":1},{"damage":8,"enemies":"Lagavulin","floor":11,"turns":6},{"damage":10,"enemies":"Gremlin Nob","floor":13,"turns":4},{"damage":29,"enemies":"Hexaghost","floor":16,"turns":12},{"damage":12,"enemies":"2 Thieves","floor":18,"turns":3},{"damage":10,"enemies":"Shell Parasite","floor":19,"turns":3},{"damage":8,"enemies":"Snake Plant","floor":20,"turns":3},{"damage":19,"enemies":"Sentry and Sphere","floor":22,"turns":5},{"damage":36,"enemies":"Book of Stabbing","floor":23,"turns":5}],"seed_played":"7610200365698984364","potions_obtained":[{"floor":3,"key":"champ:CounterPotion"},{"floor":8,"key":"bronze:BurnAndBuffPotion"},{"floor":10,"key":"Swift Potion"},{"floor":11,"key":"Fire Potion"},{"floor":16,"key":"Explosive Potion"},{"floor":18,"key":"Swift Potion"},{"floor":22,"key":"BlessingOfTheForge"}],"is_trial":false,"path_per_floor":["M","M","M","?","?","E","$","E","T","M","E","?","E","T","R","B",null,"M","M","M","$","M","E"],"character_chosen":"THE_SILENT","items_purchased":["Trip","Footwork"],"campfire_rested":0,"item_purchase_floors":[7,21],"current_hp_per_floor":[63,63,63,63,56,44,44,31,31,43,47,33,35,35,35,18,57,45,47,39,39,32,0,0],"gold":136,"neow_bonus":"THREE_ENEMY_KILL","is_daily":false,"chose_seed":false,"campfire_upgraded":1,"win_rate":0.0,"timestamp":1613052973,"path_taken":["M","?","M","?","?","E","$","E","T","M","E","?","E","?","R","BOSS","M","M","M","$","M","E"],"items_purchased_type":["Card","Card"],"build_version":"2020-12-22","purchased_purges":2,"victory":false,"max_hp_per_floor":[70,70,70,70,70,70,70,70,70,70,70,70,70,70,70,70,70,70,70,70,70,70,70,70],"card_choices":[{"not_picked":["Slice","Caltrops"],"picked":"Blur","floor":1},{"not_picked":["Setup","Bane"],"picked":"Dagger Spray","floor":2},{"not_picked":["Calculated Gamble","Dagger Throw"],"picked":"Flying Knee","floor":3},{"not_picked":["Underhanded Strike","Crippling Poison","Dodge and Roll"],"picked":"SKIP","floor":6},{"not_picked":["Eviscerate","Deadly Poison","Calculated Gamble"],"picked":"SKIP","floor":8},{"not_picked":["Deadly Poison","Acrobatics","PiercingWail"],"picked":"SKIP","floor":10},{"not_picked":["Concentrate","Endless Agony","PiercingWail"],"picked":"SKIP","floor":11},{"not_picked":["Flying Knee","After Image"],"picked":"A Thousand Cuts","floor":13},{"not_picked":["Grand Finale","Doppelganger"],"picked":"Adrenaline","floor":16},{"not_picked":["Eviscerate+1","Terror"],"picked":"Noxious Fumes","floor":18},{"not_picked":["Endless Agony+1","Dagger Throw","Slice"],"picked":"SKIP","floor":19},{"not_picked":["Grand Finale","Underhanded Strike"],"picked":"Poisoned Stab+1","floor":20},{"not_picked":["Quick Slash+1","Deadly Poison","Distraction"],"picked":"SKIP","floor":22}],"player_experience":231978,"relics_obtained":[{"floor":6,"key":"Ninja Scroll"},{"floor":8,"key":"Slimebound:PreparedRelic"},{"floor":9,"key":"The Courier"},{"floor":11,"key":"Omamori"},{"floor":13,"key":"Whetstone"},{"floor":14,"key":"Matryoshka"}],"event_choices":[{"damage_healed":0,"gold_gain":0,"player_choice":"Box","damage_taken":0,"relics_obtained":["HornCleat"],"max_hp_gain":0,"max_hp_loss":0,"event_name":"Big Fish","floor":4,"gold_loss":0,"cards_obtained":["Regret"]},{"damage_healed":0,"gold_gain":0,"player_choice":"Success","damage_taken":7,"relics_obtained":["Meat on the Bone"],"max_hp_gain":0,"max_hp_loss":0,"event_name":"Scrap Ooze","floor":5,"gold_loss":0},{"damage_healed":0,"gold_gain":0,"player_choice":"Entered Light","damage_taken":14,"max_hp_gain":0,"max_hp_loss":0,"event_name":"Shining Light","floor":12,"gold_loss":0,"cards_upgraded":["Dagger Spray","Defend_G"]}],"is_beta":false,"boss_relics":[{"not_picked":["Calling Bell","Tiny House"],"picked":"Philosopher\u0027s Stone"}],"items_purged_floors":[7,21],"is_endless":false,"potions_floor_spawned":[3,8,10,11,16,18,22],"killed_by":"Book of Stabbing","ascension_level":10}}