{"host":"bhj73plqr6q46rek","time":1613063688,"event":{"mods":["2.2 Compatiblity","Act Like it!","Arknights","Aspiration","BaseMod","Better Third Choice","BetterRewards","Bossed Relics","CapriCore","Chen","Conspire","Downfall","Energized Spire","Friendly Minions","Hubris","Infinite Spire","Marisa（霧雨　魔理沙）","Minty Spire (QoL Compilation)","Reimu（博??梦）","Relic Sorter","Reliquary","Remilia_Scarlet Moed（蕾米莉?・斯?雷特）3.3.5","Remilia（蕾米莉?）","Replay The Spire","StSLib","The Alterego","The Immortal","The Mystic","The Servant 0.9.4","WarShipGirlsR/??少女R mod","Yakumo Yukari mod","Youmu（魂魄妖梦）","Yuyuko"],"gold_per_floor":[140,159,159,172,185,185,199,219,219,219,246,261,296,296,296,399,399,399],"floor_reached":17,"language":"FRA","playtime":1063,"items_purged":[],"score":169,"play_id":"979d9d23-0df5-4046-8058-94b3ae4cd639","local_time":"20210211181448","is_ascension_mode":false,"campfire_choices":[{"data":"WeekHit_purple","floor":6,"key":"SMITH"},{"data":"Theboundaryofcreation_purpleEX","floor":10,"key":"SMITH"},{"floor":15,"key":"REST"}],"circlet_count":0,"master_deck":["AT_purpleEX","AT_purpleEX","AT_purpleEX","Defend_purpleEX","Defend_purpleEX","Defend_purpleEX","Observe_purple_1","Observe_purple_2","WeekHit_purple+1","PositiveMatter_Antimatter_Universe_purple","Theboundaryofcreation_purpleEX+1","Pot Of Greed","Pot Of Greed","ProofOfUnderstanding_purple","Know_ledgeAbilityRealm_purple"],"relics":["Boundary_crack","Memoryfragments_purpleEX","NeowsBlessing","aspiration:FrozenJewel","Grinning Jar","Ancient Tea Set","energizedSpire:DeadBattery"],"acts_visited":["Exordium","TheCity"],"potions_floor_usage":[13,16],"damage_taken":[{"damage":0,"enemies":"Cultist","floor":1,"turns":1},{"damage":0,"enemies":"2 Louse","floor":2,"turns":1},{"damage":0,"enemies":"Jaw Worm","floor":4,"turns":1},{"damage":7,"enemies":"Looter","floor":5,"turns":4},{"damage":9,"enemies":"Blue Slaver","floor":7,"turns":4},{"damage":16,"enemies":"Exordium Wildlife","floor":8,"turns":4},{"damage":15,"enemies":"3 Sentries","floor":11,"turns":9},{"damage":1,"enemies":"2 Fungi Beasts","floor":12,"turns":3},{"damage":18,"enemies":"Gremlin Nob","floor":13,"turns":3},{"damage":22,"enemies":"Slime Boss","floor":16,"turns":7}],"seed_played":"-4736922889965789142","potions_obtained":[{"floor":1,"key":"BlessingOfTheForge"},{"floor":2,"key":"Energy Potion"},{"floor":8,"key":"Explosive Potion"},{"floor":16,"key":"Dexterity Potion"}],"is_trial":false,"path_per_floor":["M","M","?","M","M","R","M","M","T","R","E","M","E","?","R","B",null],"character_chosen":"Youkari","items_purchased":[],"campfire_rested":1,"item_purchase_floors":[],"current_hp_per_floor":[70,70,70,70,64,64,57,41,41,41,27,27,9,9,30,8,70,70],"gold":399,"neow_bonus":"THREE_ENEMY_KILL","is_daily":false,"chose_seed":false,"campfire_upgraded":2,"win_rate":0.0,"timestamp":1613063688,"path_taken":["M","M","?","M","M","R","M","M","T","R","E","?","E","?","R","BOSS"],"items_purchased_type":[],"build_version":"2020-12-22","purchased_purges":0,"victory":false,"max_hp_per_floor":[70,70,70,70,70,70,70,70,70,70,70,70,70,70,70,70,70,70],"card_choices":[{"not_picked":["SharpContractionReality_purple","Charmbait_purple","Boundary_DynamicStaticEquilibrium_purple"],"picked":"SKIP","floor":1},{"not_picked":["MeetDecomposer_purple","Charmbait_purple"],"picked":"WeekHit_purple","floor":2},{"not_picked":["RuleDissolution_purple","Line_surface_state_purple"],"picked":"PositiveMatter_Antimatter_Universe_purple","floor":4},{"not_picked":["ExistenceContinue_purple","Line_surface_state_purple","Mirror_FourBoundary_purple"],"picked":"SKIP","floor":5},{"not_picked":["RuptureOfTimeAndSpace_purple","StateErode_purple"],"picked":"Theboundaryofcreation_purpleEX","floor":7},{"not_picked":["RuleDissolution_purple","ExistenceContinue_purple","Realm_recovery_purpleEX"],"picked":"SKIP","floor":8},{"not_picked":["Realm_recovery_purpleEX","StretchesForeverDream_purple","Erosivefilter_purple"],"picked":"SKIP","floor":11},{"not_picked":["StateErode_purple","DimensionStaggered_purple","ButterflyHabitatTemple_purple"],"picked":"SKIP","floor":12},{"not_picked":["Umbrella_purple","Line_surface_state_purple"],"picked":"ProofOfUnderstanding_purple","floor":13},{"not_picked":["Human_Monster_Realm_purple","BarrageBoundary_PipeDream_purple"],"picked":"Know_ledgeAbilityRealm_purple","floor":16}],"player_experience":307628,"relics_obtained":[{"floor":9,"key":"aspiration:FrozenJewel"},{"floor":11,"key":"Grinning Jar"},{"floor":13,"key":"Ancient Tea Set"}],"event_choices":[{"cards_removed":["Defend_purpleEX"],"damage_healed":0,"gold_gain":0,"player_choice":"Card Removal","damage_taken":0,"max_hp_gain":0,"max_hp_loss":0,"event_name":"Wheel of Change","floor":3,"gold_loss":0},{"cards_removed":["AT_purpleEX"],"damage_healed":0,"gold_gain":0,"player_choice":"Purged","damage_taken":0,"max_hp_gain":0,"max_hp_loss":0,"event_name":"Purifier","floor":14,"gold_loss":0}],"is_beta":false,"boss_relics":[{"not_picked":["Kintsugi","energizedSpire:OgreHead"],"picked":"energizedSpire:DeadBattery"}],"items_purged_floors":[],"is_endless":false,"potions_floor_spawned":[1,2,8,11,16],"ascension_level":0}}