{"host":"wshey5htrz8rni6u","time":1613027380,"event":{"mods":["2.2 Compatiblity","BaseMod","Block Reminder","Colored Map","Colored Powertips","Current Relic Mod","Curses Come First","Dark Map","Key Reminder","Minty Spire (QoL Compilation)","Potion Indicator Mod","Quick Restart","Random Character Button","Relic Sorter","Relic Stats","StSLib","SuperFastMode","Twitch Utils","Unceasing Turn Reminder","Weighted Paths","everything is the same but u backflip on backflip"],"gold_per_floor":[111,122,297,297,38,38,71,71,71,33,58,71,86,116,116,211,211,225,44,44,44,110,110,135,146,146,196,209,242,252,279,279,375,375,392,458,555,41,141,170,170,196,196,214,245,261,331,348,348,348,348,348,30,58,58],"floor_reached":56,"language":"ENG","playtime":5264,"items_purged":["Doubt","Strike_G","Decay"],"score":1469,"play_id":"96f4bcd7-73ea-4418-8353-67234f372d53","local_time":"20210210230940","is_ascension_mode":true,"campfire_choices":[{"data":"Metamorphosis","floor":6,"key":"SMITH"},{"floor":8,"key":"REST"},{"floor":15,"key":"REST"},{"data":"Burst","floor":23,"key":"SMITH"},{"floor":32,"key":"REST"},{"floor":41,"key":"RECALL"},{"floor":49,"key":"REST"},{"data":"After Image","floor":52,"key":"SMITH"}],"circlet_count":0,"master_deck":["Defend_G","Defend_G","Defend_G","Defend_G","Defend_G","Survivor","Neutralize","Envenom","Cloak And Dagger","Slice","Footwork","Poisoned Stab","Metamorphosis+1","Burst+1","Crippling Poison","Backflip","Accuracy","Blade Dance","Backflip","A Thousand Cuts","PiercingWail+1","Footwork","Tools of the Trade","Caltrops","Prepared+1","Envenom","Slice","Infinite Blades","Prepared+1","Tools of the Trade","Leg Sweep+1","Blur+1","Noxious Fumes+1","Tactician","Cloak And Dagger+1","Infinite Blades","PiercingWail+1","Backstab","Reflex+1","Tactician+1","Caltrops","After Image+1","Cloak And Dagger+1","Blur+1","Night Terror","Accuracy","Backstab","Infinite Blades+1","Crippling Poison+1","Footwork","Well Laid Plans","Caltrops","Heel Hook","Acrobatics+1"],"relics":["Ring of the Serpent","Pear","Mummified Hand","Sundial","Dead Branch","SsserpentHead","Oddly Smooth Stone","Letter Opener","Shuriken","Vajra","Question Card","Cursed Key","Torii","Ice Cream","Orrery","Prayer Wheel","Boot","Du-Vu Doll","Bronze Scales","White Beast Statue"],"acts_visited":["Exordium","TheCity","TheBeyond","TheEnding"],"potions_floor_usage":[7,11,16,29,31,31,37,50,54,55,55],"damage_taken":[{"damage":3,"enemies":"Cultist","floor":1,"turns":6},{"damage":0,"enemies":"2 Louse","floor":2,"turns":3},{"damage":14,"enemies":"3 Sentries","floor":7,"turns":4},{"damage":26,"enemies":"Gremlin Nob","floor":11,"turns":4},{"damage":2,"enemies":"Jaw Worm","floor":12,"turns":4},{"damage":8,"enemies":"Lots of Slimes","floor":13,"turns":3},{"damage":8,"enemies":"3 Sentries","floor":14,"turns":10},{"damage":9,"enemies":"Hexaghost","floor":16,"turns":7},{"damage":33,"enemies":"Spheric Guardian","floor":18,"turns":6},{"damage":0,"enemies":"Shell Parasite","floor":22,"turns":3},{"damage":9,"enemies":"Book of Stabbing","floor":24,"turns":6},{"damage":2,"enemies":"Snecko","floor":25,"turns":5},{"damage":0,"enemies":"Centurion and Healer","floor":28,"turns":4},{"damage":8,"enemies":"Gremlin Leader","floor":29,"turns":4},{"damage":1,"enemies":"Cultist and Chosen","floor":30,"turns":5},{"damage":1,"enemies":"Slavers","floor":31,"turns":4},{"damage":9,"enemies":"Champ","floor":33,"turns":6},{"damage":8,"enemies":"3 Darklings","floor":35,"turns":4},{"damage":8,"enemies":"3 Shapes","floor":36,"turns":3},{"damage":2,"enemies":"2 Orb Walkers","floor":37,"turns":5},{"damage":0,"enemies":"Mind Bloom Boss Battle","floor":39,"turns":4},{"damage":0,"enemies":"Reptomancer","floor":40,"turns":5},{"damage":9,"enemies":"Nemesis","floor":42,"turns":5},{"damage":1,"enemies":"Sphere and 2 Shapes","floor":44,"turns":3},{"damage":0,"enemies":"Giant Head","floor":45,"turns":5},{"damage":0,"enemies":"Maw","floor":46,"turns":5},{"damage":0,"enemies":"Transient","floor":47,"turns":5},{"damage":0,"enemies":"Jaw Worm Horde","floor":48,"turns":2},{"damage":12,"enemies":"Time Eater","floor":50,"turns":9},{"damage":2,"enemies":"Shield and Spear","floor":54,"turns":4},{"damage":33,"enemies":"The Heart","floor":55,"turns":7}],"seed_played":"1696319155761216691","potions_obtained":[{"floor":2,"key":"GamblersBrew"},{"floor":7,"key":"GamblersBrew"},{"floor":12,"key":"GhostInAJar"},{"floor":14,"key":"GamblersBrew"},{"floor":16,"key":"SteroidPotion"},{"floor":18,"key":"Regen Potion"},{"floor":22,"key":"CunningPotion"},{"floor":30,"key":"Swift Potion"},{"floor":31,"key":"Poison Potion"},{"floor":35,"key":"Dexterity Potion"},{"floor":39,"key":"EssenceOfSteel"},{"floor":44,"key":"Ancient Potion"}],"is_trial":false,"path_per_floor":["M","M","?","?","$","R","E","R","T","$","E","M","M","E","R","B",null,"M","$","?","?","M","R","E","M","T","T","M","E","M","E","R","B",null,"M","M","?","$","?","E","R","E","T","M","E","M","M","M","R","B",null,"R","$","E","B",null],"character_chosen":"THE_SILENT","items_purchased":["Poisoned Stab","Metamorphosis","Crippling Poison","Footwork","Tactician","Ice Cream","Orrery","DuplicationPotion","Caltrops","Heel Hook"],"campfire_rested":4,"item_purchase_floors":[5,5,10,19,38,38,38,53,53,53],"current_hp_per_floor":[46,46,46,39,39,39,35,59,59,59,33,31,23,15,39,30,80,47,47,47,47,47,47,38,36,36,36,36,28,27,38,62,53,80,72,64,62,62,62,62,62,53,53,52,52,52,52,52,76,64,80,80,80,78,45],"gold":58,"neow_bonus":"TRANSFORM_TWO_CARDS","is_daily":false,"chose_seed":false,"campfire_upgraded":3,"win_rate":0.0,"timestamp":1613027380,"path_taken":["M","?","?","?","$","R","E","R","T","$","E","M","?","E","R","BOSS","M","$","?","?","?","R","E","M","T","?","M","E","M","E","R","BOSS","M","?","?","$","?","E","R","E","T","M","E","M","?","M","R","BOSS","R","$","E","BOSS"],"items_purchased_type":["Card","Card","Card","Card","Card","Relic","Relic","Potion","Card","Card"],"build_version":"2020-12-13","purchased_purges":3,"victory":true,"max_hp_per_floor":[70,70,70,70,70,70,80,80,80,80,80,80,80,80,80,80,80,80,80,80,80,80,80,80,80,80,80,80,80,80,80,80,80,80,80,80,80,80,80,80,80,80,80,80,80,80,80,80,80,80,80,80,80,80,80],"relic_stats":{"Torii":10,"counters":[31,150],"Dead Branch":[252],"Letter Opener":[377],"Question Card":22,"Cursed Key":1,"Boot":[63],"SsserpentHead":300,"Mummified Hand":[273],"Sundial":[12],"Shuriken":[70],"Bronze Scales":[165],"Prayer Wheel":4,"obtain_stats":[{"Ice Cream":38,"Pear":7,"Torii":37,"Dead Branch":14,"Oddly Smooth Stone":24,"Vajra":29,"Letter Opener":26,"Question Card":31,"Cursed Key":34,"Boot":40,"White Beast Statue":54,"keyreminder:keyreminder":7,"Du-Vu Doll":42,"SsserpentHead":21,"Mummified Hand":9,"Sundial":11,"Shuriken":27,"Bronze Scales":45,"Orrery":38,"Prayer Wheel":39,"Ring of the Serpent":17,"Ring of the Snake":0},{"Ice Cream":20,"Pear":3,"Torii":20,"Dead Branch":7,"Oddly Smooth Stone":11,"Vajra":14,"Letter Opener":12,"Question Card":16,"Cursed Key":17,"Boot":22,"White Beast Statue":30,"keyreminder:keyreminder":3,"Du-Vu Doll":23,"SsserpentHead":9,"Mummified Hand":3,"Sundial":4,"Shuriken":12,"Bronze Scales":25,"Orrery":20,"Prayer Wheel":21,"Ring of the Serpent":8,"Ring of the Snake":0},{"Ice Cream":96,"Pear":13,"Torii":96,"Dead Branch":34,"Oddly Smooth Stone":56,"Vajra":69,"Letter Opener":61,"Question Card":78,"Cursed Key":84,"Boot":105,"White Beast Statue":143,"keyreminder:keyreminder":13,"Du-Vu Doll":110,"SsserpentHead":47,"Mummified Hand":13,"Sundial":17,"Shuriken":61,"Bronze Scales":118,"Orrery":96,"Prayer Wheel":100,"Ring of the Serpent":41,"Ring of the Snake":0}]},"card_choices":[{"not_picked":["Blade Dance","Deflect"],"picked":"Slice","floor":1},{"not_picked":["Reflex","Poisoned Stab"],"picked":"Footwork","floor":2},{"not_picked":["Eviscerate","Slice"],"picked":"Burst","floor":7},{"not_picked":["Cloak And Dagger","Endless Agony"],"picked":"Backflip","floor":11},{"not_picked":["Expertise","Slice"],"picked":"Accuracy","floor":12},{"not_picked":["Eviscerate","Deadly Poison"],"picked":"Blade Dance","floor":13},{"not_picked":["Acrobatics","Slice"],"picked":"Backflip","floor":14},{"not_picked":["Doppelganger","Burst"],"picked":"A Thousand Cuts","floor":16},{"not_picked":["Slice","Predator"],"picked":"PiercingWail+1","floor":18},{"not_picked":["Slice","Bouncing Flask+1","Dagger Throw"],"picked":"SKIP","floor":22},{"not_picked":["Acrobatics","Dagger Throw"],"picked":"Prepared+1","floor":24},{"not_picked":["Dagger Spray","Dodge and Roll"],"picked":"Envenom","floor":25},{"not_picked":["Eviscerate+1","Dodge and Roll"],"picked":"Slice","floor":28},{"not_picked":["PiercingWail","Finisher+1"],"picked":"Infinite Blades","floor":29},{"not_picked":["Deadly Poison","Flying Knee","Slice"],"picked":"SKIP","floor":30},{"not_picked":["Deadly Poison","Calculated Gamble+1"],"picked":"Prepared+1","floor":31},{"not_picked":["Doppelganger","Venomology","Burst"],"picked":"Tools of the Trade","floor":33},{"not_picked":["All Out Attack","Dagger Throw","Terror"],"picked":"Leg Sweep+1","floor":35},{"not_picked":["Deadly Poison+1","Quick Slash+1","Outmaneuver+1"],"picked":"Blur+1","floor":36},{"not_picked":["Deflect","Expertise","Quick Slash"],"picked":"Noxious Fumes+1","floor":37},{"not_picked":["Prepared+1","Slice","Heel Hook"],"picked":"Cloak And Dagger+1","floor":38},{"not_picked":["Unload","Deadly Poison","Cloak And Dagger"],"picked":"Infinite Blades","floor":38},{"not_picked":["Endless Agony","Bouncing Flask+1","Skewer+1"],"picked":"PiercingWail+1","floor":38},{"not_picked":["Bouncing Flask+1","Dodge and Roll+1","Quick Slash"],"picked":"Backstab","floor":38},{"not_picked":["Bane+1","Backstab+1","Prepared+1"],"picked":"Reflex+1","floor":38},{"not_picked":["Deadly Poison","PiercingWail","Slice+1"],"picked":"Tactician+1","floor":39},{"not_picked":["Expertise","Infinite Blades","Outmaneuver"],"picked":"Caltrops","floor":40},{"not_picked":["Backflip","Blur+1","Backstab+1"],"picked":"After Image","floor":42},{"not_picked":["Dagger Throw","Bane+1","Flying Knee"],"picked":"Cloak And Dagger+1","floor":44},{"not_picked":["Deflect","Dagger Throw","Calculated Gamble"],"picked":"Blur+1","floor":44},{"not_picked":["Finisher+1","Outmaneuver+1","Poisoned Stab"],"picked":"Night Terror","floor":45},{"not_picked":["Riddle With Holes+1","Sucker Punch+1","Blade Dance"],"picked":"Accuracy","floor":46},{"not_picked":["Eviscerate+1","Underhanded Strike+1","Choke+1"],"picked":"Backstab","floor":46},{"not_picked":["Poisoned Stab","Underhanded Strike","Leg Sweep+1"],"picked":"Infinite Blades+1","floor":47},{"not_picked":["PiercingWail","Die Die Die","Blade Dance+1"],"picked":"Crippling Poison+1","floor":47},{"not_picked":["Acrobatics+1","Distraction","PiercingWail"],"picked":"Footwork","floor":48},{"not_picked":["Underhanded Strike+1","All Out Attack+1","Slice"],"picked":"Well Laid Plans","floor":48},{"not_picked":["Flying Knee+1","Caltrops+1","Infinite Blades+1"],"picked":"Acrobatics+1","floor":54}],"player_experience":35960,"relics_obtained":[{"floor":7,"key":"Pear"},{"floor":9,"key":"Mummified Hand"},{"floor":11,"key":"Sundial"},{"floor":14,"key":"Dead Branch"},{"floor":24,"key":"Oddly Smooth Stone"},{"floor":26,"key":"Letter Opener"},{"floor":27,"key":"Shuriken"},{"floor":29,"key":"Vajra"},{"floor":31,"key":"Question Card"},{"floor":37,"key":"Torii"},{"floor":39,"key":"Prayer Wheel"},{"floor":40,"key":"Boot"},{"floor":42,"key":"Du-Vu Doll"},{"floor":45,"key":"Bronze Scales"},{"floor":54,"key":"White Beast Statue"}],"event_choices":[{"damage_healed":0,"gold_gain":175,"player_choice":"AGREE","damage_taken":0,"max_hp_gain":0,"max_hp_loss":0,"event_name":"Liars Game","floor":3,"gold_loss":0,"cards_obtained":["Doubt"]},{"damage_healed":0,"gold_gain":0,"player_choice":"Damaged","damage_taken":7,"max_hp_gain":0,"max_hp_loss":0,"event_name":"Wheel of Change","floor":4,"gold_loss":0},{"damage_healed":0,"gold_gain":0,"cards_transformed":["Strike_G","Strike_G"],"player_choice":"Became Test Subject","damage_taken":0,"max_hp_gain":0,"max_hp_loss":0,"event_name":"Drug Dealer","floor":20,"gold_loss":0,"cards_obtained":["Tools of the Trade","Caltrops"]},{"damage_healed":0,"gold_gain":0,"player_choice":"Trade","damage_taken":0,"relics_obtained":["SsserpentHead"],"max_hp_gain":0,"max_hp_loss":0,"event_name":"FaceTrader","floor":21,"gold_loss":0},{"damage_healed":0,"gold_gain":0,"player_choice":"Fight","damage_taken":0,"max_hp_gain":0,"max_hp_loss":0,"event_name":"Mysterious Sphere","floor":37,"gold_loss":0},{"damage_healed":0,"gold_gain":0,"player_choice":"Fight","damage_taken":0,"max_hp_gain":0,"max_hp_loss":0,"event_name":"MindBloom","floor":39,"gold_loss":0}],"is_beta":false,"boss_relics":[{"not_picked":["Busted Crown","SacredBark"],"picked":"Ring of the Serpent"},{"not_picked":["Runic Pyramid","Fusion Hammer"],"picked":"Cursed Key"}],"items_purged_floors":[5,19,53],"is_endless":false,"potions_floor_spawned":[2,7,12,14,16,18,22,30,31,35,39,40,44,45,47],"ascension_level":2}}