{"host":"sz4vhr3g5wh6zlgr","time":1613078877,"event":{"mods":["2.2 Compatiblity","AchievementEnabler","AlwaysNeverKeys","Ascension Reborn","Bartender","BaseMod","Better Note","BetterRewards","Clawfect","Colored Map","Colored Powertips","Dota2Spire","Faster Ascension Climbing","Highlight Path","Minty Spire (QoL Compilation)","Permanent Neow","Rare Cards Sparkle","Replay The Spire","Shop Mod","StSLib","SuperFastMode","Transform Curses","Uncapped","Unceasing Turn Reminder","[IsaacMod]????"],"gold_per_floor":[122,136,136,226,226,267,280,280,280,65,65,65,107,125,163,186,186,308,308,325,345,363,383,395,426,450,487,487,310,327,363,381,412,412,537,537,553,613,629,643,383,420,434,471,471,495,529,67,67,97,57,57,57,57,0,40,40],"floor_reached":58,"language":"ENG","playtime":8100,"items_purged":[],"score":2031,"play_id":"d705d809-c4a1-445a-b108-0655fae30c57","local_time":"20210211175757","is_ascension_mode":true,"campfire_choices":[{"data":"Coolheaded","floor":12,"key":"SMITH"},{"data":"Hologram","floor":17,"key":"SMITH"},{"data":"Coolheaded","floor":34,"key":"SMITH"},{"data":"Defragment","floor":54,"key":"SMITH"}],"circlet_count":0,"master_deck":["Gash+1","Gash+1","Gash+1","Gash+1","Defend_B+1","Defend_B+1","Defend_B+1","Defend_B+1","Conserve Battery","Coolheaded+1","Leap","Clawfect:ClawCell","Steam","Loop","Clawfect:ClawAndGloom+1","Clawfect:ClawpileDriver","Steam+1","FIFO Queue","Redo+1","Clawfect:ClawCell+1","Hologram+1","Mirror Shield+1","Coolheaded+1","Hologram","Coolheaded","ReplaySort","Glacier+1","Steam Power","FTL+1","Core Surge+1","Crystallizer","Clawfect:Clawrage","Leap","Coolheaded","Chill+1","Echo Form","FTL+1","Clawfect:Clawter+1","Stack+1","Clawfect:ClawpileDriver","Echo Form","Leap+1","Aggregate","Loop","Clawfect:Clawrage","Clawfect:ClawSnap","Clawfect:ClawAndTear+1","Clawfect:Clawter","Steam+1","Defragment+1","Hologram+1","Stack+1","Defragment+1","ReplayTheSpireMod:Calculation Training+1","FIFO Queue","Machine Learning"],"relics":["HushsDoor","Chaos","Replay:Kaleidoscope","Dota2Spire:LinkenSphere","The Specimen","TwistedFunnel","Ornamental Fan","Vampiric Spirits","Charon\u0027s Ashes","BlankCard","Letter Opener","War Paint","Dream Catcher","GuppysHead","ReplayTheSpireMod:DimensionalGlitch","Replay:Ringing Soul","Guide Book","Gambling Chip","ClockworkSouvenir","Ring of the Snake","Turnip","HowToJump","ReplayTheSpireMod:Onyx Gauntlets","GuppysPaw","ReplayTheSpireMod:TigerMarble","Prayer Wheel","Blue Candle","Nunchaku","Orichalcum","Runic Cube","Art of War","StrikeDummy","Pantograph","Carrot","Dota2Spire:ShivaGuard","Empty Cage","Replay:Frozen Program"],"acts_visited":["Exordium","TheCity","TheBeyond","TheEnding"],"potions_floor_usage":[20],"damage_taken":[{"damage":0,"enemies":"2 Louse","floor":1,"turns":2},{"damage":0,"enemies":"Cultist","floor":2,"turns":3},{"damage":4,"enemies":"Replay:BlueRogue","floor":6,"turns":4},{"damage":0,"enemies":"Small Slimes","floor":7,"turns":3},{"damage":0,"enemies":"Gremlin Nob","floor":13,"turns":3},{"damage":0,"enemies":"Blue Slaver","floor":14,"turns":3},{"damage":3,"enemies":"Lagavulin","floor":15,"turns":4},{"damage":0,"enemies":"2 Fungi Beasts","floor":16,"turns":2},{"damage":0,"enemies":"Hexaghost","floor":18,"turns":4},{"damage":1,"enemies":"3 Byrds","floor":20,"turns":3},{"damage":0,"enemies":"Chosen","floor":21,"turns":4},{"damage":0,"enemies":"Snecko","floor":22,"turns":5},{"damage":2,"enemies":"Snake Plant","floor":23,"turns":3},{"damage":0,"enemies":"Centurion and Healer","floor":24,"turns":3},{"damage":0,"enemies":"Book of Stabbing","floor":25,"turns":4},{"damage":0,"enemies":"Cultist and Chosen","floor":26,"turns":4},{"damage":0,"enemies":"Slavers","floor":27,"turns":4},{"damage":0,"enemies":"Snecko","floor":30,"turns":2},{"damage":0,"enemies":"Book of Stabbing","floor":31,"turns":4},{"damage":0,"enemies":"Centurion and Healer","floor":32,"turns":4},{"damage":0,"enemies":"Replay:Snechameleon","floor":33,"turns":4},{"damage":0,"enemies":"Champ","floor":35,"turns":6},{"damage":0,"enemies":"3 Shapes","floor":37,"turns":3},{"damage":0,"enemies":"Mind Bloom Boss Battle","floor":38,"turns":5},{"damage":0,"enemies":"3 Darklings","floor":39,"turns":3},{"damage":0,"enemies":"Transient","floor":40,"turns":5},{"damage":0,"enemies":"Giant Head","floor":42,"turns":4},{"damage":0,"enemies":"Sphere and 2 Shapes","floor":43,"turns":3},{"damage":6,"enemies":"R_Hoarder","floor":44,"turns":6},{"damage":0,"enemies":"Spire Growth","floor":46,"turns":4},{"damage":0,"enemies":"Reptomancer","floor":47,"turns":3},{"damage":0,"enemies":"Giant Head","floor":50,"turns":4},{"damage":0,"enemies":"Donu and Deca","floor":52,"turns":5},{"damage":0,"enemies":"Shield and Spear","floor":56,"turns":5},{"damage":0,"enemies":"LittleHush","floor":57,"turns":13}],"seed_played":"3554869116287073036","potions_obtained":[{"floor":1,"key":"Toxic Potion"},{"floor":2,"key":"Milkshake"},{"floor":7,"key":"FocusPotion"},{"floor":7,"key":"BlessingOfTheForge"},{"floor":18,"key":"Regen Potion"},{"floor":20,"key":"Fruit Juice"},{"floor":23,"key":"Venom Potion"},{"floor":33,"key":"PowerPotion"},{"floor":40,"key":"FocusPotion"}],"is_trial":false,"path_per_floor":["M","M","?","?","?","E","M","PTL","PTL","$","T","R","E","M","E","M","R","B",null,"M","M","M","M","M","E","M","E","T","$","M","E","M","E","R","B",null,"M","?","M","M","$","E","M","E","T","M","E","$","?","E","R_BF","B",null,"R","$","E","B",null],"character_chosen":"DEFECT","items_purchased":["TwistedFunnel","Loop","Clawfect:ClawAndGloom+1","GuppysHead","ClockworkSouvenir","Crystallizer","GuppysPaw","Aggregate","Loop","Clawfect:Clawrage","Nunchaku","Carrot","Defragment","Dota2Spire:ShivaGuard","FIFO Queue"],"campfire_rested":0,"item_purchase_floors":[10,10,10,19,29,29,36,41,41,41,41,48,48,48,55],"current_hp_per_floor":[79,79,79,68,65,61,61,61,61,61,61,61,61,61,58,58,58,65,73,78,78,78,76,76,76,76,80,80,84,87,90,93,96,96,103,93,96,99,102,105,108,108,111,109,109,114,120,123,100,113,113,130,130,130,133,136,140],"gold":40,"neow_bonus":"BOSS_RELIC","is_daily":false,"chose_seed":false,"campfire_upgraded":4,"win_rate":0.0,"timestamp":1613078877,"path_taken":["M","M","?","?","?","E","M","PTL","PTL","?","T","R","E","?","E","?","R","BOSS","M","?","?","M","M","E","M","E","T","?","M","E","M","E","R","BOSS","M","?","?","M","$","E","M","E","T","M","E","$","?","E","R_BF","BOSS","R","$","E","BOSS"],"items_purchased_type":["Relic","Card","Card","Relic","Relic","Card","Relic","Card","Card","Card","Relic","Relic","Card","Relic","Card"],"build_version":"2020-12-22","purchased_purges":0,"victory":true,"max_hp_per_floor":[79,79,79,79,79,79,79,79,79,79,79,79,79,79,79,79,79,83,73,78,78,78,78,78,78,78,81,81,84,87,90,93,96,96,103,93,96,99,102,105,108,108,111,114,114,117,120,123,123,126,126,130,130,130,133,136,140],"card_choices":[{"not_picked":["Clawfect:ClawForTheEyes","Bomb"],"picked":"Conserve Battery","floor":1},{"not_picked":["Hologram","Gash"],"picked":"Coolheaded","floor":2},{"not_picked":["Lockon","Clawfect:ClawpileDriver"],"picked":"Leap","floor":6},{"not_picked":["Clawfect:ClawingBeam","Steam"],"picked":"Clawfect:ClawCell","floor":6},{"not_picked":["Reprogram+1","ReplayTheSpireMod:GoodbyeWorld"],"picked":"Steam","floor":7},{"not_picked":["Skim","Storm+1"],"picked":"Clawfect:ClawpileDriver","floor":13},{"not_picked":["Clawfect:Clawline+1","Rebound"],"picked":"Steam","floor":13},{"not_picked":["Seek","Reinforced Body"],"picked":"FIFO Queue","floor":14},{"not_picked":["Clawfect:Clawline","Reprogram"],"picked":"Redo","floor":15},{"not_picked":["Fan","Panic Button"],"picked":"Clawfect:ClawCell+1","floor":15},{"not_picked":["Panic Button+1","Skim"],"picked":"Hologram","floor":16},{"not_picked":["Hyperbeam","ReplayTheSpireMod:Omega Cannon"],"picked":"Mirror Shield","floor":18},{"not_picked":["BasicCrystalCard","Clawfect:Clawter+1"],"picked":"Coolheaded","floor":20},{"not_picked":["Clawfect:Clawter","Panic Button+1"],"picked":"Hologram","floor":21},{"not_picked":["Conserve Battery","ReplayTheSpireMod:Omega Cannon"],"picked":"Coolheaded","floor":22},{"not_picked":["ReplayGash+1","Clawfect:ClawpileDriver"],"picked":"ReplaySort","floor":23},{"not_picked":["Turbo","Genetic Algorithm+1"],"picked":"Glacier+1","floor":24},{"not_picked":["Gash","Leap+1"],"picked":"Steam Power","floor":25},{"not_picked":["Hello World+1","Clawfect:ClawpileDriver"],"picked":"FTL+1","floor":26},{"not_picked":["FTL","Hello World+1"],"picked":"Core Surge","floor":27},{"not_picked":["Clawfect:ClawpileDriver","Clawfect:Clawline+1"],"picked":"Clawfect:Clawrage","floor":30},{"not_picked":["ReplayTheSpireMod:GoodbyeWorld","Clawfect:ClawpileDriver+1"],"picked":"Leap","floor":31},{"not_picked":["Skim+1","Distribution"],"picked":"Coolheaded","floor":32},{"not_picked":["Gash","Coolheaded+1"],"picked":"Chill+1","floor":33},{"not_picked":["ReplayRNGCard","Electrodynamics"],"picked":"Echo Form","floor":35},{"not_picked":["Leap+1","Clawfect:Clawter"],"picked":"FTL+1","floor":37},{"not_picked":["Rebound","Pulse+1"],"picked":"Clawfect:Clawter+1","floor":38},{"not_picked":["Glacier+1","Clawfect:ClawLightning"],"picked":"Stack+1","floor":39},{"not_picked":["Hologram+1","Clawfect:Clawline+1"],"picked":"Clawfect:ClawpileDriver","floor":39},{"not_picked":["Pulse+1","ReplayTheSpireMod:System Scan+1"],"picked":"Echo Form","floor":40},{"not_picked":["Self Repair","Clawfect:ScrapingClaw"],"picked":"Leap+1","floor":40},{"not_picked":["Blizzard+1","Redo+1"],"picked":"Clawfect:ClawSnap","floor":42},{"not_picked":["Clawfect:ClawCell","BasicCrystalCard+1"],"picked":"Clawfect:ClawAndTear+1","floor":43},{"not_picked":["ReplayGash+1","Clawfect:ScrapingClaw+1"],"picked":"Clawfect:Clawter","floor":43},{"not_picked":["Creative AI","Clawfect:ClawingBeam+1"],"picked":"Steam+1","floor":44},{"not_picked":["Auto Shields","Reinforced Body+1"],"picked":"Defragment","floor":46},{"not_picked":["Clawfect:ClawAndGloom+1","Turbo+1"],"picked":"Hologram+1","floor":46},{"not_picked":["Blizzard","Time Bomb+1"],"picked":"Stack+1","floor":47},{"not_picked":["ReplaySort+1","Conserve Battery+1"],"picked":"ReplayTheSpireMod:Calculation Training+1","floor":50},{"not_picked":["Fan","Consume"],"picked":"Machine Learning","floor":56}],"player_experience":1376844,"relics_obtained":[{"floor":6,"key":"The Specimen"},{"floor":11,"key":"Ornamental Fan"},{"floor":11,"key":"Vampiric Spirits"},{"floor":13,"key":"Charon\u0027s Ashes"},{"floor":14,"key":"BlankCard"},{"floor":15,"key":"Letter Opener"},{"floor":18,"key":"War Paint"},{"floor":25,"key":"ReplayTheSpireMod:DimensionalGlitch"},{"floor":27,"key":"Replay:Ringing Soul"},{"floor":28,"key":"Guide Book"},{"floor":28,"key":"Gambling Chip"},{"floor":31,"key":"Ring of the Snake"},{"floor":33,"key":"Turnip"},{"floor":35,"key":"HowToJump"},{"floor":37,"key":"ReplayTheSpireMod:TigerMarble"},{"floor":38,"key":"Prayer Wheel"},{"floor":39,"key":"Blue Candle"},{"floor":42,"key":"Orichalcum"},{"floor":44,"key":"Runic Cube"},{"floor":45,"key":"Art of War"},{"floor":45,"key":"StrikeDummy"},{"floor":47,"key":"Pantograph"},{"floor":50,"key":"Empty Cage"},{"floor":56,"key":"Replay:Frozen Program"}],"event_choices":[{"damage_healed":0,"gold_gain":75,"player_choice":"Gather Gold","damage_taken":11,"max_hp_gain":0,"max_hp_loss":0,"event_name":"World of Goop","floor":4,"gold_loss":0},{"damage_healed":0,"gold_gain":0,"player_choice":"Success","damage_taken":3,"relics_obtained":["Dota2Spire:LinkenSphere"],"max_hp_gain":0,"max_hp_loss":0,"event_name":"Scrap Ooze","floor":5,"gold_loss":0},{"damage_healed":0,"gold_gain":0,"player_choice":"Fight","damage_taken":0,"max_hp_gain":0,"max_hp_loss":0,"event_name":"MindBloom","floor":38,"gold_loss":0},{"damage_healed":0,"gold_gain":0,"player_choice":"Upgrade","damage_taken":0,"max_hp_gain":0,"max_hp_loss":0,"event_name":"Designer","floor":51,"gold_loss":40,"cards_upgraded":["Defragment"]}],"is_beta":false,"boss_relics":[{"not_picked":["Dota2Spire:MantaStyle","Frozen Eye"],"picked":"Dream Catcher"},{"not_picked":[]},{"not_picked":["Replay:Bottled Snecko","Pandora\u0027s Box"],"picked":"ReplayTheSpireMod:Onyx Gauntlets"},{"not_picked":[]}],"items_purged_floors":[],"is_endless":false,"potions_floor_spawned":[7,14,16,18,20,23,24,25,30,32,33,37,38,42,44,46,47,50],"ascension_level":0}}