{"host":"5hsgormuu0lj4iiq","time":1613011832,"event":{"mods":["AchievementEnabler","BaseMod","Colored Map","Colored Powertips","Minty Spire (QoL Compilation)","Quick Restart","Relic Stats","SuperFastMode","everything is the same but u backflip on backflip","slay the spire mod where everything is the same but ironclad has a cowboy hat"],"gold_per_floor":[119,131,131,145,145,175,175,187,213,227,227,227],"floor_reached":11,"language":"ENG","playtime":185,"items_purged":[],"score":120,"play_id":"da6893a4-5528-4621-8aec-a099730c6cd2","local_time":"20210210215032","is_ascension_mode":true,"campfire_choices":[{"floor":7,"key":"REST"}],"circlet_count":0,"master_deck":["AscendersBane","Strike_B","Strike_B","Strike_B","Strike_B","Defend_B","Defend_B","Defend_B","Defend_B","Zap","Dualcast","Rainbow","Static Discharge","Seek","Storm","Coolheaded","Storm"],"relics":["Cracked Core","Nunchaku","Boot","DataDisk"],"acts_visited":["Exordium"],"potions_floor_usage":[6,6,11],"damage_taken":[{"damage":12,"enemies":"Small Slimes","floor":1,"turns":3},{"damage":7,"enemies":"Jaw Worm","floor":2,"turns":4},{"damage":12,"enemies":"2 Louse","floor":4,"turns":2},{"damage":29,"enemies":"Gremlin Nob","floor":6,"turns":4},{"damage":9,"enemies":"Blue Slaver","floor":8,"turns":4},{"damage":15,"enemies":"Exordium Thugs","floor":10,"turns":4},{"damage":14,"enemies":"Lagavulin","floor":11,"turns":3}],"seed_played":"-6908149682934941149","potions_obtained":[{"floor":1,"key":"Energy Potion"},{"floor":2,"key":"ColorlessPotion"},{"floor":10,"key":"EssenceOfDarkness"}],"is_trial":false,"path_per_floor":["M","M","?","M","?","E","R","M","T","M","E"],"character_chosen":"DEFECT","items_purchased":[],"campfire_rested":1,"item_purchase_floors":[],"current_hp_per_floor":[56,49,49,37,34,5,27,18,18,3,0,0],"gold":227,"neow_bonus":"ONE_RANDOM_RARE_CARD","is_daily":false,"chose_seed":false,"campfire_upgraded":0,"win_rate":0.0,"timestamp":1613011832,"path_taken":["M","M","?","M","?","E","R","M","T","M","E"],"items_purchased_type":[],"build_version":"2020-12-22","purchased_purges":0,"victory":false,"max_hp_per_floor":[75,75,75,75,75,75,75,75,75,75,75,75],"relic_stats":{"Nunchaku":[1],"counters":[7,24],"Boot":[2],"obtain_stats":[{"Nunchaku":5,"DataDisk":9,"Cracked Core":0,"Boot":6},{"Nunchaku":3,"DataDisk":5,"Cracked Core":0,"Boot":4},{"Nunchaku":9,"DataDisk":17,"Cracked Core":0,"Boot":13}]},"card_choices":[{"not_picked":["Consume","Beam Cell"],"picked":"Static Discharge","floor":1},{"not_picked":["Beam Cell","Sweeping Beam","Barrage"],"picked":"SKIP","floor":2},{"not_picked":["Redo","Rebound"],"picked":"Seek","floor":4},{"not_picked":["Hologram","Cold Snap"],"picked":"Storm","floor":6},{"not_picked":["Sunder","Compile Driver"],"picked":"Coolheaded","floor":8},{"not_picked":["Scrape","Stack"],"picked":"Storm","floor":10}],"player_experience":723423,"relics_obtained":[{"floor":6,"key":"Boot"},{"floor":9,"key":"DataDisk"}],"event_choices":[{"damage_healed":0,"gold_gain":0,"player_choice":"Ignored","damage_taken":0,"max_hp_gain":0,"max_hp_loss":0,"event_name":"Liars Game","floor":3,"gold_loss":0},{"damage_healed":0,"gold_gain":0,"player_choice":"Success","damage_taken":3,"relics_obtained":["Nunchaku"],"max_hp_gain":0,"max_hp_loss":0,"event_name":"Scrap Ooze","floor":5,"gold_loss":0}],"is_beta":false,"boss_relics":[],"items_purged_floors":[],"is_endless":false,"potions_floor_spawned":[1,2,10],"killed_by":"Lagavulin","ascension_level":12}}