{"host":"b7dyfc527bmrkvbm","time":1613063243,"event":{"mods":["2.2 Compatiblity","Act Like it!","BaseMod","BetterRewards","Conspire","Downfall","Hubris","Infinite Spire","Mimic Mod","Minty Spire (QoL Compilation)","Replay The Spire","Shop Mod","StSLib","The Jungle"],"gold_per_floor":[99,99,99,99,99,61,96,109,22,22,22,51,51,81,100,105,105,5,20,37,37,37,37,37,37,37,65,65,65,65],"floor_reached":28,"language":"ENG","playtime":3084,"items_purged":[],"score":290,"play_id":"43d6480d-100b-4408-b288-b22e36a09421","local_time":"20210211120723","is_ascension_mode":false,"campfire_choices":[{"floor":1.0,"key":"RECALL"},{"floor":13.0,"key":"REST"},{"data":"ReplayTheSpireMod:Black Plague","floor":18,"key":"SMITH"}],"circlet_count":0,"master_deck":["conspire:GhostlyStrike","conspire:GhostlyStrike","conspire:GhostlyStrike","conspire:GhostlyStrike","conspire:GhostlyDefend","conspire:GhostlyDefend","conspire:GhostlyDefend","conspire:GhostlyDefend","bronze:BronzeOrb","m_BronzeAgony","m_BronzeSurvivor","bronze:GetLatest","ReplayTheSpireMod:IOU","bronze:ClassDefault","bronze:Deprecate","bronze:CloningBeam","bronze:Optimize","bronze:FineTuning","bronze:AlphaBuild","bronze:Assembly","Injury","bronze:Verify+1","Deep Breath","ReplayTheSpireMod:Black Plague+1","bronze:FollowUp+1","bronze:ItsAFeature+1","bronze:ItsAFeature+1","bronze:ChosenStrike"],"relics":["bronze:BronzeCore","downfall:HeartsMalice","Replay:Mystery Machine","Replay:Wax Seal","bronze:CableSpool","hubris:Towel","Frozen Egg 2","infinitespire:CheckeredPen","ReplayTheSpireMod:SealedPack","downfall:HeartBlessingRed","Pen Nib","Blood Vial"],"acts_visited":["Exordium","TheCity"],"potions_floor_usage":[14,16,16,16],"damage_taken":[{"damage":0.0,"enemies":"Jaw Worm","floor":2.0,"turns":1.0},{"damage":0.0,"enemies":"downfall:FleeingMerchant","floor":6.0,"turns":1.0},{"damage":0.0,"enemies":"2 Louse","floor":7.0,"turns":1.0},{"damage":0.0,"enemies":"2 Louse","floor":8.0,"turns":3.0},{"damage":1.0,"enemies":"Cultist","floor":9.0,"turns":3.0},{"damage":30.0,"enemies":"3 Sentries","floor":12.0,"turns":15.0},{"damage":18,"enemies":"Lagavulin","floor":14,"turns":10},{"damage":12,"enemies":"3 Louse","floor":15,"turns":3},{"damage":16,"enemies":"DF_ARCHETYPE_STREAMLINE","floor":16,"turns":8},{"damage":0,"enemies":"3 Byrds","floor":19,"turns":6},{"damage":15,"enemies":"conspire:FuzzyDice","floor":20,"turns":5},{"damage":27,"enemies":"conspire:Head Lice","floor":27,"turns":6},{"damage":30,"enemies":"Shelled Parasite and Fungi","floor":28,"turns":2}],"seed_played":"-1077758451976944504","potions_obtained":[{"floor":8.0,"key":"bronze:CleanCodePotion"},{"floor":9.0,"key":"PowerPotion"},{"floor":14,"key":"FearPotion"},{"floor":15,"key":"SpeedPotion"},{"floor":20,"key":"EntropicBrew"},{"floor":27,"key":"Swift Potion"}],"is_trial":false,"path_per_floor":["R","M","?","?","?","$","MIM","M","M","?","?","E","R","E","M","B",null,"R","M","M","?","?","?","T","PTL","PTL","E","M"],"character_chosen":"THE_AUTOMATON","items_purchased":["bronze:CableSpool","bronze:ClassDefault","bronze:Deprecate"],"campfire_rested":1,"item_purchase_floors":[6,6,6],"current_hp_per_floor":[70,70,58,58,58,58,58,58,57,57,57,27,48,30,18,2,70,70,70,55,55,55,55,55,55,55,28,0,0,0],"gold":65,"neow_bonus":"THREE_ENEMY_KILL","is_daily":false,"chose_seed":false,"campfire_upgraded":1,"win_rate":0.0,"timestamp":1613063243,"path_taken":["R","M","?","?","?","?","MIM","M","M","?","?","E","R","E","M","BOSS","R","M","M","?","?","?","T","PTL","PTL","E","?"],"items_purchased_type":["Relic","Card","Card"],"build_version":"2020-12-22","purchased_purges":0,"victory":false,"max_hp_per_floor":[70,70,70,70,70,70,70,70,70,70,70,70,70,70,70,70,70,70,70,70,70,70,70,70,70,70,70,70,70,70],"card_choices":[{"not_picked":["bronze:DelayedSlice","bronze:Separator"],"picked":"bronze:BronzeOrb","floor":2.0},{"not_picked":["bronze:Shield","bronze:DarkDash"],"picked":"bronze:GetLatest","floor":6.0},{"not_picked":["bronze:Deprecate","bronze:ItsAFeature"],"picked":"bronze:CloningBeam","floor":7.0},{"not_picked":["bronze:Philosophize","bronze:NullPointer","bronze:Overload"],"picked":"SKIP","floor":8.0},{"not_picked":["bronze:OilSpill","bronze:WhirlingStrike"],"picked":"bronze:Optimize","floor":9.0},{"not_picked":["bronze:ForceShield","bronze:Branch"],"picked":"bronze:FineTuning","floor":12.0},{"not_picked":["bronze:BitShift","bronze:BuggyMess"],"picked":"bronze:AlphaBuild","floor":14},{"not_picked":["bronze:Backtrace","bronze:Shield","bronze:CloningBeam"],"picked":"SKIP","floor":15},{"not_picked":["bronze:ShipIt","bronze:FindAndReplace"],"picked":"bronze:Assembly","floor":16},{"not_picked":["sneckomod:SnekBite","champ:Execute"],"picked":"Slimebound:Split","floor":17},{"not_picked":["bronze:BurnOut","bronze:Format"],"picked":"bronze:Verify","floor":17},{"not_picked":["Good Instincts","Trip"],"picked":"Deep Breath","floor":17},{"not_picked":["infinitespire:FutureSight","infinitespire:Fortify"],"picked":"ReplayTheSpireMod:Black Plague","floor":17},{"not_picked":["bronze:Backtrace+1","bronze:Overload+1"],"picked":"bronze:FollowUp+1","floor":19},{"not_picked":["bronze:DelayedGuard","bronze:ChildClass"],"picked":"bronze:ItsAFeature+1","floor":20},{"not_picked":["bronze:Overheat","bronze:BitShift+1","bronze:Branch"],"picked":"SKIP","floor":27}],"player_experience":449541,"relics_obtained":[{"floor":4.0,"key":"Replay:Wax Seal"},{"floor":12.0,"key":"Frozen Egg 2"},{"floor":14,"key":"infinitespire:CheckeredPen"},{"floor":24,"key":"Pen Nib"},{"floor":27,"key":"Blood Vial"}],"event_choices":[{"damage_healed":0.0,"max_hp_gain":0.0,"max_hp_loss":0.0,"gold_gain":0.0,"event_name":"Scrap Ooze","player_choice":"Success","floor":3.0,"gold_loss":0.0,"damage_taken":12.0,"relics_obtained":["Replay:Mystery Machine"]},{"damage_healed":0.0,"max_hp_gain":0.0,"max_hp_loss":0.0,"gold_gain":0.0,"event_name":"conspire:LoneGhost","player_choice":"Agree","floor":11.0,"gold_loss":0.0,"damage_taken":0.0},{"damage_healed":0,"gold_gain":0,"player_choice":"Ignored","damage_taken":0,"max_hp_gain":0,"max_hp_loss":0,"event_name":"Ghosts","floor":22,"gold_loss":0}],"is_beta":false,"boss_relics":[{"not_picked":["Replay:Fungal Core","Runic Dome"],"picked":"ReplayTheSpireMod:SealedPack"}],"items_purged_floors":[],"is_endless":false,"potions_floor_spawned":[8,9,14,15,20,27],"killed_by":"Shelled Parasite and Fungi","ascension_level":0}}