{"host":"m6aaltr68g9tvoay","time":1613013341,"event":{"mods":["AchievementEnabler","BaseMod","Colored Map","Downfall","Minty Spire (QoL Compilation)","Slay the Relics Exporter","StSLib"],"gold_per_floor":[99,119,137,151,151,51,51,68,88,88,88,46,62,62,75,179,179,179,196,212,228,241,241,292,292,292,302,322,348,348,42,57,160,160,160,177,194,194,204,48,48,64,64,78,91,91,91,116,129,129],"floor_reached":51,"language":"ENG","playtime":3885,"items_purged":[],"score":1012,"play_id":"f75fb745-303a-41f8-ae08-76e5828a3b4b","local_time":"20210210191541","is_ascension_mode":true,"campfire_choices":[{"floor":1.0,"key":"RECALL"},{"data":"bronze:Explode","floor":6.0,"key":"SMITH"},{"floor":10.0,"key":"REST"},{"data":"bronze:BurnOut","floor":18.0,"key":"SMITH"},{"floor":23.0,"key":"REST"},{"data":"bronze:BugBarrage","floor":26.0,"key":"SMITH"},{"floor":30.0,"key":"REST"},{"floor":35.0,"key":"REST"},{"floor":43,"key":"REST"}],"circlet_count":0,"master_deck":["AscendersBane","bronze:Strike","bronze:Defend","bronze:Defend","bronze:Defend","bronze:Defend","bronze:Replicate","bronze:Goto","bronze:BugBarrage+1","bronze:Constructor","bronze:BugBarrage","bronze:Explode+1","bronze:Terminator","bronze:InfiniteBeams","bronze:OilSpill","bronze:Shield","bronze:Repair","bronze:ChosenStrike","bronze:BurnOut+1","bronze:WhirlingStrike","bronze:Flail","bronze:Boost","bronze:Frontload","bronze:Allocate","bronze:ItsAFeature","bronze:Break","bronze:BugBarrage+1","bronze:Frontload+1","bronze:WildBeam","bronze:ChildClass","Doubt"],"relics":["bronze:BronzeCore","downfall:HeartBlessingRed","Bottled Flame","Darkstone Periapt","bronze:MakeshiftBattery","Orichalcum","bronze:SilverBullet","Boot","expansioncontent:StudyCardRelic","Ice Cream","HandDrill","Pear","Toy Ornithopter"],"acts_visited":["Exordium","TheCity","TheBeyond"],"potions_floor_usage":[44,45,50],"damage_taken":[{"damage":8.0,"enemies":"Jaw Worm","floor":2.0,"turns":4.0},{"damage":7.0,"enemies":"2 Louse","floor":3.0,"turns":3.0},{"damage":0.0,"enemies":"Cultist","floor":4.0,"turns":4.0},{"damage":7.0,"enemies":"Cultist","floor":5.0,"turns":3.0},{"damage":0.0,"enemies":"2 Fungi Beasts","floor":8.0,"turns":2.0},{"damage":17.0,"enemies":"3 Louse","floor":9.0,"turns":2.0},{"damage":0.0,"enemies":"downfall:FleeingMerchant","floor":12.0,"turns":4.0},{"damage":9.0,"enemies":"Large Slime","floor":13.0,"turns":4.0},{"damage":0.0,"enemies":"2 Fungi Beasts","floor":15.0,"turns":2.0},{"damage":20.0,"enemies":"IC_STATUS_ARCHETYPE","floor":16.0,"turns":8.0},{"damage":0.0,"enemies":"Spheric Guardian","floor":19.0,"turns":3.0},{"damage":20.0,"enemies":"Snecko","floor":20.0,"turns":4.0},{"damage":33.0,"enemies":"Snake Plant","floor":21.0,"turns":4.0},{"damage":0.0,"enemies":"Cultist and Chosen","floor":22.0,"turns":3.0},{"damage":3.0,"enemies":"Sentry and Sphere","floor":27.0,"turns":3.0},{"damage":8.0,"enemies":"Centurion and Healer","floor":28.0,"turns":5.0},{"damage":9.0,"enemies":"Gremlin Leader","floor":29.0,"turns":7.0},{"damage":0.0,"enemies":"downfall:FleeingMerchant","floor":31.0,"turns":4.0},{"damage":1.0,"enemies":"Chosen and Byrds","floor":32.0,"turns":4.0},{"damage":57.0,"enemies":"DF_ARCHETYPE_CLAW","floor":33.0,"turns":6.0},{"damage":9.0,"enemies":"3 Shapes","floor":36.0,"turns":2.0},{"damage":14.0,"enemies":"Orb Walker","floor":37.0,"turns":3.0},{"damage":24,"enemies":"3 Darklings","floor":39,"turns":4},{"damage":7,"enemies":"downfall:FleeingMerchant","floor":40,"turns":3},{"damage":17,"enemies":"Writhing Mass","floor":42,"turns":6},{"damage":23,"enemies":"4 Shapes","floor":44,"turns":4},{"damage":10,"enemies":"Transient","floor":45,"turns":5},{"damage":15,"enemies":"Spire Growth","floor":49,"turns":6},{"damage":2,"enemies":"SI_POISON_ARCHETYPE","floor":50,"turns":8}],"seed_played":"-6195646032249400243","potions_obtained":[{"floor":2.0,"key":"PowerPotion"},{"floor":9.0,"key":"Strength Potion"},{"floor":16.0,"key":"champ:CounterPotion"},{"floor":21.0,"key":"SkillPotion"},{"floor":22.0,"key":"Guardian:BlockOnCardUsePotion"},{"floor":36.0,"key":"Swift Potion"},{"floor":42,"key":"champ:CounterPotion"},{"floor":44,"key":"GamblersBrew"},{"floor":45,"key":"AttackPotion"},{"floor":49,"key":"Ancient Potion"}],"is_trial":false,"path_per_floor":["R","M","M","M","?","R","T","M","M","R","?","$","M","T","M","B",null,"R","M","M","M","M","R","T","?","R","M","M","E","R","$","M","B",null,"R","M","M","?","M","$","T","M","R","M","M","?","?","T","M","B",null],"character_chosen":"THE_AUTOMATON","items_purchased":["bronze:Shield","bronze:ItsAFeature","Boot","Guardian:BlockOnCardUsePotion","Ice Cream","HandDrill","bronze:WildBeam"],"campfire_rested":5,"item_purchase_floors":[12,31,31,31,40,40,40],"current_hp_per_floor":[70,62,55,55,48,48,48,48,31,54,54,54,45,45,52,39,68,68,75,57,31,38,61,61,61,61,58,57,55,77,77,77,23,64,77,75,68,68,51,44,54,44,70,47,44,93,93,93,85,88],"gold":129,"neow_bonus":"TEN_PERCENT_HP_BONUS","is_daily":false,"chose_seed":false,"campfire_upgraded":3,"win_rate":0.0,"timestamp":1613013341,"path_taken":["R","M","M","M","?","R","T","M","M","R","?","?","M","?","M","BOSS","R","M","M","M","M","R","T","?","R","M","M","E","R","$","M","BOSS","R","M","M","?","M","$","T","M","R","M","M","?","?","?","M","BOSS"],"items_purchased_type":["Card","Card","Relic","Potion","Relic","Relic","Card"],"build_version":"2020-12-22","purchased_purges":0,"victory":true,"max_hp_per_floor":[77,77,77,77,77,77,77,77,77,77,77,77,77,77,77,77,77,77,77,77,77,77,77,77,77,77,77,77,77,77,77,77,77,77,77,77,77,77,77,77,87,87,87,87,87,93,93,93,93,93],"card_choices":[{"not_picked":["bronze:Allocate","bronze:Invalidate"],"picked":"bronze:BugBarrage","floor":2.0},{"not_picked":["bronze:Deprecate","bronze:BuggyMess"],"picked":"bronze:Constructor","floor":3.0},{"not_picked":["bronze:Separator","bronze:Safeguard"],"picked":"bronze:BugBarrage","floor":4.0},{"not_picked":[],"picked":"bronze:Explode","floor":5.0},{"not_picked":["bronze:Deprecate","bronze:Constructor"],"picked":"bronze:Terminator","floor":5.0},{"not_picked":["bronze:WildBeam","bronze:Refactor"],"picked":"bronze:InfiniteBeams","floor":8.0},{"not_picked":["bronze:ClassDefault","bronze:Library","bronze:Refactor"],"picked":"SKIP","floor":9.0},{"not_picked":["bronze:BugBarrage","bronze:Turbo"],"picked":"bronze:OilSpill","floor":12.0},{"not_picked":["bronze:Deprecate","bronze:OilSpill"],"picked":"bronze:Repair","floor":13.0},{"not_picked":["bronze:Return","bronze:CloningBeam"],"picked":"bronze:ChosenStrike","floor":15.0},{"not_picked":["bronze:HyperBeam","bronze:ThunderWave"],"picked":"bronze:BurnOut","floor":16.0},{"not_picked":["bronze:BitShift+1","bronze:BugBarrage"],"picked":"bronze:WhirlingStrike","floor":19.0},{"not_picked":["bronze:DelayedGuard","bronze:Invalidate"],"picked":"bronze:Flail","floor":20.0},{"not_picked":["bronze:OilSpill","bronze:CutThrough","bronze:Return"],"picked":"SKIP","floor":21.0},{"not_picked":["bronze:Branch","bronze:Philosophize"],"picked":"bronze:Boost","floor":22.0},{"not_picked":["bronze:FollowUp","bronze:ForLoop","bronze:GetLatest"],"picked":"SKIP","floor":27.0},{"not_picked":["bronze:Terminator","bronze:DelayedGuard"],"picked":"bronze:Frontload","floor":28.0},{"not_picked":["bronze:Terminator","bronze:ForLoop"],"picked":"bronze:Hardcode","floor":29.0},{"not_picked":["bronze:Frontload","bronze:Iterate"],"picked":"bronze:Allocate","floor":31.0},{"not_picked":["bronze:Repulsor","bronze:Philosophize","bronze:WhirlingStrike"],"picked":"SKIP","floor":32.0},{"not_picked":["bronze:ThunderWave","bronze:SpaghettiCode"],"picked":"bronze:Break","floor":33.0},{"not_picked":["bronze:Constructor","bronze:BuggyMess"],"picked":"bronze:BugBarrage+1","floor":36.0},{"not_picked":["bronze:ForLoop","bronze:BugBarrage","bronze:FollowUp"],"picked":"SKIP","floor":37.0},{"not_picked":["bronze:Philosophize","bronze:OilSpill"],"picked":"bronze:Frontload+1","floor":39},{"not_picked":["bronze:DelayedSlice","bronze:Separator","bronze:BronzeOrb"],"picked":"SKIP","floor":40},{"not_picked":["bronze:Deprecate","bronze:RecursiveStrike"],"picked":"bronze:ChildClass","floor":42},{"not_picked":["bronze:Branch","bronze:DarkDash+1","bronze:BitShift"],"picked":"SKIP","floor":44},{"not_picked":["bronze:Separator","bronze:BitShift","bronze:CleanCode"],"picked":"SKIP","floor":45},{"not_picked":["bronze:Turbo","bronze:Frontload","bronze:BugBarrage"],"picked":"SKIP","floor":49}],"player_experience":1907712,"relics_obtained":[{"floor":7.0,"key":"Bottled Flame"},{"floor":14.0,"key":"Darkstone Periapt"},{"floor":24.0,"key":"Orichalcum"},{"floor":29.0,"key":"bronze:SilverBullet"},{"floor":41,"key":"Pear"},{"floor":48,"key":"Toy Ornithopter"}],"event_choices":[{"cards_removed":["bronze:Strike"],"damage_healed":0,"gold_gain":0,"player_choice":"Removed Attack","damage_taken":0,"max_hp_gain":0,"max_hp_loss":0,"event_name":"Falling","floor":47,"gold_loss":0}],"is_beta":false,"boss_relics":[{"not_picked":["sneckomod:SneckoTalon","Astrolabe"],"picked":"bronze:MakeshiftBattery"},{"not_picked":["Calling Bell","Runic Dome"],"picked":"expansioncontent:StudyCardRelic"}],"items_purged_floors":[],"is_endless":false,"potions_floor_spawned":[2,9,15,16,21,22,27,32,36,42,44,45,49],"ascension_level":12}}