{"host":"vucub2jtaeo9vgh1","time":1613086027,"event":{"mods":["BaseMod","BetterRewards","Minty Spire (QoL Compilation)","Quick Restart","Rare Cards Sparkle","Replay The Spire","StSLib"],"gold_per_floor":[110,129,142,142,157,185,198,223,223,223,239,26,26,26,26,123,123,138,148,162,176,176,176,210,210,210,240,240,252,285,305,305,412,412,435,345,368,387,387,387,428,428,454,472,487,499,532,554,554,554],"floor_reached":51,"language":"ENG","playtime":1609,"items_purged":[],"score":1231,"play_id":"f77d635a-45ef-4bd1-a690-73c30dbcef0d","local_time":"20210212002707","is_ascension_mode":false,"campfire_choices":[{"floor":10,"key":"REST"},{"data":"Storm","floor":13,"key":"SMITH"},{"data":"Loop","floor":15,"key":"SMITH"},{"data":"Creative AI","floor":23,"key":"SMITH"},{"data":"Defragment","floor":25,"key":"SMITH"},{"data":"Defragment","floor":28,"key":"SMITH"},{"data":"Defragment","floor":32,"key":"SMITH"},{"data":"Defragment","floor":40,"key":"SMITH"},{"data":"Defragment","floor":42,"key":"SMITH"},{"data":"Loop","floor":49,"key":"SMITH"}],"circlet_count":0,"master_deck":["Strike_B+1","Strike_B","Strike_B","Strike_B","Defend_B+1","Defend_B+1","Defend_B","Defend_B","Zap","Dualcast","Loop+1","Leap","Auto Shields","Defragment+1","Genetic Algorithm","Skim","Loop+1","Self Repair","Mirror Shield","Storm+1","Defragment+1","Defragment+1","Defragment+1","Creative AI+1","Leap","Defragment+1","Conserve Battery+1","Force Field","Amplify","BootSequence+1","Defragment+1","Conserve Battery+1","FTL","Time Bomb","Defragment+1"],"relics":["Cracked Core","Prayer Wheel","Carrot","Prayer Wheel","FaceOfCleric","Letter Opener","Lantern","Tiny Chest","Replay:Rubber Ducky","ChewingGum","Simple Rune","Replay:Bandana","Replay:Accelerometer","Omamori","Coffee Dripper","Art of War","Replay:Towering Pillar of Hats","Blue Candle"],"acts_visited":["Exordium","TheCity","TheBeyond"],"potions_floor_usage":[6,8,16,20,33,33,45],"damage_taken":[{"damage":7.0,"enemies":"Small Slimes","floor":1.0,"turns":3.0},{"damage":0.0,"enemies":"Cultist","floor":2.0,"turns":4.0},{"damage":3.0,"enemies":"Jaw Worm","floor":3.0,"turns":4.0},{"damage":1,"enemies":"Looter","floor":5,"turns":3},{"damage":15,"enemies":"3 Sentries","floor":6,"turns":7},{"damage":2,"enemies":"Red Slaver","floor":7,"turns":3},{"damage":13,"enemies":"Replay:BlueRogue","floor":8,"turns":5},{"damage":4,"enemies":"Exordium Wildlife","floor":11,"turns":4},{"damage":2,"enemies":"Slime Boss","floor":16,"turns":5},{"damage":0,"enemies":"Chosen","floor":18,"turns":3},{"damage":0,"enemies":"Shell Parasite","floor":19,"turns":3},{"damage":0,"enemies":"Cultist and Chosen","floor":20,"turns":3},{"damage":7,"enemies":"Shelled Parasite and Fungi","floor":21,"turns":4},{"damage":0,"enemies":"Book of Stabbing","floor":24,"turns":4},{"damage":0,"enemies":"Replay:Snechameleon","floor":27,"turns":4},{"damage":0,"enemies":"Snake Plant","floor":29,"turns":2},{"damage":0,"enemies":"Gremlin Leader","floor":30,"turns":4},{"damage":4,"enemies":"Centurion and Healer","floor":31,"turns":5},{"damage":0,"enemies":"Collector","floor":33,"turns":5},{"damage":10,"enemies":"3 Darklings","floor":35,"turns":4},{"damage":0,"enemies":"Orb Walker","floor":38,"turns":3},{"damage":0,"enemies":"R_Hoarder","floor":41,"turns":6},{"damage":0,"enemies":"Sphere and 2 Shapes","floor":44,"turns":4},{"damage":0,"enemies":"4 Shapes","floor":45,"turns":3},{"damage":0,"enemies":"Writhing Mass","floor":46,"turns":4},{"damage":3,"enemies":"Nemesis","floor":47,"turns":5},{"damage":0,"enemies":"Spire Growth","floor":48,"turns":3},{"damage":9,"enemies":"Time Eater","floor":50,"turns":8}],"seed_played":"888608401704520471","potions_obtained":[{"floor":2.0,"key":"Fire Potion"},{"floor":3.0,"key":"AttackPotion"},{"floor":6,"key":"Dexterity Potion"},{"floor":7,"key":"SkillPotion"},{"floor":16,"key":"SkillPotion"},{"floor":20,"key":"AttackPotion"},{"floor":21,"key":"DuplicationPotion"},{"floor":30,"key":"PowerPotion"},{"floor":33,"key":"Fire Potion"},{"floor":41,"key":"DistilledChaos"},{"floor":45,"key":"Elixir"}],"is_trial":false,"path_per_floor":["M","M","M","?","M","E","M","E","T","R","M","$","R","?","R","B",null,"M","M","M","M","?","R","E","R","T","E","R","M","E","M","R","B",null,"M","?","T","M","?","R","E","R","T","M","M","M","E","M","R","B",null],"character_chosen":"DEFECT","items_purchased":["Loop","Carrot","ReplayTheSpireMod:Fabricate Wheel","Replay:Rubber Ducky","Defragment"],"campfire_rested":1,"item_purchase_floors":[0,0,0,12,12],"current_hp_per_floor":[31,31,28,28,28,21,27,22,22,45,49,49,49,49,49,55,81,82,83,84,85,69,69,77,77,77,78,78,79,80,84,84,85,96,87,87,87,95,95,95,96,96,96,100,101,102,103,104,104,103],"gold":554,"neow_bonus":"","is_daily":false,"chose_seed":false,"campfire_upgraded":9,"win_rate":0.0,"timestamp":1613086027,"path_taken":["M","M","M","?","?","E","M","E","T","R","M","$","R","?","R","BOSS","M","M","M","M","?","R","E","R","T","E","R","M","E","M","R","BOSS","M","?","?","M","?","R","E","R","T","M","M","?","E","M","R","BOSS"],"items_purchased_type":["Card","Relic","Card","Relic","Card"],"build_version":"2020-12-22","purchased_purges":0,"victory":true,"max_hp_per_floor":[75,75,75,75,76,77,78,79,79,79,80,80,80,80,80,81,81,82,83,84,85,90,90,91,91,91,92,92,93,94,95,95,96,96,97,97,97,98,98,98,99,99,99,100,101,102,103,104,104,105],"card_choices":[{"not_picked":["ReplaySort","Stack"],"picked":"Leap","floor":1.0},{"not_picked":["Gash","Darkness"],"picked":"Auto Shields","floor":1.0},{"not_picked":["Aggregate","Scrape"],"picked":"Defragment","floor":1.0},{"not_picked":["Static Discharge","Gash"],"picked":"Genetic Algorithm","floor":2.0},{"not_picked":["Leap","ReplayTheSpireMod:Repulse","BasicCrystalCard"],"picked":"SKIP","floor":2.0},{"not_picked":["Undo","Crystallizer","Sunder"],"picked":"SKIP","floor":2.0},{"not_picked":["Turbo","Go for the Eyes"],"picked":"Skim","floor":3.0},{"not_picked":["Lockon","Skim"],"picked":"Loop","floor":3.0},{"not_picked":["Sweeping Beam","Panic Button"],"picked":"Consume","floor":3.0},{"not_picked":["Sweeping Beam","Chaos"],"picked":"Self Repair","floor":5},{"not_picked":["Undo","Turbo"],"picked":"Mirror Shield","floor":5},{"not_picked":["Melter","Chaos","Coolheaded"],"picked":"SKIP","floor":5},{"not_picked":["Barrage","Turbo"],"picked":"Storm","floor":6},{"not_picked":["Coolheaded","Cold Snap","Leap"],"picked":"SKIP","floor":7},{"not_picked":["ReplayTheSpireMod:Repulse","Streamline","Core Surge"],"picked":"SKIP","floor":7},{"not_picked":["Panic Button","Coolheaded","Reinforced Body"],"picked":"SKIP","floor":7},{"not_picked":["ReplayTheSpireMod:System Scan","Hologram","Redo"],"picked":"SKIP","floor":8},{"not_picked":["ReplayTheSpireMod:Repulse","Go for the Eyes"],"picked":"Defragment","floor":11},{"not_picked":["Leap","Doom and Gloom","Skim"],"picked":"SKIP","floor":11},{"not_picked":["Rip and Tear","Stack","Go for the Eyes"],"picked":"SKIP","floor":11},{"not_picked":["Fission","Meteor Strike"],"picked":"Creative AI","floor":16},{"not_picked":["Cold Snap","Turbo+1","Doom and Gloom"],"picked":"SKIP","floor":18},{"not_picked":["Melter","Sweeping Beam+1","Leap+1"],"picked":"SKIP","floor":18},{"not_picked":["Cold Snap","Stack","Streamline"],"picked":"SKIP","floor":18},{"not_picked":["Rebound","ReplayTheSpireMod:Omega Cannon","Barrage"],"picked":"SKIP","floor":19},{"not_picked":["Barrage","ReplayGash","BasicCrystalCard"],"picked":"SKIP","floor":19},{"not_picked":["Ball Lightning+1","Stack","Reprogram"],"picked":"SKIP","floor":19},{"not_picked":["Hologram","Stack"],"picked":"Leap","floor":20},{"not_picked":["Ball Lightning+1","Steam Power","Blizzard"],"picked":"SKIP","floor":20},{"not_picked":["Compile Driver+1","Tempest","Skim"],"picked":"SKIP","floor":20},{"not_picked":["Hologram+1","Chill+1","Rebound"],"picked":"SKIP","floor":21},{"not_picked":["Tempest","Chaos","Beam Cell+1"],"picked":"SKIP","floor":21},{"not_picked":["ReplayRNGCard","BasicCrystalCard+1","Barrage"],"picked":"SKIP","floor":21},{"not_picked":["Biased Cognition","Force Field"],"picked":"Defragment","floor":24},{"not_picked":["Leap+1","Hologram"],"picked":"Conserve Battery+1","floor":27},{"not_picked":["Streamline","Turbo+1"],"picked":"Force Field","floor":29},{"not_picked":["Glacier+1","ReplayTheSpireMod:Repulse","Redo"],"picked":"SKIP","floor":29},{"not_picked":["Time Bomb","BasicCrystalCard","Defragment"],"picked":"SKIP","floor":29},{"not_picked":["Hologram","Compile Driver","Stack"],"picked":"SKIP","floor":30},{"not_picked":["Consume","Blizzard+1","Go for the Eyes"],"picked":"SKIP","floor":31},{"not_picked":["Redo","ReplaySolidLightProjector","Sweeping Beam+1"],"picked":"SKIP","floor":31},{"not_picked":["Rip and Tear","Beam Cell","ReplayTheSpireMod:GoodbyeWorld"],"picked":"SKIP","floor":31},{"not_picked":["All For One","ReplayRNGCard"],"picked":"Amplify","floor":33},{"not_picked":["BasicCrystalCard","Compile Driver"],"picked":"BootSequence+1","floor":35},{"not_picked":["Chaos","Turbo","BasicCrystalCard"],"picked":"SKIP","floor":35},{"not_picked":["Compile Driver+1","Gash","Redo"],"picked":"SKIP","floor":35},{"not_picked":["Leap","BasicCrystalCard+1"],"picked":"Defragment","floor":38},{"not_picked":["Streamline+1","Barrage+1"],"picked":"Conserve Battery+1","floor":38},{"not_picked":["Darkness","Hyperbeam","Rip and Tear+1"],"picked":"SKIP","floor":38},{"not_picked":["Hologram+1","Lockon+1","Rebound+1"],"picked":"SKIP","floor":41},{"not_picked":["Blizzard","Fission"],"picked":"FTL","floor":44},{"not_picked":["Chill","Lockon+1","Leap"],"picked":"SKIP","floor":44},{"not_picked":["Hologram","Ball Lightning","Gash"],"picked":"SKIP","floor":44},{"not_picked":["Rip and Tear","Hologram"],"picked":"Time Bomb","floor":45},{"not_picked":["Hologram+1","Gash","Blizzard+1"],"picked":"SKIP","floor":45},{"not_picked":["Ball Lightning","Sweeping Beam","Go for the Eyes+1"],"picked":"SKIP","floor":45},{"not_picked":["Stack+1","ReplayTheSpireMod:Reroute Power"],"picked":"Defragment+1","floor":46},{"not_picked":["Leap","Undo","Turbo"],"picked":"SKIP","floor":46},{"not_picked":["Go for the Eyes+1","Conserve Battery","Sweeping Beam+1"],"picked":"SKIP","floor":46},{"not_picked":["Core Surge","Reboot","Multi-Cast"],"picked":"SKIP","floor":47},{"not_picked":["Coolheaded+1","Go for the Eyes+1","ReplayTheSpireMod:System Scan+1"],"picked":"SKIP","floor":48},{"not_picked":["Go for the Eyes","Rebound+1","ReplayTheSpireMod:Repulse+1"],"picked":"SKIP","floor":48},{"not_picked":["Compile Driver+1","Gash+1","FTL+1"],"picked":"SKIP","floor":48}],"player_experience":296754,"relics_obtained":[{"floor":6,"key":"Letter Opener"},{"floor":8,"key":"Lantern"},{"floor":9,"key":"Tiny Chest"},{"floor":24,"key":"Simple Rune"},{"floor":26,"key":"Replay:Bandana"},{"floor":27,"key":"Replay:Accelerometer"},{"floor":30,"key":"Omamori"},{"floor":37,"key":"Art of War"},{"floor":41,"key":"Replay:Towering Pillar of Hats"},{"floor":47,"key":"Blue Candle"}],"event_choices":[{"damage_healed":0.0,"max_hp_gain":0.0,"max_hp_loss":0.0,"gold_gain":0.0,"event_name":"FaceTrader","player_choice":"Trade","floor":4.0,"gold_loss":0.0,"damage_taken":0.0,"relics_obtained":["FaceOfCleric"]},{"damage_healed":0,"gold_gain":0,"player_choice":"Grow","damage_taken":0,"max_hp_gain":0,"max_hp_loss":0,"event_name":"Living Wall","floor":14,"gold_loss":0,"cards_upgraded":["Defragment"]},{"damage_healed":0,"gold_gain":0,"player_choice":"Shed Blood","damage_taken":21,"max_hp_gain":5,"max_hp_loss":0,"event_name":"Forgotten Altar","floor":22,"gold_loss":0},{"cards_removed":["Consume"],"damage_healed":0,"gold_gain":0,"player_choice":"Upgrade and Remove","damage_taken":0,"max_hp_gain":0,"max_hp_loss":0,"event_name":"Designer","floor":36,"gold_loss":90,"cards_upgraded":["Strike_B"]},{"damage_healed":0,"gold_gain":0,"player_choice":"Ignored","damage_taken":0,"max_hp_gain":0,"max_hp_loss":0,"event_name":"Tomb of Lord Red Mask","floor":39,"gold_loss":0}],"is_beta":false,"boss_relics":[{"not_picked":["Nuclear Battery","Black Star"],"picked":"ChewingGum"},{"not_picked":["Calling Bell","Astrolabe"],"picked":"Coffee Dripper"}],"items_purged_floors":[],"is_endless":false,"potions_floor_spawned":[2,3,6,7,16,20,21,24,27,30,33,41,44,45,46],"ascension_level":0}}