{"host":"znuunkttinnn1f17","time":1613075222,"event":{"mods":["BaseMod","Colored Map","Downfall","Minty Spire (QoL Compilation)","Replay The Spire","StSLib"],"gold_per_floor":[99,112,129,129,146,177,201,1,21,33,46,64,89,104,116,211,211,211,223,233,233,70,86,86,102,52,52,66,3,34,52,69,69,69,69],"floor_reached":33,"language":"ENG","playtime":3064,"items_purged":[],"score":337,"play_id":"c093f867-5af4-43af-9808-bd4dc98ddbd2","local_time":"20210211212702","is_ascension_mode":false,"campfire_choices":[{"data":"Slimebound:CorrosiveSpit","floor":1.0,"key":"SMITH"},{"data":"Slimebound:SlimeSlap","floor":8.0,"key":"SMITH"},{"data":"Slimebound:GoopSpray","floor":18.0,"key":"SMITH"},{"data":"Slimebound:OozeBath","floor":27.0,"key":"SMITH"}],"circlet_count":0,"master_deck":["Slimebound:Strike_Slimebound","Slimebound:Strike_Slimebound","Slimebound:Strike_Slimebound","Slimebound:Tackle","Slimebound:Defend_Slimebound","Slimebound:Defend_Slimebound","Slimebound:Defend_Slimebound","Slimebound:Defend_Slimebound","Slimebound:CorrosiveSpit+1","Slimebound:HauntingLick","Slimebound:LivingWall","Slimebound:CorrosiveSpit+1","Slimebound:SlimeSlap+1","Slimebound:SamplingLick","Slimebound:SpikyOuterGoop","Slimebound:SplitMire","Slimebound:Replication","Slimebound:GoopSpray+1","Slimebound:OozeBath+1","Slimebound:AcidTongue","Slimebound:SplitMire+1","Chrysalis","Slimebound:RejuvenatingLick","Slimebound:SlimeSlap+1","Slimebound:Schlurp","Slimebound:SpikyOuterGoop","Slimebound:LeechingTouch"],"relics":["Slimebound:AbsorbEndCombat","Replay:Wax Seal","downfall:HeartBlessingGreen","downfall:HeartBlessingBlue","Dream Catcher","SlaversCollar","DollysMirror","Gambling Chip","Bottled Flame"],"acts_visited":["Exordium","TheCity"],"potions_floor_usage":[31,33],"damage_taken":[{"damage":9.0,"enemies":"Jaw Worm","floor":2.0,"turns":5.0},{"damage":1.0,"enemies":"Cultist","floor":3.0,"turns":3.0},{"damage":0.0,"enemies":"2 Louse","floor":5.0,"turns":2.0},{"damage":21.0,"enemies":"Replay:BlueRogue","floor":6.0,"turns":8.0},{"damage":7.0,"enemies":"Red Slaver","floor":9.0,"turns":3.0},{"damage":3.0,"enemies":"2 Fungi Beasts","floor":10.0,"turns":3.0},{"damage":0.0,"enemies":"Exordium Wildlife","floor":11.0,"turns":2.0},{"damage":4.0,"enemies":"2 Fungi Beasts","floor":12.0,"turns":3.0},{"damage":30.0,"enemies":"Gremlin Nob","floor":13.0,"turns":4.0},{"damage":15.0,"enemies":"Exordium Wildlife","floor":14.0,"turns":4.0},{"damage":3.0,"enemies":"2 Fungi Beasts","floor":15.0,"turns":3.0},{"damage":12.0,"enemies":"IC_STATUS_ARCHETYPE","floor":16.0,"turns":7.0},{"damage":10.0,"enemies":"Chosen","floor":19.0,"turns":5.0},{"damage":30.0,"enemies":"3 Byrds","floor":20.0,"turns":7.0},{"damage":0.0,"enemies":"downfall:FleeingMerchant","floor":22.0,"turns":4.0},{"damage":13.0,"enemies":"Snake Plant","floor":23.0,"turns":3.0},{"damage":26.0,"enemies":"Shelled Parasite and Fungi","floor":25.0,"turns":5.0},{"damage":26.0,"enemies":"Centurion and Healer","floor":28.0,"turns":5.0},{"damage":3.0,"enemies":"downfall:FleeingMerchant","floor":29.0,"turns":4.0},{"damage":14,"enemies":"Replay:Snechameleon","floor":30,"turns":6},{"damage":34,"enemies":"3 Cultists","floor":31,"turns":7},{"damage":10,"enemies":"Snecko","floor":32,"turns":5},{"damage":23,"enemies":"SI_MIRROR_ARCHETYPE","floor":33,"turns":8}],"seed_played":"4394712747857581442","potions_obtained":[{"floor":2.0,"key":"Cursed Concoction"},{"floor":12.0,"key":"Elixir"},{"floor":13.0,"key":"Death Potion"},{"floor":16.0,"key":"Guardian:BlockOnCardUsePotion"},{"floor":25.0,"key":"SkillPotion"},{"floor":30,"key":"bronze:BurnAndBuffPotion"},{"floor":31,"key":"Dexterity Potion"}],"is_trial":false,"path_per_floor":["R","M","M","?","M","E","T","R","M","M","M","M","E","M","M","B",null,"R","M","M","?","$","M","T","M","?","R","M","$","E","M","M","B"],"character_chosen":"SLIMEBOUND","items_purchased":["DollysMirror","Slimebound:LeechingTouch"],"campfire_rested":0,"item_purchase_floors":[22,29],"current_hp_per_floor":[71,65,68,68,71,54,54,64,63,68,74,76,53,46,47,41,81,81,71,49,49,55,46,46,28,58,58,38,43,35,9,7,0,0,0],"gold":69,"neow_bonus":"TEN_PERCENT_HP_BONUS","is_daily":false,"chose_seed":false,"campfire_upgraded":4,"win_rate":0.0,"timestamp":1613075222,"path_taken":["R","M","M","?","?","E","T","R","M","M","M","M","E","?","M","BOSS","R","M","M","?","$","?","T","M","?","R","M","$","E","M","M","BOSS"],"items_purchased_type":["Relic","Card"],"build_version":"2020-12-22","purchased_purges":0,"victory":false,"max_hp_per_floor":[71,71,71,71,71,71,71,81,81,81,81,81,81,81,81,81,81,81,81,81,81,81,81,81,81,81,81,81,81,81,81,81,81,81,81],"card_choices":[{"not_picked":["Slimebound:SlimeBarrage","Slimebound:Chomp"],"picked":"Slimebound:HauntingLick","floor":2.0},{"not_picked":["Slimebound:GoopTackle","Slimebound:LeechingTouch"],"picked":"Slimebound:LivingWall","floor":3.0},{"not_picked":["Slimebound:FinishingTackle","Slimebound:SamplingLick"],"picked":"Slimebound:SlimeSlap","floor":5.0},{"not_picked":["Slimebound:SlimeTap","Slimebound:ForwardTackle","Slimebound:DisruptingSlam"],"picked":"SKIP","floor":6.0},{"not_picked":["Slimebound:SplitAcid","Slimebound:LeadByExample"],"picked":"Slimebound:SamplingLick","floor":9.0},{"not_picked":["Slimebound:SamplingLick","Slimebound:LeechingTouch"],"picked":"Slimebound:SpikyOuterGoop","floor":10.0},{"not_picked":["Slimebound:GoopTackle","Slimebound:HauntingLick"],"picked":"Slimebound:SplitMire","floor":11.0},{"not_picked":["Slimebound:LevelUp","Slimebound:Prepare"],"picked":"Slimebound:Replication","floor":12.0},{"not_picked":["Slimebound:SlimeBarrage","Slimebound:TongueLash","Slimebound:LevelUp"],"picked":"SKIP","floor":13.0},{"not_picked":["Slimebound:FormOfPuddle","Slimebound:FinishingTackle","Slimebound:SplitLeeching"],"picked":"SKIP","floor":14.0},{"not_picked":["Slimebound:DisruptingSlam","Slimebound:HauntingLick"],"picked":"Slimebound:GoopSpray","floor":15.0},{"not_picked":["Slimebound:PrepareCrush","Slimebound:SelfFormingGoo"],"picked":"Slimebound:OozeBath","floor":16.0},{"not_picked":["Slimebound:GoopTackle+1","Slimebound:GoopSpray"],"picked":"Slimebound:AcidTongue","floor":19.0},{"not_picked":["Slimebound:RejuvenatingLick","Slimebound:SplitLeeching"],"picked":"Slimebound:SplitMire+1","floor":20.0},{"not_picked":["Slimebound:SelfFormingGoo","Slimebound:ViciousTackle"],"picked":"Slimebound:RejuvenatingLick","floor":22.0},{"not_picked":["Slimebound:Nibble","Slimebound:ProtectTheBoss","Slimebound:DisruptingSlam"],"picked":"SKIP","floor":23.0},{"not_picked":["Slimebound:Prepare","Slimebound:Chomp"],"picked":"Slimebound:Schlurp","floor":25.0},{"not_picked":["Slimebound:SlimeBrawl+1","Slimebound:SplitMire","Slimebound:ItLooksTasty"],"picked":"SKIP","floor":28.0},{"not_picked":["Slimebound:MinionMaster","Slimebound:SplitLeeching"],"picked":"Slimebound:SpikyOuterGoop","floor":29.0},{"not_picked":["Slimebound:PressTheAttack+1","Slimebound:ItLooksTasty","Slimebound:SlimeBarrage"],"picked":"SKIP","floor":30},{"not_picked":["Slimebound:SlimeBarrage","Slimebound:FormOfPuddle","Slimebound:LivingWall"],"picked":"SKIP","floor":31},{"not_picked":["Slimebound:Chomp","Slimebound:LivingWall","Slimebound:HauntingLick"],"picked":"SKIP","floor":32}],"player_experience":203616,"relics_obtained":[{"floor":6.0,"key":"Replay:Wax Seal"},{"floor":13.0,"key":"Dream Catcher"},{"floor":24.0,"key":"Gambling Chip"},{"floor":30,"key":"Bottled Flame"}],"event_choices":[{"cards_removed":["Slimebound:Split"],"damage_healed":0.0,"max_hp_gain":0.0,"max_hp_loss":0.0,"gold_gain":0.0,"event_name":"NoteForYourself","player_choice":"Took Card","floor":21.0,"gold_loss":0.0,"damage_taken":0.0,"cards_obtained":["Chrysalis"]}],"is_beta":false,"boss_relics":[{"not_picked":["Busted Crown","Calling Bell"],"picked":"SlaversCollar"}],"items_purged_floors":[],"is_endless":false,"potions_floor_spawned":[2,12,13,15,16,19,23,25,30,31],"killed_by":"SI_MIRROR_ARCHETYPE","ascension_level":0}}