{"host":"Lucas","time":1613086364,"event":{"mods":["BaseMod","Downfall","Minty Spire (QoL Compilation)","READ ME - Guardian Mod","StSLib","The Cursed","The Disciple","The Necromancer","The Servant 0.9.4"],"gold_per_floor":[99,109,125,86,86,103,103,88,116,145,157,187,209,233,258,365,377,389,415,259,259,275,275,324,337,348,360,360,370,370,88,108,213,213,213,231,241,260,35,88,141,141,141,156,156,168,116,116,134,134],"floor_reached":51,"language":"ENG","playtime":2954,"items_purged":[],"score":859,"play_id":"02d13e19-fd2a-47f5-a6d2-49174e034509","local_time":"20210211233244","is_ascension_mode":true,"campfire_choices":[{"data":"champ:StrikeOfGenius","floor":1,"key":"SMITH"},{"floor":11,"key":"REST"},{"data":"champ:PerfectedStrike","floor":18,"key":"SMITH"},{"data":"champ:PerfectedStrike","floor":28,"key":"SMITH"},{"data":"champ:GladiatorForm","floor":35,"key":"SMITH"},{"floor":43,"key":"REST"},{"floor":45,"key":"REST"}],"circlet_count":0,"master_deck":["champ:Strike","champ:Strike","champ:Strike","champ:Strike","champ:Defend","champ:Defend","champ:Defend","champ:Defend","champ:Execute","champ:Taunt","champ:StrikeOfGenius+1","champ:CalledShot","champ:ShieldWall","champ:PerfectedStrike+1","champ:BladeFlurry","champ:Parry","champ:Backstep","champ:ShieldSigil","champ:TornadoPunch","champ:AdrenalArmor","champ:PerfectedStrike+1","champ:Shatter","champ:TripleStrike","champ:PerfectedStrike+1","champ:BerserkersShout+1","champ:PreciseThrust+1","champ:StanceDance","champ:RageSigil+1","champ:PerfectedStrike","champ:TripleStrike","champ:ArenaPreparation+1","expansioncontent:DashGenerateEvil","champ:PerfectedStrike","champ:GladiatorForm+1","champ:FanOfKnives+1","champ:PerfectedStrike+1","champ:Shatter+1","champ:RisingSlash","champ:BringItOn","champ:DefensiveStyle","Parasite","champ:FaceSlap+1"],"relics":["champ:ChampionCrown","FossilizedHelix","MawBank","champ:PowerArmor","Lee\u0027s Waffle","Vajra","Lantern","champ:BerserkersGuideToSlaughter","CaptainsWheel","bronze:MakeshiftBattery","Blood Vial","Nunchaku","Strawberry"],"acts_visited":["Exordium","TheCity","TheBeyond"],"potions_floor_usage":[9,12,16,16,27,31,33,44,46,50,50,50],"damage_taken":[{"damage":10,"enemies":"Cultist","floor":2,"turns":3},{"damage":9,"enemies":"2 Louse","floor":3,"turns":3},{"damage":15,"enemies":"downfall:FleeingMerchant","floor":4,"turns":4},{"damage":0,"enemies":"Small Slimes","floor":6,"turns":2},{"damage":9,"enemies":"downfall:FleeingMerchant","floor":8,"turns":4},{"damage":25,"enemies":"3 Sentries","floor":9,"turns":6},{"damage":30,"enemies":"Exordium Thugs","floor":10,"turns":4},{"damage":20,"enemies":"Gremlin Gang","floor":12,"turns":4},{"damage":23,"enemies":"Lots of Slimes","floor":13,"turns":3},{"damage":0,"enemies":"Blue Slaver","floor":14,"turns":3},{"damage":0,"enemies":"2 Fungi Beasts","floor":15,"turns":4},{"damage":4,"enemies":"SI_SHIV_ARCHETYPE","floor":16,"turns":5},{"damage":57,"enemies":"3 Byrds","floor":19,"turns":6},{"damage":12,"enemies":"downfall:FleeingMerchant","floor":20,"turns":4},{"damage":12,"enemies":"Shell Parasite","floor":22,"turns":2},{"damage":25,"enemies":"Snecko","floor":25,"turns":3},{"damage":12,"enemies":"Chosen and Byrds","floor":26,"turns":4},{"damage":34,"enemies":"Snake Plant","floor":27,"turns":3},{"damage":30,"enemies":"3 Cultists","floor":29,"turns":4},{"damage":0,"enemies":"downfall:FleeingMerchant","floor":31,"turns":2},{"damage":6,"enemies":"Cultist and Chosen","floor":32,"turns":3},{"damage":30,"enemies":"WA_ARCHETYPE_CALM","floor":33,"turns":7},{"damage":27,"enemies":"3 Darklings","floor":36,"turns":6},{"damage":63,"enemies":"3 Shapes","floor":37,"turns":3},{"damage":0,"enemies":"Jaw Worm Horde","floor":38,"turns":3},{"damage":44,"enemies":"4 Shapes","floor":44,"turns":4},{"damage":0,"enemies":"Spire Growth","floor":46,"turns":3},{"damage":0,"enemies":"Writhing Mass","floor":49,"turns":3},{"damage":114,"enemies":"IC_BLOCK_ARCHETYPE","floor":50,"turns":11}],"seed_played":"3570076904779628446","potions_obtained":[{"floor":2,"key":"Swift Potion"},{"floor":9,"key":"sneckomod:MuddlingPotion"},{"floor":10,"key":"LiquidBronze"},{"floor":13,"key":"Ancient Potion"},{"floor":16,"key":"bronze:BurnAndBuffPotion"},{"floor":25,"key":"Guardian:BlockOnCardUsePotion"},{"floor":27,"key":"FearPotion"},{"floor":33,"key":"champ:OpenerPotion"},{"floor":37,"key":"champ:CounterPotion"},{"floor":38,"key":"SpeedPotion"},{"floor":44,"key":"SkillPotion"}],"is_trial":false,"path_per_floor":["R","M","M","$","?","M","T","$","E","M","R","M","M","M","M","B",null,"R","M","$","?","M","?","T","M","M","M","R","M","?","$","M","B",null,"R","M","M","M","$","T","T","?","R","M","R","M","$","?","M","B",null],"character_chosen":"THE_CHAMP","items_purchased":["champ:BladeFlurry","Lee\u0027s Waffle","champ:BerserkersGuideToSlaughter","CaptainsWheel","expansioncontent:DashGenerateEvil","Blood Vial","champ:RisingSlash","champ:CounterPotion"],"campfire_rested":3,"item_purchase_floors":[4,20,31,31,31,39,39,47],"current_hp_per_floor":[90,90,81,81,81,81,81,72,47,17,44,24,10,10,10,6,69,69,22,97,97,95,97,97,97,95,81,81,76,76,76,70,60,88,88,85,54,54,54,54,61,61,92,55,86,88,88,88,90,3],"gold":134,"neow_bonus":"ONE_RANDOM_RARE_CARD","is_daily":false,"chose_seed":false,"campfire_upgraded":4,"win_rate":0.0,"timestamp":1613086364,"path_taken":["R","M","M","$","?","M","T","$","E","M","R","M","M","?","M","BOSS","R","M","$","?","M","?","T","?","M","M","R","?","?","$","M","BOSS","R","M","M","M","$","?","T","?","R","M","R","M","$","?","M","BOSS"],"items_purchased_type":["Card","Relic","Relic","Relic","Card","Relic","Card","Potion"],"build_version":"2020-12-18","purchased_purges":0,"victory":true,"max_hp_per_floor":[90,90,90,90,90,90,90,90,90,90,90,90,90,90,90,90,90,90,90,97,97,97,97,97,97,97,97,97,97,97,97,97,97,97,97,97,97,97,97,97,104,104,104,104,104,104,104,104,104,104],"card_choices":[{"not_picked":["champ:BerserkersShout","champ:BladeFlurry"],"picked":"champ:CalledShot","floor":2},{"not_picked":["champ:Backstep","champ:BerserkersShout"],"picked":"champ:ShieldWall","floor":3},{"not_picked":["champ:BerserkersShout","champ:Shatter"],"picked":"champ:PerfectedStrike","floor":4},{"not_picked":["champ:CrownThrow","champ:Encircle"],"picked":"champ:Parry","floor":6},{"not_picked":["champ:SkillfulDodge","champ:AdrenalArmor"],"picked":"champ:Backstep","floor":8},{"not_picked":["champ:Circumvent","champ:StanceDance"],"picked":"champ:ShieldSigil","floor":9},{"not_picked":["champ:DancingMaster","champ:PreemptiveStrike"],"picked":"champ:TornadoPunch","floor":10},{"not_picked":["champ:CrownThrow","champ:BerserkerStyle"],"picked":"champ:AdrenalArmor","floor":12},{"not_picked":["champ:FocusedDefense","champ:RisingSlash"],"picked":"champ:PerfectedStrike","floor":13},{"not_picked":["champ:BringItOn","champ:EnchantSword"],"picked":"champ:Shatter","floor":14},{"not_picked":["champ:Circumvent","champ:CrownThrow"],"picked":"champ:ShieldSigil","floor":15},{"not_picked":["champ:IgnorePain","champ:UltimateStance"],"picked":"champ:TripleStrike","floor":16},{"not_picked":["champ:Shatter+1","champ:SwordSigil+1"],"picked":"champ:PerfectedStrike+1","floor":19},{"not_picked":["champ:RapidStrikes","champ:ShieldSigil"],"picked":"champ:BerserkersShout+1","floor":20},{"not_picked":["champ:BerserkersShout","champ:FanOfKnives"],"picked":"champ:PreciseThrust+1","floor":22},{"not_picked":["champ:Circumvent","champ:Encircle"],"picked":"champ:StanceDance","floor":25},{"not_picked":["champ:Shatter","champ:LastStand"],"picked":"champ:RageSigil+1","floor":26},{"not_picked":["champ:AdrenalArmor","champ:CrookedStrike"],"picked":"champ:PerfectedStrike","floor":27},{"not_picked":["champ:Lariat","champ:AdrenalArmor"],"picked":"champ:Parry","floor":29},{"not_picked":["champ:Circumvent","champ:Backstep"],"picked":"champ:ArenaPreparation+1","floor":31},{"not_picked":["champ:BringItOn+1","champ:RisingSlash"],"picked":"champ:PerfectedStrike","floor":32},{"not_picked":["champ:VampiricStrike","champ:StrikeOfGenius"],"picked":"champ:GladiatorForm","floor":33},{"not_picked":["champ:Encircle","champ:Circumvent"],"picked":"champ:FanOfKnives+1","floor":36},{"not_picked":["champ:FanOfKnives+1","champ:BerserkersShout+1"],"picked":"champ:PerfectedStrike+1","floor":37},{"not_picked":["champ:BerserkersShout","champ:Haymaker"],"picked":"champ:Shatter+1","floor":38},{"not_picked":["champ:EnGarde","champ:StanceDance"],"picked":"champ:BringItOn","floor":44},{"not_picked":["champ:DefensiveShout","champ:Circumvent+1"],"picked":"champ:DefensiveStyle","floor":46},{"not_picked":["champ:EnGarde","champ:GutPunch+1"],"picked":"champ:FaceSlap+1","floor":49}],"player_experience":1318177,"relics_obtained":[{"floor":7,"key":"FossilizedHelix"},{"floor":9,"key":"MawBank"},{"floor":24,"key":"Lantern"},{"floor":40,"key":"Nunchaku"},{"floor":41,"key":"Strawberry"}],"event_choices":[{"cards_removed":["champ:ShieldSigil"],"damage_healed":5,"gold_gain":0,"player_choice":"Offered Common","damage_taken":0,"max_hp_gain":0,"max_hp_loss":0,"event_name":"Bonfire Elementals","floor":23,"gold_loss":0},{"cards_removed":["champ:ShieldSigil"],"damage_healed":5,"gold_gain":0,"player_choice":"Offered Special","damage_taken":0,"max_hp_gain":0,"max_hp_loss":0,"event_name":"Bonfire Elementals","floor":23,"gold_loss":0},{"cards_removed":["champ:Parry"],"damage_healed":0,"gold_gain":0,"player_choice":"Removed Skill","damage_taken":0,"max_hp_gain":0,"max_hp_loss":0,"event_name":"Falling","floor":42,"gold_loss":0}],"is_beta":true,"boss_relics":[{"not_picked":["Sozu","Busted Crown"],"picked":"champ:PowerArmor"},{"not_picked":["Snecko Eye","Fusion Hammer"],"picked":"bronze:MakeshiftBattery"}],"items_purged_floors":[],"is_endless":false,"potions_floor_spawned":[2,9,10,13,16,25,27,33,37,38,44],"ascension_level":5}}