{"host":"k5fgrtcqzqosfxt0","time":1613025749,"event":{"mods":["Act Like it!","Aspiration","BaseMod","Downfall","Gensokyo","Minty Spire (QoL Compilation)","StSLib","TestMod","UnlockEverythingMod"],"gold_per_floor":[113,38,188,188,463,463,481,500,526,351,361,378,406,426,426,502,502,515,526,541,250,265,265,298,298,298,348,348,348],"floor_reached":28,"language":"ZHS","playtime":822,"items_purged":["Strike_G","Regret","Strike_G"],"score":480,"play_id":"1d9b3414-47c7-4b10-beab-3ac8dd46b668","local_time":"20210211144229","is_ascension_mode":true,"campfire_choices":[{"data":"Acrobatics","floor":6.0,"key":"SMITH"},{"data":"Flechettes","floor":15.0,"key":"SMITH"},{"floor":23,"key":"REST"},{"data":"Reflex","floor":25,"key":"SMITH"}],"circlet_count":0,"master_deck":["AscendersBane","Strike_G","Defend_G","Defend_G","Defend_G","Defend_G","Defend_G","Survivor","Neutralize","Acrobatics+1","Flechettes+1","Storm of Steel","A Thousand Cuts","Prepared","Reflex+1","Backflip"],"relics":["Ring of the Snake","testmod-TestBox","NeowsBlessing","testmod-RealStoneCalender","White Beast Statue","Empty Cage","Orrery","CeramicFish","testmod-BouquetWithThorns"],"acts_visited":["Exordium","TheCity"],"potions_floor_usage":[19,20,22,24,28],"damage_taken":[{"damage":0.0,"enemies":"Cultist","floor":1.0,"turns":1.0},{"damage":0.0,"enemies":"Small Slimes","floor":7.0,"turns":1.0},{"damage":0.0,"enemies":"2 Louse","floor":8.0,"turns":1.0},{"damage":0.0,"enemies":"Lots of Slimes","floor":11.0,"turns":3.0},{"damage":3.0,"enemies":"Exordium Thugs","floor":12.0,"turns":5.0},{"damage":14.0,"enemies":"Gremlin Nob","floor":13.0,"turns":3.0},{"damage":0.0,"enemies":"Large Slime","floor":14.0,"turns":4.0},{"damage":18.0,"enemies":"Hexaghost","floor":16.0,"turns":7.0},{"damage":31,"enemies":"Shell Parasite","floor":18,"turns":4},{"damage":0,"enemies":"Spheric Guardian","floor":19,"turns":3},{"damage":20,"enemies":"3 Cultists","floor":20,"turns":5},{"damage":2,"enemies":"Snecko","floor":22,"turns":5},{"damage":5,"enemies":"Gremlin Leader","floor":24,"turns":6},{"damage":23,"enemies":"Slavers","floor":28,"turns":1}],"seed_played":"6449845939119991803","potions_obtained":[{"floor":12.0,"key":"Fire Potion"},{"floor":14.0,"key":"champ:CounterPotion"},{"floor":16.0,"key":"testmod-TestPotion"},{"floor":18,"key":"Dexterity Potion"},{"floor":19,"key":"Weak Potion"},{"floor":20,"key":"Block Potion"},{"floor":22,"key":"Guardian:BlockOnCardUsePotion"},{"floor":24,"key":"Poison Potion"}],"is_trial":false,"path_per_floor":["M","$","?","?","?","R","M","M","T","$","M","M","E","M","R","B",null,"M","M","M","$","M","R","E","R","T","?","E"],"character_chosen":"THE_SILENT","items_purchased":["Storm of Steel","Orrery"],"campfire_rested":1,"item_purchase_floors":[10,21],"current_hp_per_floor":[59,59,59,52,52,52,52,52,52,52,52,49,35,35,35,17,54,23,23,3,3,1,20,15,15,15,15,0,0],"gold":348,"neow_bonus":"THREE_ENEMY_KILL","is_daily":false,"chose_seed":false,"campfire_upgraded":3,"win_rate":0.0,"timestamp":1613025749,"path_taken":["M","$","?","?","?","R","M","M","T","$","M","M","E","M","R","BOSS","M","M","M","$","?","R","E","R","T","?","E"],"items_purchased_type":["Card","Relic"],"build_version":"2020-12-22","purchased_purges":3,"victory":false,"max_hp_per_floor":[66,66,66,66,66,66,66,66,66,66,66,66,66,66,66,66,66,66,66,66,66,66,66,66,66,66,66,66,66],"card_choices":[{"not_picked":["Quick Slash","Sucker Punch"],"picked":"Acrobatics","floor":1.0},{"not_picked":["Eviscerate","Poisoned Stab","Catalyst"],"picked":"SKIP","floor":7.0},{"not_picked":["Accuracy","Flying Knee"],"picked":"Flechettes","floor":8.0},{"not_picked":["Eviscerate","Blade Dance","Poisoned Stab"],"picked":"SKIP","floor":11.0},{"not_picked":["Flying Knee","Predator","Dagger Throw"],"picked":"SKIP","floor":12.0},{"not_picked":["Blade Dance","Crippling Poison","Unload"],"picked":"SKIP","floor":13.0},{"not_picked":["Bane","Flechettes","Backstab"],"picked":"SKIP","floor":14.0},{"not_picked":["Malaise","aspiration:Lunge"],"picked":"A Thousand Cuts","floor":16.0},{"not_picked":["Masterful Stab","Poisoned Stab","Underhanded Strike"],"picked":"SKIP","floor":18},{"not_picked":["Leg Sweep","PiercingWail","Dagger Throw"],"picked":"SKIP","floor":19},{"not_picked":["Cloak And Dagger","Bane","All Out Attack"],"picked":"SKIP","floor":20},{"not_picked":["Infinite Blades","Distraction"],"picked":"Prepared","floor":21},{"not_picked":["All Out Attack","Eviscerate"],"picked":"Reflex","floor":21},{"not_picked":["Heel Hook","Outmaneuver+1"],"picked":"Backflip","floor":21},{"not_picked":["Quick Slash","Flechettes","Bullet Time"],"picked":"SKIP","floor":22},{"not_picked":["Flying Knee+1","Deflect","Dodge and Roll"],"picked":"SKIP","floor":24}],"player_experience":644305,"relics_obtained":[{"floor":13.0,"key":"White Beast Statue"},{"floor":24,"key":"CeramicFish"},{"floor":26,"key":"testmod-BouquetWithThorns"}],"event_choices":[{"damage_healed":0.0,"max_hp_gain":0.0,"max_hp_loss":0.0,"gold_gain":150.0,"event_name":"Liars Game","player_choice":"AGREE","floor":3.0,"gold_loss":0.0,"damage_taken":0.0,"cards_obtained":["Doubt"]},{"cards_removed":["Doubt"],"damage_healed":0.0,"max_hp_gain":0.0,"max_hp_loss":0.0,"gold_gain":0.0,"event_name":"Golden Wing","player_choice":"Card Removal","floor":4.0,"gold_loss":0.0,"damage_taken":7.0},{"damage_healed":0.0,"max_hp_gain":0.0,"max_hp_loss":0.0,"gold_gain":275.0,"event_name":"Golden Shrine","player_choice":"Desecrate","floor":5.0,"gold_loss":0.0,"damage_taken":0.0,"cards_obtained":["Regret"]},{"damage_healed":0,"gold_gain":50,"player_choice":"Stole From Cult","damage_taken":0,"max_hp_gain":0,"max_hp_loss":0,"event_name":"Nest","floor":27,"gold_loss":0}],"is_beta":false,"boss_relics":[{"not_picked":["testmod-Recursion","Pandora\u0027s Box"],"picked":"Empty Cage"}],"items_purged_floors":[2,10,21],"is_endless":false,"potions_floor_spawned":[12,14,16,18,19,20,22,24],"killed_by":"Slavers","ascension_level":20}}