{"host":"yecadp3kwkksam5a","time":1613041628,"event":{"mods":["100% Spire Juice","BaseMod","Minty Spire (QoL Compilation)","StSLib","SuperFastMode","The Cursed","WarShipGirlsR/??á´Ò³R mod"],"gold_per_floor":[112,37,56,74,93,93,125,125,125,158,184,184,184,202,202,280,280,293,273,273],"floor_reached":19,"language":"KOR","playtime":971,"items_purged":["TheCursedMod:Torture"],"score":579,"play_id":"a4227e72-0801-4e44-8c97-df4a9d16af0f","local_time":"20210211200708","daily_mods":["Draft"],"is_ascension_mode":true,"campfire_choices":[{"data":"TheCursedMod:CircleOfWindfury","floor":6,"key":"SMITH"},{"data":"TheCursedMod:TacticalStrike","floor":8,"key":"SMITH"},{"data":"TheCursedMod:StingEye","floor":15,"key":"SMITH"}],"circlet_count":0,"master_deck":["AscendersBane","TheCursedMod:SurpriseAttack","TheCursedMod:TacticalStrike+1","TheCursedMod:LuckyCharm","TheCursedMod:SurpriseAttack","TheCursedMod:RapidMovement","TheCursedMod:StingEye+1","TheCursedMod:CircleOfWindfury+1","TheCursedMod:SurpriseAttack","TheCursedMod:VitalStrike","TheCursedMod:FleshFromBone","TheCursedMod:FuryStrike","TheCursedMod:FuryStrike","TheCursedMod:SurpriseAttack","TheCursedMod:ParallelWorld"],"relics":["TheCursedMod:BlackMagic101","Unceasing Top","Shuriken","Frozen Egg 2","Odd Mushroom","Empty Cage"],"acts_visited":["Exordium","TheCity"],"potions_floor_usage":[7],"damage_taken":[{"damage":0,"enemies":"Cultist","floor":1,"turns":2},{"damage":0,"enemies":"Small Slimes","floor":3,"turns":1},{"damage":0,"enemies":"2 Louse","floor":4,"turns":1},{"damage":0,"enemies":"Looter","floor":5,"turns":1},{"damage":5,"enemies":"Lagavulin","floor":7,"turns":6},{"damage":4,"enemies":"3 Sentries","floor":10,"turns":3},{"damage":9,"enemies":"The Mushroom Lair","floor":11,"turns":2},{"damage":6,"enemies":"Exordium Wildlife","floor":14,"turns":2},{"damage":39,"enemies":"The Guardian","floor":16,"turns":7},{"damage":0,"enemies":"Chosen","floor":18,"turns":1},{"damage":5,"enemies":"2 Thieves","floor":19,"turns":2}],"seed_played":"7275358711260123426","potions_obtained":[{"floor":4,"key":"Block Potion"},{"floor":5,"key":"LiquidBronze"},{"floor":10,"key":"FearPotion"}],"is_trial":true,"path_per_floor":["M","$","M","M","M","R","E","R","T","E","?","?","?","M","R","B",null,"M","M"],"character_chosen":"THE_CURSED","items_purchased":[],"campfire_rested":0,"item_purchase_floors":[],"current_hp_per_floor":[64,64,64,64,64,64,59,59,59,55,46,46,46,40,40,1,54,54,49,49],"gold":273,"neow_bonus":"","is_daily":false,"chose_seed":false,"campfire_upgraded":3,"win_rate":0.0,"timestamp":1613041628,"path_taken":["M","$","M","?","M","R","E","R","T","E","?","?","?","?","R","BOSS","M","M"],"items_purchased_type":[],"build_version":"2020-12-22","purchased_purges":1,"victory":false,"max_hp_per_floor":[71,71,71,71,71,71,71,71,71,71,71,71,71,71,71,71,71,71,71,71],"card_choices":[{"not_picked":["TheCursedMod:WearCloak","TheCursedMod:ManaBullet"],"picked":"TheCursedMod:SurpriseAttack","floor":0},{"not_picked":["TheCursedMod:RapidMovement","TheCursedMod:CircleOfFlame"],"picked":"TheCursedMod:TacticalStrike","floor":0},{"not_picked":["TheCursedMod:ManaBullet","TheCursedMod:BloodBarrier"],"picked":"TheCursedMod:CursedBlade","floor":0},{"not_picked":["TheCursedMod:AshesToAshes","TheCursedMod:SpreadPlague"],"picked":"TheCursedMod:LuckyCharm","floor":0},{"not_picked":["TheCursedMod:WearCloak","TheCursedMod:SmokeScreen"],"picked":"TheCursedMod:CursedBoomerang","floor":0},{"not_picked":["TheCursedMod:TacticalStrike","TheCursedMod:StingEye"],"picked":"TheCursedMod:SurpriseAttack","floor":0},{"not_picked":["TheCursedMod:HellsGateOpen","TheCursedMod:SmokeScreen"],"picked":"TheCursedMod:Torture","floor":0},{"not_picked":["TheCursedMod:FuryStrike","TheCursedMod:TroublousMinions"],"picked":"TheCursedMod:Wield","floor":0},{"not_picked":["TheCursedMod:Stigma","TheCursedMod:Torture"],"picked":"TheCursedMod:RapidMovement","floor":0},{"not_picked":["TheCursedMod:CursedBlade","TheCursedMod:RapidMovement"],"picked":"TheCursedMod:StingEye","floor":0},{"not_picked":["TheCursedMod:CursedMace","TheCursedMod:CircleOfAmplification"],"picked":"TheCursedMod:CircleOfWindfury","floor":0},{"not_picked":["TheCursedMod:DoubleShield","TheCursedMod:CircleOfCorruption"],"picked":"TheCursedMod:SurpriseAttack","floor":0},{"not_picked":["TheCursedMod:Obscuration","TheCursedMod:AbyssShockwave"],"picked":"TheCursedMod:VitalStrike","floor":0},{"not_picked":["TheCursedMod:BloodBarrier","TheCursedMod:Stretching"],"picked":"TheCursedMod:FleshFromBone","floor":0},{"not_picked":["TheCursedMod:Stretching","TheCursedMod:CursedBoomerang"],"picked":"TheCursedMod:FuryStrike","floor":0},{"not_picked":["TheCursedMod:CursedShiv","TheCursedMod:SmokeScreen"],"picked":"TheCursedMod:FuryStrike","floor":1},{"not_picked":["TheCursedMod:RavingStaff","TheCursedMod:CircleOfFlame","TheCursedMod:StingEye"],"picked":"SKIP","floor":3},{"not_picked":["TheCursedMod:Stretching","TheCursedMod:CursedBlade","TheCursedMod:Obscuration"],"picked":"SKIP","floor":4},{"not_picked":["TheCursedMod:CursedShiv","TheCursedMod:HellsGateOpen","TheCursedMod:VitalStrike"],"picked":"SKIP","floor":5},{"not_picked":["TheCursedMod:FleshFromBone","TheCursedMod:ManaBullet","TheCursedMod:DemonSword"],"picked":"SKIP","floor":7},{"not_picked":["TheCursedMod:CursedArmor","TheCursedMod:WearCloak","TheCursedMod:RavingStaff"],"picked":"SKIP","floor":10},{"not_picked":["TheCursedMod:Mangle","TheCursedMod:CursedShiv"],"picked":"TheCursedMod:SurpriseAttack","floor":14},{"not_picked":["TheCursedMod:ForbiddenAlchemy","TheCursedMod:DemonSword"],"picked":"TheCursedMod:ParallelWorld","floor":16},{"not_picked":["TheCursedMod:SoulCrush","TheCursedMod:TacticalStrike","TheCursedMod:CircleOfCorruption"],"picked":"SKIP","floor":18}],"player_experience":618915,"relics_obtained":[{"floor":7,"key":"Unceasing Top"},{"floor":9,"key":"Shuriken"},{"floor":10,"key":"Frozen Egg 2"},{"floor":11,"key":"Odd Mushroom"}],"event_choices":[{"damage_healed":0,"gold_gain":0,"player_choice":"Fought Mushrooms","damage_taken":0,"max_hp_gain":0,"max_hp_loss":0,"event_name":"Mushrooms","floor":11,"gold_loss":0},{"cards_removed":["TheCursedMod:Wield"],"damage_healed":0,"gold_gain":0,"player_choice":"Forget","damage_taken":0,"max_hp_gain":0,"max_hp_loss":0,"event_name":"Living Wall","floor":12,"gold_loss":0},{"damage_healed":0,"gold_gain":0,"player_choice":"Ignored","damage_taken":0,"max_hp_gain":0,"max_hp_loss":0,"event_name":"Liars Game","floor":13,"gold_loss":0}],"is_beta":false,"boss_relics":[{"not_picked":["Fusion Hammer","Calling Bell"],"picked":"Empty Cage"}],"items_purged_floors":[2],"is_endless":true,"potions_floor_spawned":[4,5,10,16],"killed_by":"2 Thieves","ascension_level":20}}