{"host":"b4oqa93y40rb9616","time":1613077792,"event":{"mods":["BaseMod","Colored Map","Custom Start","DeckTracker","Keyboard Shortcuts","Minty Spire (QoL Compilation)","Permanent Neow","Quick Restart","StSLib","SuperFastMode","everything is the same but u backflip on backflip"],"gold_per_floor":[114,130,130,144,69,69,144,162,237,248,48,61,61,74,74,145,145,164,164,79,90,108,8,8,33,33,49,49,49,49,78,78,152,152,166,177,177,189,64,92,92,123,177,203,203,53,81,98,98,98,98,98,13,43,43],"floor_reached":56,"language":"KOR","playtime":2137,"items_purged":["Strike_R","Strike_R","Perfected Strike+1","Bash"],"score":2548,"play_id":"b5ecfe24-eef3-43bb-87a6-72d4b602917c","local_time":"20210212060952","is_ascension_mode":true,"campfire_choices":[{"data":"Perfected Strike","floor":6.0,"key":"SMITH"},{"data":"Apotheosis","floor":13.0,"key":"SMITH"},{"data":"Body Slam","floor":15.0,"key":"SMITH"},{"floor":24,"key":"REST"},{"data":"Dark Embrace","floor":29,"key":"SMITH"},{"data":"Seeing Red","floor":32,"key":"SMITH"},{"data":"Ghostly","floor":41,"key":"SMITH"},{"floor":49,"key":"RECALL"},{"data":"Purity","floor":52,"key":"SMITH"}],"circlet_count":0,"master_deck":["AscendersBane","Strike_R","Strike_R","Defend_R","Defend_R","Defend_R","Defend_R","Power Through","Bloodletting","Body Slam+1","Shrug It Off","True Grit","Second Wind","Apotheosis+1","Sentinel+1","Shockwave","Brutality","Disarm","Burning Pact","Seeing Red+1","Dark Embrace+1","Ghostly+1","Ghostly","Ghostly+1","Body Slam","Exhume","Ghostly+1","Offering","Purity+1"],"relics":["Burning Blood","Calipers","Empty Cage","Akabeko","Juzu Bracelet","Turnip","War Paint","Runic Pyramid","Potion Belt","Omamori","Regal Pillow","White Beast Statue","Anchor","Gremlin Horn"],"acts_visited":["Exordium","TheCity","TheBeyond","TheEnding"],"potions_floor_usage":[21,25,42,55,55],"damage_taken":[{"damage":26.0,"enemies":"Jaw Worm","floor":1.0,"turns":6.0},{"damage":1.0,"enemies":"Cultist","floor":2.0,"turns":5.0},{"damage":10.0,"enemies":"Small Slimes","floor":4.0,"turns":4.0},{"damage":3.0,"enemies":"2 Fungi Beasts","floor":8.0,"turns":5.0},{"damage":10.0,"enemies":"Looter","floor":10.0,"turns":3.0},{"damage":3.0,"enemies":"3 Louse","floor":12.0,"turns":3.0},{"damage":0.0,"enemies":"Blue Slaver","floor":14.0,"turns":5.0},{"damage":27.0,"enemies":"The Guardian","floor":16.0,"turns":18.0},{"damage":14.0,"enemies":"Shell Parasite","floor":18.0,"turns":7.0},{"damage":19,"enemies":"Chosen","floor":21,"turns":8},{"damage":25,"enemies":"Shelled Parasite and Fungi","floor":22,"turns":6},{"damage":24,"enemies":"Gremlin Leader","floor":25,"turns":6},{"damage":0,"enemies":"Snecko","floor":27,"turns":7},{"damage":15,"enemies":"Book of Stabbing","floor":31,"turns":9},{"damage":15,"enemies":"Champ","floor":33,"turns":7},{"damage":18,"enemies":"3 Shapes","floor":35,"turns":7},{"damage":12,"enemies":"3 Darklings","floor":36,"turns":6},{"damage":0,"enemies":"Spire Growth","floor":38,"turns":5},{"damage":0,"enemies":"Giant Head","floor":40,"turns":6},{"damage":6,"enemies":"Nemesis","floor":42,"turns":7},{"damage":0,"enemies":"Reptomancer","floor":44,"turns":6},{"damage":3,"enemies":"Giant Head","floor":47,"turns":5},{"damage":1,"enemies":"Jaw Worm Horde","floor":48,"turns":4},{"damage":5,"enemies":"Time Eater","floor":50,"turns":8},{"damage":9,"enemies":"Shield and Spear","floor":54,"turns":7},{"damage":6,"enemies":"The Heart","floor":55,"turns":4}],"seed_played":"371688096132829752","potions_obtained":[{"floor":2.0,"key":"Energy Potion"},{"floor":8.0,"key":"SpeedPotion"},{"floor":14.0,"key":"FearPotion"},{"floor":16.0,"key":"SteroidPotion"},{"floor":22,"key":"GamblersBrew"},{"floor":31,"key":"BlessingOfTheForge"},{"floor":38,"key":"SpeedPotion"},{"floor":40,"key":"EssenceOfSteel"},{"floor":44,"key":"Block Potion"},{"floor":47,"key":"Fire Potion"},{"floor":54,"key":"LiquidBronze"}],"is_trial":false,"path_per_floor":["M","M","?","M","$","R","?","M","T","M","$","M","R","M","R","B",null,"M","?","?","M","M","$","R","E","T","M","?","R","$","E","R","B",null,"M","M","?","M","$","E","R","E","T","E","?","$","E","M","R","B",null,"R","$","E","B",null],"character_chosen":"IRONCLAD","items_purchased":["Apotheosis","DistilledChaos"],"campfire_rested":1,"item_purchase_floors":[11,53],"current_hp_per_floor":[48,53,53,49,49,49,38,41,41,37,37,40,40,46,46,25,63,55,55,55,42,23,23,45,27,27,33,33,33,33,24,24,15,32,20,14,14,20,20,26,26,26,26,32,22,22,25,30,30,31,36,36,36,33,33],"gold":43,"neow_bonus":"ONE_RARE_RELIC","is_daily":false,"chose_seed":false,"campfire_upgraded":7,"win_rate":0.0,"timestamp":1613077792,"path_taken":["M","M","?","?","$","R","?","M","T","M","$","M","R","M","R","BOSS","M","?","?","M","M","$","R","E","T","M","?","R","?","E","R","BOSS","M","M","?","M","?","E","R","E","T","E","?","$","E","M","R","BOSS","R","$","E","BOSS"],"items_purchased_type":["Card","Potion"],"build_version":"2020-12-22","purchased_purges":4,"victory":true,"max_hp_per_floor":[75,75,75,75,75,75,75,75,75,75,75,75,75,75,75,75,75,75,75,75,75,75,75,75,75,75,75,37,37,37,37,37,37,37,37,37,37,37,37,37,37,37,37,37,37,37,37,37,37,37,37,37,37,37,37],"card_choices":[{"not_picked":["Shrug It Off","Clash"],"picked":"Power Through","floor":1.0},{"not_picked":["Headbutt","Havoc"],"picked":"Perfected Strike","floor":2.0},{"not_picked":["Flame Barrier","Wild Strike"],"picked":"Shrug It Off","floor":4.0},{"not_picked":["Combust","Havoc"],"picked":"True Grit","floor":8.0},{"not_picked":["Dark Embrace","Sword Boomerang"],"picked":"Second Wind","floor":10.0},{"not_picked":["Sword Boomerang","Clothesline"],"picked":"Sentinel","floor":12.0},{"not_picked":["Twin Strike","Infernal Blade"],"picked":"Shockwave","floor":14.0},{"not_picked":["Limit Break","Demon Form"],"picked":"Brutality","floor":16.0},{"not_picked":["Dropkick","Armaments"],"picked":"Disarm","floor":18.0},{"not_picked":["Perfected Strike","Sword Boomerang"],"picked":"Burning Pact","floor":21},{"not_picked":["Clash","Perfected Strike","Pommel Strike+1"],"picked":"SKIP","floor":22},{"not_picked":["Cleave","Warcry"],"picked":"Seeing Red","floor":25},{"not_picked":["Thunderclap+1","Double Tap"],"picked":"Dark Embrace","floor":27},{"not_picked":["Heavy Blade","Cleave"],"picked":"Body Slam","floor":31},{"not_picked":["Corruption","Demon Form"],"picked":"Exhume","floor":33},{"not_picked":["Carnage","Clothesline+1","Bloodletting"],"picked":"SKIP","floor":35},{"not_picked":["Cleave+1","Uppercut","Armaments"],"picked":"SKIP","floor":36},{"not_picked":["Iron Wave","Shockwave","Twin Strike+1"],"picked":"SKIP","floor":38},{"not_picked":["Heavy Blade","Twin Strike","Blood for Blood"],"picked":"SKIP","floor":40},{"not_picked":["Havoc","Sever Soul","Uppercut"],"picked":"SKIP","floor":42},{"not_picked":["Shockwave","Metallicize"],"picked":"Offering","floor":44},{"not_picked":["Blind","Trip"],"picked":"Purity","floor":45},{"not_picked":["Perfected Strike","Spot Weakness+1","Twin Strike"],"picked":"SKIP","floor":47},{"not_picked":["Second Wind","Rampage","Armaments"],"picked":"SKIP","floor":48},{"not_picked":["Infernal Blade","Bloodletting+1","Body Slam+1"],"picked":"SKIP","floor":54}],"player_experience":432454,"relics_obtained":[{"floor":25,"key":"Juzu Bracelet"},{"floor":26,"key":"Turnip"},{"floor":31,"key":"War Paint"},{"floor":40,"key":"Potion Belt"},{"floor":42,"key":"Omamori"},{"floor":43,"key":"Regal Pillow"},{"floor":44,"key":"White Beast Statue"},{"floor":47,"key":"Anchor"},{"floor":54,"key":"Gremlin Horn"}],"event_choices":[{"damage_healed":0.0,"max_hp_gain":0.0,"max_hp_loss":0.0,"gold_gain":0.0,"event_name":"Match and Keep!","player_choice":"2 cards matched","floor":3.0,"gold_loss":0.0,"damage_taken":0.0,"cards_obtained":["Bloodletting","Body Slam"]},{"damage_healed":0.0,"max_hp_gain":0.0,"max_hp_loss":0.0,"gold_gain":75.0,"event_name":"World of Goop","player_choice":"Gather Gold","floor":7.0,"gold_loss":0.0,"damage_taken":11.0},{"damage_healed":0.0,"max_hp_gain":0.0,"max_hp_loss":0.0,"gold_gain":0.0,"event_name":"Cursed Tome","player_choice":"Ignored","floor":19.0,"gold_loss":0.0,"damage_taken":0.0},{"damage_healed":0.0,"max_hp_gain":0.0,"max_hp_loss":0.0,"gold_gain":0.0,"event_name":"Addict","player_choice":"Obtained Relic","floor":20.0,"gold_loss":85.0,"damage_taken":0.0,"relics_obtained":["Akabeko"]},{"damage_healed":0,"gold_gain":0,"player_choice":"Became a Ghost","damage_taken":0,"max_hp_gain":0,"max_hp_loss":38,"event_name":"Ghosts","floor":28,"gold_loss":0,"cards_obtained":["Ghostly","Ghostly","Ghostly"]},{"damage_healed":0,"gold_gain":0,"player_choice":"Copied","damage_taken":0,"max_hp_gain":0,"max_hp_loss":0,"event_name":"Duplicator","floor":37,"gold_loss":0,"cards_obtained":["Ghostly"]},{"damage_healed":0,"gold_gain":0,"player_choice":"Memory 3","damage_taken":10,"max_hp_gain":0,"max_hp_loss":0,"event_name":"SensoryStone","floor":45,"gold_loss":0}],"is_beta":false,"boss_relics":[{"not_picked":["Ectoplasm","Astrolabe"],"picked":"Empty Cage"},{"not_picked":["Calling Bell","Snecko Eye"],"picked":"Runic Pyramid"}],"items_purged_floors":[5,23,39,46],"is_endless":false,"potions_floor_spawned":[2,8,14,16,22,31,38,40,44,47,48,54],"ascension_level":18}}