{"host":"vm8b3ptwl81uq21f","time":1613069386,"event":{"mods":["Act Like it!","Aspiration","BaseMod","BetterRewards","Colored Map","Colored Powertips","Conspire","Gensokyo","GifTheSpireLib","Googly Eyes","GungeonMod","Halation","Hubris","Infinite Spire","Minty Spire (QoL Compilation)","Quick Restart","Rare Cards Sparkle","Reliquary","Replay The Spire","Shop Mod","Spicy Shops","Spire Arcade","StSLib","Stuff the Spire","The IronCluck","The Jungle","[IsaacMod]????"],"gold_per_floor":[110,126,144,154,154,180,197,197,197,88,101,121,121,26,26,97,97,115,126,165,177,193,224,224,224,224,224,224,252,252,283,283,357,357,372,4,4,16,36,36,66,78,78,78,110,125,125,135,135,135],"floor_reached":51,"language":"ENG","playtime":2944,"items_purged":["Overencumbered","Defend_G","Strike_G"],"score":1525,"play_id":"0487695a-9a0d-49cc-a42f-7e1252a5075d","local_time":"20210211134946","is_ascension_mode":true,"campfire_choices":[{"data":"Pot Of Greed","floor":8,"key":"SMITH"},{"data":"Pot Of Greed","floor":13,"key":"SMITH"},{"data":"Prepared","floor":15,"key":"SMITH"},{"data":"Pot Of Greed","floor":27,"key":"SMITH"},{"data":"StuffTheSpire:Fury","floor":27,"key":"SMITH"},{"data":"Accuracy","floor":30,"key":"SMITH"},{"data":"Prepared","floor":30,"key":"SMITH"},{"data":"Hidden Blade","floor":32,"key":"SMITH"},{"data":"Hidden Blade","floor":32,"key":"SMITH"},{"data":"Envenom","floor":40,"key":"SMITH"},{"data":"Calculated Gamble","floor":40,"key":"SMITH"},{"data":"Storm of Steel","floor":47,"key":"SMITH"},{"data":"ReplayTheSpireMod:The Works","floor":47,"key":"SMITH"},{"data":"Acrobatics","floor":49,"key":"SMITH"},{"data":"Acrobatics","floor":49,"key":"SMITH"}],"circlet_count":0,"master_deck":["AscendersBane","Strike_G","Strike_G","Strike_G","Strike_G","Defend_G","Defend_G","Defend_G","Defend_G","Survivor","Neutralize","ReplayTheSpireMod:The Works+1","ReplayTheSpireMod:The Works+1","Backflip","Backflip","Cloak And Dagger","Doppelganger","StuffTheSpire:Fury+1","Pot Of Greed+1","Pot Of Greed+1","StuffTheSpire:Incantation","Backflip","Blade Dance","Pot Of Greed+1","Prepared+1","Prepared+1","Fluid Movement+1","StuffTheSpire:DoubleShiv","Blade Dance","Accuracy+1","Bullet Time","conspire:DoublingDagger+1","Hidden Blade+1","Prepared+1","Pot Of Greed+1","Underhanded Strike","Hidden Blade+1","Storm of Steel+1","Calculated Gamble+1","Acrobatics+1","Envenom+1","Replay:Fractal Strike","Acrobatics+1","Concentrate"],"relics":["Ring of the Snake","HushsDoor","infinitespire:CheckeredPen","MerchantsRug","Grinning Jar","ReplayTheSpireMod:CursedCoin","reliquary:Stiletto","reliquary:TuningFork","DemoMod:WaxWing","GuppysHairball","BelialBook","DemoMod:GlassGuonStoneRelic","aspiration:AnachronicSnailShell","Replay:Arrowhead","conspire:TopHat","Art of War","conspire:RunicOctahedron","GuppysHairball","Shuriken","conspire:TreasureMap","Blue Doll","Ornamental Fan","TheBean"],"acts_visited":["Exordium","Gensokyo:Gensokyo","TheBeyond"],"potions_floor_usage":[12,23],"damage_taken":[{"damage":1,"enemies":"Gensokyo:2_Kodama","floor":1,"turns":3},{"damage":0,"enemies":"Gensokyo:3_Fairies","floor":2,"turns":4},{"damage":2,"enemies":"Gensokyo:Python","floor":3,"turns":3},{"damage":1,"enemies":"Gensokyo:2_Rabbits","floor":4,"turns":5},{"damage":0,"enemies":"Gensokyo:Mamizou","floor":6,"turns":3},{"damage":0,"enemies":"Gensokyo:CorruptedTreant","floor":7,"turns":2},{"damage":1,"enemies":"Gensokyo:Kitsune","floor":11,"turns":4},{"damage":0,"enemies":"Gensokyo:3_Kodama","floor":12,"turns":5},{"damage":0,"enemies":"Gensokyo:Reimu","floor":16,"turns":6},{"damage":0,"enemies":"Gensokyo:2_Gloops","floor":18,"turns":2},{"damage":0,"enemies":"Gensokyo:3_Dogs","floor":19,"turns":4},{"damage":6,"enemies":"conspire:MimicChest","floor":20,"turns":4},{"damage":0,"enemies":"Gensokyo:Slime_Group","floor":21,"turns":4},{"damage":0,"enemies":"Gensokyo:Wraith","floor":22,"turns":4},{"damage":0,"enemies":"Gensokyo:Reisen","floor":23,"turns":4},{"damage":0,"enemies":"Gensokyo:Tenshi","floor":29,"turns":1},{"damage":0,"enemies":"Gensokyo:Koishi","floor":31,"turns":3},{"damage":0,"enemies":"Gensokyo:Eternal_Rivals","floor":33,"turns":3},{"damage":0,"enemies":"3 Darklings","floor":35,"turns":1},{"damage":0,"enemies":"Orb Walker","floor":38,"turns":1},{"damage":0,"enemies":"Writhing Mass","floor":39,"turns":1},{"damage":0,"enemies":"Nightmare","floor":41,"turns":1},{"damage":0,"enemies":"Spire Growth","floor":42,"turns":1},{"damage":0,"enemies":"Giant Head","floor":45,"turns":1},{"damage":0,"enemies":"Sphere and 2 Shapes","floor":46,"turns":2},{"damage":1,"enemies":"4 Shapes","floor":48,"turns":2},{"damage":0,"enemies":"Replay:Hell Engine","floor":50,"turns":1}],"seed_played":"-5492139556763753480","potions_obtained":[{"floor":4,"key":"LifebloodPotion"},{"floor":6,"key":"Languid Potion"},{"floor":16,"key":"Fire Potion"},{"floor":35,"key":"LifebloodPotion"},{"floor":42,"key":"DemoMod:LeadSkinPotion"}],"is_trial":false,"path_per_floor":["M","M","M","M","?","E","M","R","T","COS","M","M","R","$","R","B",null,"M","M","?","M","M","E","?","AVR","T","R","?","E","R","E","R","B",null,"M","$","?","M","M","R","NM","M","T","?","E","M","R","M","R","B",null],"character_chosen":"THE_SILENT","items_purchased":["halation:NonexistentMirror","Orrery","infinitespire:CheckeredPen","MerchantsRug","Grinning Jar","ReplayTheSpireMod:CursedCoin","reliquary:Buckler","Accuracy","reliquary:TuningFork","GuppysHairball","Calculated Gamble","Diplopia","Shuriken","conspire:TreasureMap"],"campfire_rested":0,"item_purchase_floors":[0,0,0,0,0,0,0,14,14,17,34,36,36,36],"current_hp_per_floor":[27,27,25,24,24,24,24,24,24,24,23,23,23,23,23,23,44,44,44,38,38,38,38,38,38,38,38,38,38,38,38,38,38,41,41,41,41,41,41,41,41,41,41,41,41,41,41,40,40,40],"gold":135,"neow_bonus":"","is_daily":false,"chose_seed":false,"campfire_upgraded":15,"win_rate":0.0,"timestamp":1613069386,"path_taken":["M","M","M","M","?","E","M","R","T","COS","M","?","R","$","R","BOSS","M","M","?","M","?","E","?","AVR","T","R","?","E","R","E","R","BOSS","M","$","?","M","M","R","NM","M","T","?","E","M","R","M","R","BOSS"],"items_purchased_type":["Relic","Relic","Relic","Relic","Relic","Relic","Relic","Card","Relic","Relic","Card","Relic","Relic","Relic"],"build_version":"2020-12-22","purchased_purges":3,"victory":true,"max_hp_per_floor":[66,66,66,66,66,66,66,66,66,66,66,66,66,66,66,66,51,51,51,51,51,51,51,51,51,51,51,45,45,45,45,45,45,42,42,42,42,42,42,42,42,42,42,42,42,42,42,42,42,42],"card_choices":[{"not_picked":["Hidden Blade","Fluid Movement"],"picked":"ReplayTheSpireMod:The Works","floor":0},{"not_picked":["Sucker Punch","conspire:PoisonWeapons"],"picked":"Backflip","floor":0},{"not_picked":["Dagger Spray","Riddle With Holes"],"picked":"Cloak And Dagger","floor":0},{"not_picked":["Bane","Leg Sweep"],"picked":"Doppelganger","floor":0},{"not_picked":["StuffTheSpire:ClusterCrunch","PiercingWail"],"picked":"StuffTheSpire:Fury","floor":0},{"not_picked":["Dagger Spray","Dash","Heel Hook"],"picked":"SKIP","floor":1},{"not_picked":["Atom Bomb","Underhanded Strike"],"picked":"StuffTheSpire:Incantation","floor":2},{"not_picked":["Flying Knee","Bane"],"picked":"Backflip","floor":3},{"not_picked":["Caltrops","StuffTheSpire:MirrorStance"],"picked":"Blade Dance","floor":4},{"not_picked":["Corpse Explosion","Fluid Movement"],"picked":"Prepared","floor":6},{"not_picked":["Underhanded Strike","StuffTheSpire:ClusterCrunch"],"picked":"Prepared","floor":7},{"not_picked":["StuffTheSpire:ClusterCrunch+1","Dash+1"],"picked":"Fluid Movement+1","floor":11},{"not_picked":["Catalyst","Poisoned Stab"],"picked":"StuffTheSpire:DoubleShiv","floor":11},{"not_picked":["Footwork","StuffTheSpire:Repulse"],"picked":"Blade Dance","floor":12},{"not_picked":["Atom Bomb","Malaise"],"picked":"Bullet Time","floor":16},{"not_picked":["hubris:TrickCloak","Bouncing Flask"],"picked":"conspire:DoublingDagger+1","floor":18},{"not_picked":["Quick Slash","Crippling Poison"],"picked":"Hidden Blade","floor":19},{"not_picked":["Leg Sweep","Deflect"],"picked":"Prepared","floor":21},{"not_picked":["Deflect","Slice","Hidden Blade"],"picked":"SKIP","floor":22},{"not_picked":["Corpse Explosion","Outmaneuver"],"picked":"Underhanded Strike","floor":23},{"not_picked":["Corpse Explosion","Caltrops","hubris:SlightOfHand"],"picked":"SKIP","floor":29},{"not_picked":["StuffTheSpire:Incursion","Eviscerate"],"picked":"Hidden Blade","floor":31},{"not_picked":["A Thousand Cuts","Replay:Bag of Tricks"],"picked":"Storm of Steel","floor":33},{"not_picked":["Slice","Choke"],"picked":"Acrobatics","floor":35},{"not_picked":["Dash","Flying Knee","Slice+1"],"picked":"SKIP","floor":38},{"not_picked":["Outmaneuver","Dash+1"],"picked":"Envenom","floor":39},{"not_picked":["infinitespire:Menacing","infinitespire:Execution"],"picked":"Replay:Fractal Strike","floor":41},{"not_picked":["Die Die Die","StuffTheSpire:Injection","Quick Slash+1"],"picked":"SKIP","floor":41},{"not_picked":["Leg Sweep","StuffTheSpire:Python+1","Choke"],"picked":"SKIP","floor":42},{"not_picked":["Dagger Throw","Flying Knee"],"picked":"Acrobatics","floor":45},{"not_picked":["Riddle With Holes","Dagger Throw","Deadly Poison"],"picked":"SKIP","floor":46},{"not_picked":["Dagger Throw","Underhanded Strike"],"picked":"Concentrate","floor":48}],"player_experience":402724,"relics_obtained":[{"floor":6,"key":"reliquary:Stiletto"},{"floor":9,"key":"Replay:Rubber Ducky"},{"floor":20,"key":"BelialBook"},{"floor":23,"key":"aspiration:AnachronicSnailShell"},{"floor":26,"key":"hubris:ToyBattleship"},{"floor":29,"key":"conspire:TopHat"},{"floor":31,"key":"Art of War"},{"floor":41,"key":"Blue Doll"},{"floor":43,"key":"Ornamental Fan"},{"floor":45,"key":"TheBean"}],"event_choices":[{"damage_healed":0,"gold_gain":0,"player_choice":"Ignored","damage_taken":0,"max_hp_gain":0,"max_hp_loss":0,"event_name":"Falling","floor":44,"gold_loss":0}],"is_beta":false,"boss_relics":[{"not_picked":["conspire:SlowCooker","Runic Pyramid"],"picked":"DemoMod:WaxWing"},{"not_picked":[]},{"not_picked":["hubris:CrackedHourglass","halation:PinkAlligatorPlush"],"picked":"conspire:RunicOctahedron"},{"not_picked":[]}],"items_purged_floors":[0,17,25],"is_endless":false,"potions_floor_spawned":[4,6,7,11,16,19,20,21,35,42,46,48],"ascension_level":15}}