{"host":"hfxahm4y1ssattqc","time":1613008922,"event":{"mods":["2.2 Compatiblity","Act Like it!","Aspiration","BaseMod","Beaked The Cultist","Better Third Choice","Colored Map","Colored Powertips","Custom Start","Downfall","Googly Eyes","Halation","Hallownest","Hermit","Highlight Path","Infinite Spire","Mimic Mod","Minty Spire (QoL Compilation)","Reorder Act Four","Replay The Spire","Shop Mod","Spikes Relics","StSLib","The Bug Knight","The IronCluck","The Jungle","slay the spire mod where everything is the same but ironclad has a cowboy hat"],"gold_per_floor":[99,112,123,137,157,170,203,267,267,302,357,507,507,507,590,705,705,705],"floor_reached":16,"language":"ENG","playtime":915,"items_purged":[],"score":96,"play_id":"ddbdd5e5-9b79-4425-b225-5917f4c625a9","local_time":"20210210180202","is_ascension_mode":false,"campfire_choices":[{"floor":1.0,"key":"DIG"},{"floor":13.0,"key":"REST"}],"circlet_count":1,"master_deck":["beaked:AwakenedForm+1","bronze:Strike","bronze:Strike","bronze:Strike","bronze:Strike","bronze:Defend","bronze:Defend","bronze:Defend","bronze:Defend","bronze:Replicate","bronze:Goto","bronze:Branch","bronze:Return","bronze:Turbo","bronze:ChildClass","downfall:Icky"],"relics":["bronze:BronzeCore","infinitespire:BottledMercury","Replay:Bandana","Circlet","Ice Cream"],"acts_visited":["Exordium"],"potions_floor_usage":[16],"damage_taken":[{"damage":3.0,"enemies":"2 Louse","floor":2.0,"turns":3.0},{"damage":0.0,"enemies":"Jaw Worm","floor":3.0,"turns":4.0},{"damage":0.0,"enemies":"Small Slimes","floor":4.0,"turns":3.0},{"damage":6.0,"enemies":"Exordium Thugs","floor":5.0,"turns":6.0},{"damage":2.0,"enemies":"2 Fungi Beasts","floor":6.0,"turns":4.0},{"damage":0.0,"enemies":"Blue Slaver","floor":7.0,"turns":8.0},{"damage":4.0,"enemies":"Blue Slaver","floor":8.0,"turns":5.0},{"damage":14.0,"enemies":"3 Louse","floor":11.0,"turns":3.0},{"damage":23.0,"enemies":"Lots of Slimes","floor":15.0,"turns":5.0},{"damage":32,"enemies":"DF_ARCHETYPE_STREAMLINE","floor":16,"turns":9}],"seed_played":"-1534841644775764060","potions_obtained":[{"floor":6.0,"key":"hexamod:SoulburnPotion"},{"floor":11.0,"key":"Dexterity Potion"},{"floor":15.0,"key":"SpeedPotion"}],"is_trial":false,"path_per_floor":["R_BF","M","M","M","M","M","MIM","M","?","?","M","?","R","?","M","B"],"character_chosen":"THE_AUTOMATON","items_purchased":[],"campfire_rested":1,"item_purchase_floors":[],"current_hp_per_floor":[77,74,74,74,68,66,66,62,62,43,29,29,52,52,29,0,0,0],"gold":705,"neow_bonus":"TEN_PERCENT_HP_BONUS","is_daily":false,"chose_seed":false,"campfire_upgraded":0,"win_rate":0.0,"timestamp":1613008922,"path_taken":["R_BF","M","M","M","M","M","MIM","M","?","?","?","?","R","?","M","BOSS"],"items_purchased_type":[],"build_version":"2020-12-22","purchased_purges":0,"victory":false,"max_hp_per_floor":[77,77,77,77,77,77,77,77,77,77,77,77,77,77,77,77,77,77],"card_choices":[{"not_picked":["bronze:CloningBeam","bronze:Safeguard"],"picked":"bronze:Branch","floor":2.0},{"not_picked":["bronze:Overheat","bronze:OilSpill","bronze:DelayedGuard"],"picked":"SKIP","floor":3.0},{"not_picked":["bronze:Format","bronze:Return","bronze:CutThrough"],"picked":"SKIP","floor":4.0},{"not_picked":["bronze:Format","bronze:CutThrough"],"picked":"bronze:Return","floor":4.0},{"not_picked":["bronze:Safeguard","bronze:BuggyMess","bronze:BugBarrage"],"picked":"SKIP","floor":5.0},{"not_picked":["bronze:BronzeOrb","bronze:Branch","bronze:ForceShield"],"picked":"SKIP","floor":6.0},{"not_picked":["bronze:GetLatest","bronze:Deprecate"],"picked":"bronze:Turbo","floor":7.0},{"not_picked":["bronze:WildBeam","bronze:MaxOutput","bronze:FollowUp"],"picked":"SKIP","floor":8.0},{"not_picked":["bronze:DelayedSlice","bronze:Iterate"],"picked":"bronze:ChildClass","floor":10.0},{"not_picked":["bronze:BuggyMess","bronze:BronzeArmor","bronze:MaxOutput"],"picked":"SKIP","floor":11.0},{"not_picked":["bronze:Invalidate","bronze:Overheat","bronze:Iterate"],"picked":"SKIP","floor":15.0}],"player_experience":958153,"relics_obtained":[{"floor":1.0,"key":"infinitespire:BottledMercury"},{"floor":7.0,"key":"Replay:Bandana"},{"floor":10.0,"key":"Ice Cream"}],"event_choices":[],"is_beta":false,"boss_relics":[],"items_purged_floors":[],"is_endless":false,"potions_floor_spawned":[6,11,15],"killed_by":"DF_ARCHETYPE_STREAMLINE","ascension_level":0}}