{"host":"cb9xh4d0ss8ax8yb","time":1613053292,"event":{"mods":["100% Spire Juice","BaseMod","Good Game Mod","Jess\u0027s Bottle","Minty Spire (QoL Compilation)","StSLib","The Dragon Tamer","The Gatherer"],"gold_per_floor":[19,19,33,33,33,33,76,100,100,100,25,60,79,97,97,217,217,237,258,258,272,296,330,330,530,556,574,574,599,637,656,656,775,775,795,808,821,821,889,889,889,889,889],"floor_reached":41,"language":"KOR","playtime":2555,"items_purged":["Gatherer:Strike_Gatherer"],"score":619,"play_id":"b67126d9-af97-458d-a7a9-ad80f3e5196d","local_time":"20210211232132","is_ascension_mode":true,"metric_token":541,"campfire_choices":[{"data":"Gatherer:Photoscythe","floor":6,"key":"SMITH"},{"floor":10,"key":"REST"},{"floor":15,"key":"REST"},{"data":"Gatherer:BomberForm","floor":24,"key":"SMITH"},{"data":"Gatherer:FlowerShield+1","floor":32,"key":"SMITH"},{"data":"Gatherer:FlowerFalling+1","floor":40,"key":"SMITH"}],"circlet_count":0,"master_deck":["Gatherer:Strike_Gatherer","Gatherer:Strike_Gatherer","Gatherer:Defend_Gatherer","Gatherer:Defend_Gatherer","Gatherer:Defend_Gatherer","Gatherer:Defend_Gatherer","Gatherer:Centralize","Gatherer:FlowerWhip+1","Gatherer:Photoscythe+1","Gatherer:FlowerFalling+2","Gatherer:QuickSynthesis","Gatherer:BomberForm+1","Gatherer:Snatch","Gatherer:MindSearch","Gatherer:FlowerShield+2","Gatherer:ScrollOfWall","Gatherer:Snatch+1","Gatherer:Nutrients","Gatherer:ScrollOfPurity","Gatherer:Snatch","Gatherer:FlowerFalling","Gatherer:DrugPower","Gatherer:TreeGrowth+1","Gatherer:BlackTea","Gatherer:FlowerFalling","Gatherer:FragileHammer+1","Gatherer:AlchemyTrial","Madness","Madness","Gatherer:EnergyBasket+1"],"relics":["Gatherer:AlchemyBag","REME:ComplimentaryCards","Golden Idol","Gatherer:Leftovers","Singing Bowl","Torii","WingedGreaves","jessBottle:WaterBottleRelic","Letter Opener","Oddly Smooth Stone","Boot","Coffee Dripper","Ice Cream"],"acts_visited":["Exordium","TheCity","TheBeyond"],"potions_floor_usage":[7,14,16,16,19,22,23,29,30,30,30,33,33,33,33,33,41,41],"damage_taken":[{"damage":0,"enemies":"Small Slimes","floor":1,"turns":3},{"damage":2,"enemies":"2 Louse","floor":3,"turns":2},{"damage":16,"enemies":"Lagavulin","floor":7,"turns":8},{"damage":2,"enemies":"Jaw Worm","floor":8,"turns":2},{"damage":17,"enemies":"3 Sentries","floor":12,"turns":14},{"damage":1,"enemies":"3 Louse","floor":13,"turns":2},{"damage":0,"enemies":"Looter","floor":14,"turns":3},{"damage":0,"enemies":"Slime Boss","floor":16,"turns":5},{"damage":0,"enemies":"Spheric Guardian","floor":18,"turns":3},{"damage":2,"enemies":"Chosen","floor":19,"turns":3},{"damage":27,"enemies":"Shelled Parasite and Fungi","floor":21,"turns":3},{"damage":0,"enemies":"Snecko","floor":22,"turns":3},{"damage":26,"enemies":"Slavers","floor":23,"turns":4},{"damage":1,"enemies":"3 Cultists","floor":27,"turns":4},{"damage":1,"enemies":"Snake Plant","floor":29,"turns":3},{"damage":1,"enemies":"Book of Stabbing","floor":30,"turns":3},{"damage":1,"enemies":"Cultist and Chosen","floor":31,"turns":4},{"damage":21,"enemies":"Automaton","floor":33,"turns":5},{"damage":0,"enemies":"3 Shapes","floor":35,"turns":2},{"damage":11,"enemies":"3 Darklings","floor":36,"turns":3},{"damage":3,"enemies":"4 Shapes","floor":37,"turns":5},{"damage":31,"enemies":"2 Orb Walkers","floor":39,"turns":4},{"damage":42,"enemies":"Nemesis","floor":41,"turns":3}],"seed_played":"2437632812087379441","potions_obtained":[{"floor":3,"key":"Ancient Potion"},{"floor":13,"key":"Block Potion"},{"floor":14,"key":"EntropicBrew"},{"floor":19,"key":"BloodPotion"},{"floor":23,"key":"GamblersBrew"},{"floor":27,"key":"EssenceOfSteel"},{"floor":28,"key":"GhostInAJar"},{"floor":28,"key":"Block Potion"},{"floor":29,"key":"BloodPotion"},{"floor":30,"key":"EntropicBrew"},{"floor":31,"key":"FearPotion"},{"floor":36,"key":"Fire Potion"},{"floor":37,"key":"CultistPotion"}],"is_trial":false,"path_per_floor":["M","?","M","?","?","R","E","M","T","R","$","E","M","M","R","B",null,"M","M","?","M","M","E","R","?","T","M","?","M","E","M","R","B",null,"M","M","M","?","?","R","E"],"character_chosen":"THE_GATHERER","items_purchased":[],"campfire_rested":2,"item_purchase_floors":[],"current_hp_per_floor":[72,54,52,27,20,20,6,6,6,28,28,11,12,12,35,35,78,78,76,61,34,50,24,24,24,24,23,23,22,37,40,40,19,83,83,72,73,63,32,32,0,0,0],"gold":889,"neow_bonus":"REMOVE_TWO","is_daily":false,"chose_seed":false,"campfire_upgraded":4,"win_rate":0.0,"timestamp":1613053292,"path_taken":["M","?","M","?","?","R","E","?","T","R","$","E","M","M","R","BOSS","M","M","?","M","M","E","R","?","T","?","?","M","E","M","R","BOSS","M","M","?","?","?","R","E"],"items_purchased_type":[],"build_version":"2020-12-22","purchased_purges":1,"victory":false,"max_hp_per_floor":[72,72,72,72,72,72,74,76,76,76,76,76,78,78,78,78,78,78,78,83,83,83,83,83,83,83,83,83,83,83,83,83,83,83,83,83,83,83,83,83,83,83,83],"card_choices":[{"not_picked":["Gatherer:Solidify","Gatherer:MiningStrike"],"picked":"Gatherer:FlowerFalling","floor":1},{"not_picked":["Gatherer:FragileHammer","Gatherer:FlowerFalling"],"picked":"Gatherer:QuickSynthesis","floor":3},{"not_picked":["Gatherer:Frenzy","Gatherer:WitheringStrike","Gatherer:FlowerFalling"],"picked":"Singing Bowl","floor":7},{"not_picked":["Gatherer:RecipeChange","Gatherer:TreeGrowth","Gatherer:AromaProtection"],"picked":"Singing Bowl","floor":8},{"not_picked":["Gatherer:AlchemyTrial","Gatherer:WoolGloves"],"picked":"Gatherer:BomberForm","floor":12},{"not_picked":["Gatherer:AcidicSpray","Gatherer:CarefulStrike","Gatherer:WoolGloves"],"picked":"Singing Bowl","floor":13},{"not_picked":["Gatherer:FruitForce","Gatherer:GatherMaterial"],"picked":"Gatherer:Snatch","floor":14},{"not_picked":["Gatherer:ScrollOfPurity","Gatherer:CursedBlade"],"picked":"Gatherer:MindSearch","floor":16},{"not_picked":["Gatherer:Duplicator+1","Gatherer:DrugPower"],"picked":"Gatherer:FlowerShield","floor":18},{"not_picked":["Gatherer:SaveValuables","Gatherer:Frenzy"],"picked":"Gatherer:ScrollOfWall","floor":19},{"not_picked":["Gatherer:Duality","Gatherer:WoolGloves"],"picked":"Gatherer:Snatch+1","floor":21},{"not_picked":["Gatherer:PotentialSlash","Gatherer:Pollute"],"picked":"Gatherer:Nutrients","floor":22},{"not_picked":["Gatherer:Snatch","Gatherer:Frenzy"],"picked":"Gatherer:ScrollOfPurity","floor":23},{"not_picked":["Gatherer:Uplift","Gatherer:Convert+1"],"picked":"Gatherer:Snatch","floor":27},{"not_picked":["Gatherer:AromaProtection","Gatherer:PotentialSlash"],"picked":"Gatherer:FlowerFalling","floor":29},{"not_picked":["Gatherer:Polymorphism","Gatherer:FragileHammer"],"picked":"Gatherer:DrugPower","floor":30},{"not_picked":["Gatherer:WoolGloves","Gatherer:Herbalism"],"picked":"Gatherer:TreeGrowth+1","floor":31},{"not_picked":["Gatherer:GrowBook","Gatherer:MindSearch"],"picked":"Gatherer:BlackTea","floor":33},{"not_picked":["Gatherer:FeelingFine+1","Gatherer:Convert+1"],"picked":"Gatherer:FlowerFalling","floor":35},{"not_picked":["Gatherer:SmartManeuver","Gatherer:Frenzy+1"],"picked":"Gatherer:FragileHammer+1","floor":36},{"not_picked":["Gatherer:Frenzy","Gatherer:BalancedGrowth+1"],"picked":"Gatherer:AlchemyTrial","floor":37},{"not_picked":["Gatherer:RottenStipe","Gatherer:VenomBarrier+1"],"picked":"Gatherer:EnergyBasket+1","floor":39}],"player_experience":471356,"relics_obtained":[{"floor":7,"key":"Singing Bowl"},{"floor":9,"key":"Torii"},{"floor":12,"key":"WingedGreaves"},{"floor":23,"key":"Letter Opener"},{"floor":26,"key":"Oddly Smooth Stone"},{"floor":30,"key":"Boot"},{"floor":39,"key":"Ice Cream"}],"event_choices":[{"damage_healed":0,"gold_gain":0,"player_choice":"Take Damage","damage_taken":18,"relics_obtained":["Golden Idol"],"max_hp_gain":0,"max_hp_loss":0,"event_name":"Golden Idol","floor":2,"gold_loss":0},{"damage_healed":0,"gold_gain":0,"player_choice":"Success","damage_taken":25,"relics_obtained":["Gatherer:Leftovers"],"max_hp_gain":0,"max_hp_loss":0,"event_name":"Scrap Ooze","floor":4,"gold_loss":0},{"cards_removed":["Gatherer:Strike_Gatherer"],"damage_healed":0,"gold_gain":0,"player_choice":"Card Removal","damage_taken":7,"max_hp_gain":0,"max_hp_loss":0,"event_name":"Golden Wing","floor":5,"gold_loss":0},{"damage_healed":0,"gold_gain":0,"player_choice":"Shed Blood","damage_taken":20,"max_hp_gain":5,"max_hp_loss":0,"event_name":"Forgotten Altar","floor":20,"gold_loss":0},{"damage_healed":0,"gold_gain":250,"player_choice":"Bet on Owner","damage_taken":0,"max_hp_gain":0,"max_hp_loss":0,"event_name":"The Joust","floor":25,"gold_loss":50},{"damage_healed":0,"gold_gain":0,"player_choice":"Got Potions","damage_taken":0,"max_hp_gain":0,"max_hp_loss":0,"event_name":"Lab","floor":28,"gold_loss":0},{"damage_healed":0,"gold_gain":0,"player_choice":"Embrace Madness","damage_taken":10,"max_hp_gain":0,"max_hp_loss":0,"event_name":"Winding Halls","floor":38,"gold_loss":0,"cards_obtained":["Madness","Madness"]},{"damage_healed":0,"gold_gain":0,"player_choice":"Fight","damage_taken":0,"max_hp_gain":0,"max_hp_loss":0,"event_name":"Mysterious Sphere","floor":39,"gold_loss":0}],"is_beta":false,"boss_relics":[{"not_picked":["Runic Dome","SlaversCollar"],"picked":"jessBottle:WaterBottleRelic"},{"not_picked":["Astrolabe","Fusion Hammer"],"picked":"Coffee Dripper"}],"items_purged_floors":[11],"is_endless":false,"potions_floor_spawned":[3,13,14,19,23,27,29,30,31,36,37],"killed_by":"Nemesis","ascension_level":4}}