{"host":"23qk1co0p3p8qz56","time":1613005218,"event":{"mods":["100% Spire Juice","AchievementEnabler","Act Like it!","Arknights","BaseMod","Better Note","Better Third Choice","BetterRewards","CapriCore","Chen","Colored Map","Downfall","Duelist Mod","Friendly Minions","Gensokyo","Gold Saver","KinomotoSakuraMod(ñÿîVñ{?)","Koishi","LagranYue(ùfäiòNÅEåé)","Lobotomy","LobotomyExtend","Mari Mod (Legacy)","Mari\u0027s V1 Patch","MarisaÅiñ∂âJÅ@ñÇóùçπÅj","Minty Spire (QoL Compilation)","Prisma Mod","ReimuÅiîé??öÎÅj","RemiliaÅiÂQïƒ‰ª?Åj","StSLib","The Administrix","The Alterego","The Animator","The Gatherer","The Immortal","The Senshi","Waifu the Spire","WarShipGirlsR/??è≠èóR mod","Yakumo Yukari mod","Yohane!","Yuyuko"],"gold_per_floor":[672,683,701,661,687,687,687,704,730,730,747,670,686,493,493,598,598,618,645,845,861,785,785,785,799,822,832,792,792,792,792,792,792,792],"floor_reached":33,"language":"ENG","playtime":1934,"items_purged":[],"score":239,"play_id":"9258e413-50b5-4bc8-8d13-c39e19e319ae","local_time":"20210210180018","is_ascension_mode":false,"campfire_choices":[{"data":"animator:IrohaTamaki","floor":6,"key":"SMITH"},{"data":"animator:IrohaTamaki","floor":10,"key":"SMITH"},{"data":"animator:SuzuneAmano","floor":15,"key":"SMITH"},{"data":"animator:Kyubey","floor":23,"key":"SMITH"},{"data":"animator:SayakaMiki","floor":29,"key":"SMITH"},{"data":"animator:MamiTomoe","floor":32,"key":"SMITH"}],"circlet_count":0,"master_deck":["animator:Strike_MadokaMagica","animator:Defend_MadokaMagica","animator:Strike","animator:Strike","animator:Strike","animator:Defend","animator:Defend+1","animator:Defend","animator:IrohaTamaki+1","animator:YuiTsuruno","animator:IrohaTamaki+1","animator:MamiTomoe+1","animator:SuzuneAmano+1","animator:IrohaTamaki+1","animator:Kyubey+1","animator:OrikoMikuni+1","animator:YuiTsuruno","animator:SayakaMiki+1"],"relics":["animator:LivingPicture","animator:TheMissingPiece","animator:PurgingStone","LagranYue:RandomDrawCardRelic","LetterFromLob","PaintedHorse:ReiMu","animator:ShionDessert","Membership Card","DollysMirror","Anchor"],"acts_visited":["Exordium","TheCity"],"potions_floor_usage":[16,16,16,21,27,33],"damage_taken":[{"damage":3,"enemies":"2 Louse","floor":1,"turns":3},{"damage":3,"enemies":"Small Slimes","floor":2,"turns":4},{"damage":0,"enemies":"Jaw Worm","floor":3,"turns":4},{"damage":0,"enemies":"Looter","floor":5,"turns":4},{"damage":11,"enemies":"Large Slime","floor":8,"turns":7},{"damage":1,"enemies":"3 Louse","floor":11,"turns":3},{"damage":12,"enemies":"Lots of Slimes","floor":13,"turns":4},{"damage":12,"enemies":"Hexaghost","floor":16,"turns":8},{"damage":14,"enemies":"Shell Parasite","floor":18,"turns":5},{"damage":9,"enemies":"3 Byrds","floor":19,"turns":5},{"damage":12,"enemies":"Snecko","floor":21,"turns":5},{"damage":19,"enemies":"Centurion and Healer","floor":25,"turns":7},{"damage":12,"enemies":"Snake Plant","floor":27,"turns":3},{"damage":4,"enemies":"Automaton","floor":33,"turns":4}],"seed_played":"-5637480591251599018","potions_obtained":[{"floor":2,"key":"champ:CounterPotion"},{"floor":3,"key":"Fire Potion"},{"floor":13,"key":"ColorlessPotion"},{"floor":19,"key":"animator:GrowthPotion"},{"floor":21,"key":"Ancient Potion"},{"floor":25,"key":"LiquidMemories"}],"is_trial":false,"path_per_floor":["M","M","M","?","M","R","?","M","T","R","M","$","M","$","R","B",null,"M","M","?","M","$","R","M","M","T","M","?","R","?","?","R","B"],"character_chosen":"THE_ANIMATOR","items_purchased":["animator:SuzuneAmano","animator:IrohaTamaki","Membership Card","DollysMirror"],"campfire_rested":0,"item_purchase_floors":[12,14,14,22],"current_hp_per_floor":[63,60,60,60,60,60,60,49,49,49,48,48,36,36,36,24,66,53,44,44,32,32,32,32,13,13,2,2,2,2,2,2,0,0],"gold":792,"neow_bonus":"THREE_CARDS","is_daily":false,"chose_seed":false,"campfire_upgraded":6,"win_rate":0.0,"timestamp":1613005218,"path_taken":["M","M","M","?","M","R","?","M","T","R","M","$","M","?","R","BOSS","M","M","?","M","$","R","M","M","T","M","?","R","?","?","R","BOSS"],"items_purchased_type":["Card","Card","Relic","Relic"],"build_version":"2020-12-22","purchased_purges":0,"victory":false,"max_hp_per_floor":[66,66,66,66,66,66,66,66,66,66,66,66,66,66,66,66,66,67,67,67,67,67,67,67,67,67,68,68,68,68,68,68,68,68],"card_choices":[{"not_picked":["animator:Entoma","animator:Gillette","animator:FielNirvalen"],"picked":"SKIP","floor":1},{"not_picked":["animator:Tet","animator:HiiragiShinya","animator:ChlammyZell"],"picked":"SKIP","floor":2},{"not_picked":["animator:Gluttony","animator:Hakurou"],"picked":"animator:IrohaTamaki","floor":3},{"not_picked":["animator:KyokoSakura","animator:YuiTsuruno"],"picked":"animator:MamiTomoe","floor":5},{"not_picked":["animator:IzunaHatsuse","animator:Shuna","animator:DolaStephanie"],"picked":"SKIP","floor":8},{"not_picked":["animator:DolaCouronne","animator:Tet","animator:Aisha"],"picked":"SKIP","floor":11},{"not_picked":["animator:Entoma","animator:Yuuichirou","animator:Aisha"],"picked":"SKIP","floor":13},{"not_picked":["animator:SuzuneAmano","animator:KyokoSakura"],"picked":"animator:Kyubey","floor":18},{"not_picked":["animator:Kaijin","animator:Pride"],"picked":"animator:OrikoMikuni","floor":19},{"not_picked":["animator:Ara","animator:Gluttony","animator:Pride"],"picked":"SKIP","floor":21},{"not_picked":["animator:Layla","animator:Scar","animator:Aisha"],"picked":"SKIP","floor":25},{"not_picked":["animator:KyokoSakura","animator:IrohaTamaki"],"picked":"animator:SayakaMiki","floor":27}],"player_experience":143342,"relics_obtained":[{"floor":1,"key":"LetterFromLob"},{"floor":9,"key":"animator:ShionDessert"},{"floor":26,"key":"Anchor"}],"event_choices":[{"damage_healed":0,"gold_gain":0,"player_choice":"Donate","damage_taken":0,"relics_obtained":["PaintedHorse:ReiMu"],"max_hp_gain":0,"max_hp_loss":0,"event_name":"yidonshenshe","floor":4,"gold_loss":40},{"damage_healed":0,"gold_gain":0,"player_choice":"Ignored","damage_taken":0,"max_hp_gain":0,"max_hp_loss":0,"event_name":"Golden Idol","floor":7,"gold_loss":0},{"damage_healed":0,"gold_gain":250,"player_choice":"Bet on Owner","damage_taken":0,"max_hp_gain":0,"max_hp_loss":0,"event_name":"The Joust","floor":20,"gold_loss":50},{"damage_healed":0,"gold_gain":0,"player_choice":"Upgraded Two","damage_taken":0,"max_hp_gain":0,"max_hp_loss":0,"event_name":"Designer","floor":28,"gold_loss":40,"cards_upgraded":["animator:OrikoMikuni","animator:Defend"]},{"damage_healed":0,"gold_gain":0,"player_choice":"Ignored","damage_taken":0,"max_hp_gain":0,"max_hp_loss":0,"event_name":"betterNote:BetterNote","floor":30,"gold_loss":0,"cards_obtained":["animator:Wiz"]},{"damage_healed":0,"gold_gain":0,"player_choice":"Forge","damage_taken":0,"max_hp_gain":0,"max_hp_loss":0,"event_name":"Accursed Blacksmith","floor":31,"gold_loss":0,"cards_upgraded":["animator:IrohaTamaki"]}],"is_beta":false,"boss_relics":[{"not_picked":[]}],"items_purged_floors":[],"is_endless":false,"potions_floor_spawned":[2,3,13,19,21,25],"killed_by":"Automaton","ascension_level":0}}