{"host":"yg1n0qads92lo9wl","time":1613035541,"event":{"mods":["BaseMod","Downfall","Luminous","Minty Spire (QoL Compilation)","StSLib","Warlord Emblem"],"gold_per_floor":[99,115,131,144,157,172,172,204,219,8,24,57,57,57,71,173,173,173,183,25,25,44,44,95,95,129,140,140,140,140],"floor_reached":28,"language":"ZHS","playtime":3574,"items_purged":[],"score":305,"play_id":"ea02b9dd-3e13-46f6-b3a2-c6b1825f9d66","local_time":"20210211172541","is_ascension_mode":true,"campfire_choices":[{"data":"Guardian:CurlUp","floor":1,"key":"SMITH"},{"data":"Guardian:SentryBeam","floor":13,"key":"SMITH"},{"data":"Guardian:BronzeArmor","floor":18,"key":"SMITH"},{"data":"Guardian:VentSteam","floor":25,"key":"SMITH"}],"circlet_count":0,"master_deck":["Guardian:Strike_Guardian","Guardian:Strike_Guardian","Guardian:Strike_Guardian","Guardian:Strike_Guardian","Guardian:Defend_Guardian","Guardian:Defend_Guardian","Guardian:Defend_Guardian","Guardian:Defend_Guardian","Guardian:CurlUp+1","Guardian:TwinSlam","Guardian:VentSteam+1","Guardian:Incinerate","Guardian:PiercingHide","Guardian:EvasiveProtocol","Guardian:StasisEngine","Guardian:EvasiveProtocol","Guardian:BronzeArmor+1","Guardian:Planning","Guardian:SentryBeam+1","Regret","Guardian:ShieldCharger","Guardian:Recover","Guardian:EvasiveProtocol+1","Guardian:SpikerProtocol","Guardian:Gem_Lightblue"],"relics":["Guardian:ModeShifter","InkBottle","Darkstone Periapt","Guardian:DefensiveModeMoreBlock","Blood Vial","Sundial","Sozu","downfall:RedIOU","Toy Ornithopter","Omamori"],"acts_visited":["Exordium","TheCity"],"potions_floor_usage":[12,12,12,16,26],"damage_taken":[{"damage":1,"enemies":"Cultist","floor":2,"turns":4},{"damage":0,"enemies":"Small Slimes","floor":3,"turns":3},{"damage":0,"enemies":"2 Louse","floor":4,"turns":2},{"damage":11,"enemies":"Exordium Wildlife","floor":5,"turns":5},{"damage":0,"enemies":"Large Slime","floor":6,"turns":6},{"damage":16,"enemies":"Gremlin Nob","floor":8,"turns":5},{"damage":15,"enemies":"Exordium Wildlife","floor":9,"turns":7},{"damage":0,"enemies":"downfall:FleeingMerchant","floor":10,"turns":4},{"damage":7,"enemies":"2 Fungi Beasts","floor":11,"turns":4},{"damage":0,"enemies":"Lagavulin","floor":12,"turns":5},{"damage":8,"enemies":"Large Slime","floor":15,"turns":6},{"damage":14,"enemies":"IC_STATUS_ARCHETYPE","floor":16,"turns":7},{"damage":20,"enemies":"Shell Parasite","floor":19,"turns":8},{"damage":2,"enemies":"downfall:FleeingMerchant","floor":20,"turns":4},{"damage":2,"enemies":"Spheric Guardian","floor":22,"turns":5},{"damage":70,"enemies":"Gremlin Leader","floor":26,"turns":10},{"damage":2,"enemies":"Snecko","floor":27,"turns":6},{"damage":13,"enemies":"Cultist and Chosen","floor":28,"turns":8}],"seed_played":"-2650070447829387503","potions_obtained":[{"floor":3,"key":"bronze:BurnAndBuffPotion"},{"floor":4,"key":"bronze:BurnAndBuffPotion"},{"floor":11,"key":"AttackPotion"},{"floor":12,"key":"Fire Potion"},{"floor":15,"key":"Dexterity Potion"},{"floor":16,"key":"LiquidBronze"}],"is_trial":false,"path_per_floor":["R","M","M","M","M","M","T","E","M","$","M","E","R","?","M","B",null,"R","M","$","?","M","?","T","R","E","M","M"],"character_chosen":"GUARDIAN","items_purchased":["Guardian:DefensiveModeMoreBlock","Guardian:Planning","Bronze Scales"],"campfire_rested":0,"item_purchase_floors":[10,10,20],"current_hp_per_floor":[88,87,87,87,76,76,76,60,45,45,38,38,38,44,38,26,94,94,74,74,74,74,74,74,74,11,11,0,0,0],"gold":140,"neow_bonus":"TEN_PERCENT_HP_BONUS","is_daily":false,"chose_seed":false,"campfire_upgraded":4,"win_rate":0.0,"timestamp":1613035541,"path_taken":["R","M","M","?","?","M","T","E","?","$","M","E","R","?","M","BOSS","R","M","$","?","?","?","T","R","E","M","M"],"items_purchased_type":["Relic","Card","Relic"],"build_version":"2020-12-22","purchased_purges":0,"victory":false,"max_hp_per_floor":[88,88,88,88,88,88,88,88,88,88,88,88,88,94,94,94,94,94,94,94,94,94,94,94,94,94,94,94,94,94],"card_choices":[{"not_picked":["Guardian:ChargeCore","Guardian:Gem_Green"],"picked":"Guardian:VentSteam","floor":2},{"not_picked":["Guardian:VentSteam","Guardian:Suspension"],"picked":"Guardian:Incinerate","floor":3},{"not_picked":["Guardian:CrystalBeam","Guardian:TemporalShield"],"picked":"Guardian:PiercingHide","floor":4},{"not_picked":["Guardian:SentryBeam","Guardian:Gem_Crimson"],"picked":"Guardian:EvasiveProtocol","floor":5},{"not_picked":["Guardian:VentSteam","Guardian:Gem_Red"],"picked":"Guardian:StasisEngine","floor":6},{"not_picked":["Guardian:ChargeUp","Guardian:WalkerClaw"],"picked":"Guardian:EvasiveProtocol","floor":8},{"not_picked":["Guardian:Repulse","Guardian:BronzeOrb"],"picked":"Guardian:BronzeArmor","floor":9},{"not_picked":["Guardian:TemporalShield","Guardian:Clone","Guardian:TemporalStrike"],"picked":"SKIP","floor":10},{"not_picked":["Guardian:Reroute","Guardian:TemporalShield"],"picked":"Guardian:SentryBeam","floor":11},{"not_picked":["Guardian:FierceBash","Guardian:DonusPower"],"picked":"Guardian:Gem_Cyan","floor":12},{"not_picked":["Guardian:Gem_Red","Guardian:Gem_Cyan"],"picked":"Guardian:ShieldCharger","floor":15},{"not_picked":["Guardian:AncientConstruct","Guardian:GemFire"],"picked":"Guardian:Gem_Synthetic","floor":16},{"not_picked":["Guardian:WalkerClaw","Guardian:Suspension"],"picked":"Guardian:Recover","floor":19},{"not_picked":["Guardian:ChargeCore","Guardian:Gem_Lightblue"],"picked":"Guardian:EvasiveProtocol+1","floor":20},{"not_picked":["Guardian:Gem_Yellow","Guardian:ChargeCore"],"picked":"Guardian:Gem_Green","floor":22},{"not_picked":["Guardian:PrimingBeam","Guardian:ShieldCharger"],"picked":"Guardian:SpikerProtocol","floor":26},{"not_picked":["Guardian:PrismaticBarrier","Guardian:ArmoredProtocol"],"picked":"Guardian:Gem_Lightblue","floor":27}],"player_experience":463177,"relics_obtained":[{"floor":7,"key":"InkBottle"},{"floor":8,"key":"Darkstone Periapt"},{"floor":12,"key":"Blood Vial"},{"floor":24,"key":"Toy Ornithopter"},{"floor":26,"key":"Omamori"}],"event_choices":[{"damage_healed":0,"gold_gain":0,"player_choice":"Box","damage_taken":0,"relics_obtained":["Sundial"],"max_hp_gain":0,"max_hp_loss":0,"event_name":"Big Fish","floor":14,"gold_loss":0,"cards_obtained":["Regret"]}],"is_beta":false,"boss_relics":[{"not_picked":["SacredBark","Runic Dome"],"picked":"Sozu"}],"items_purged_floors":[],"is_endless":false,"potions_floor_spawned":[3,4,11,12,15,16,22,26],"killed_by":"Cultist and Chosen","ascension_level":2}}