{"host":"rtw1tnr74gozsrw1","time":1613021480,"event":{"mods":["BaseMod","Colored Map","Colored Powertips","Highlight Path","Infinite Spire","Minty Spire (QoL Compilation)","StSLib","The Jungle"],"gold_per_floor":[114,14,25,36,36,36,63,63,63,80,99,99,131,131,131,236,236,252,266,266,277,294,294,328,155,155,254,254,280,280,155,155,257,257,273,45,64,78,97,97,107,107,107,107,107,207,207,238,238,238,238,238,2,2,2],"floor_reached":54,"language":"ENG","playtime":1927,"items_purged":["Strike_B","Strike_B","Strike_B","Defend_B","Defend_B","Defend_B"],"score":826,"play_id":"18f79c1e-8879-4f33-b1c5-5518de66daab","local_time":"20210211063120","is_ascension_mode":true,"campfire_choices":[{"data":"Conserve Battery","floor":6,"key":"SMITH"},{"data":"Capacitor","floor":12,"key":"SMITH"},{"data":"infinitespire:Punishment","floor":15,"key":"SMITH"},{"data":"Conserve Battery","floor":23,"key":"SMITH"},{"data":"Glacier","floor":28,"key":"SMITH"},{"data":"Electrodynamics","floor":32,"key":"SMITH"},{"data":"Defragment","floor":40,"key":"SMITH"},{"data":"Echo Form","floor":44,"key":"SMITH"},{"data":"Electrodynamics","floor":47,"key":"SMITH"},{"floor":49,"key":"RECALL"},{"data":"Zap","floor":52,"key":"SMITH"}],"circlet_count":0,"master_deck":["Defend_B","Zap+1","Dualcast","Electrodynamics+1","Self Repair","Cold Snap","Conserve Battery+1","infinitespire:Punishment+1","Glacier+1","Conserve Battery+1","Capacitor+1","Electrodynamics+1","Streamline+1","Glacier+1","Echo Form+1","Seek","Conserve Battery+1","Defragment+1","Parasite","Normality","Self Repair+1","Capacitor"],"relics":["Cracked Core","infinitespire:Joker Card","MealTicket","Nuclear Battery","Mummified Hand","StoneCalendar","Ornamental Fan","Bronze Scales","Cursed Key","infinitespire:ShieldingShard","Strawberry","Vajra"],"acts_visited":["Exordium","TheCity","TheBeyond","TheEnding"],"potions_floor_usage":[13,19,38,39,50],"damage_taken":[{"damage":1,"enemies":"Cultist","floor":1,"turns":4},{"damage":2,"enemies":"2 Louse","floor":3,"turns":3},{"damage":0,"enemies":"Jaw Worm","floor":4,"turns":3},{"damage":11,"enemies":"3 Sentries","floor":7,"turns":6},{"damage":0,"enemies":"Exordium Wildlife","floor":10,"turns":4},{"damage":14,"enemies":"Lots of Slimes","floor":11,"turns":3},{"damage":3,"enemies":"Lagavulin","floor":13,"turns":5},{"damage":28,"enemies":"Slime Boss","floor":16,"turns":6},{"damage":5,"enemies":"Chosen","floor":18,"turns":5},{"damage":16,"enemies":"2 Thieves","floor":19,"turns":4},{"damage":0,"enemies":"3 Cultists","floor":21,"turns":2},{"damage":13,"enemies":"Centurion and Healer","floor":22,"turns":6},{"damage":11,"enemies":"Book of Stabbing","floor":24,"turns":5},{"damage":11,"enemies":"Gremlin Leader","floor":29,"turns":7},{"damage":10,"enemies":"Champ","floor":33,"turns":10},{"damage":0,"enemies":"Orb Walker","floor":35,"turns":3},{"damage":5,"enemies":"3 Darklings","floor":37,"turns":3},{"damage":6,"enemies":"Jaw Worm Horde","floor":38,"turns":4},{"damage":0,"enemies":"Writhing Mass","floor":39,"turns":5},{"damage":4,"enemies":"Maw","floor":41,"turns":6},{"damage":29,"enemies":"Giant Head","floor":48,"turns":8},{"damage":27,"enemies":"Time Eater","floor":50,"turns":15},{"damage":84,"enemies":"Shield and Spear","floor":54,"turns":3}],"seed_played":"-8900167530511083531","potions_obtained":[{"floor":4,"key":"FearPotion"},{"floor":11,"key":"LiquidMemories"},{"floor":13,"key":"ColorlessPotion"},{"floor":22,"key":"LiquidBronze"},{"floor":24,"key":"Weak Potion"},{"floor":38,"key":"SmokeBomb"},{"floor":39,"key":"Swift Potion"}],"is_trial":false,"path_per_floor":["M","$","M","M","?","R","E","?","T","M","M","R","E","?","R","B",null,"M","M","AVR","M","M","R","E","$","T","?","R","E","?","$","R","B",null,"M","$","M","M","M","R","M","AVR","T","R","?","?","R","E","R","B",null,"R","$","E"],"character_chosen":"DEFECT","items_purchased":["Cold Snap","Glacier","Defragment","Capacitor","Vajra"],"campfire_rested":0,"item_purchase_floors":[2,25,36,53,53],"current_hp_per_floor":[74,74,75,75,57,57,53,75,75,75,68,68,72,72,72,51,75,75,66,66,66,60,60,56,71,71,71,71,67,67,75,75,72,75,75,75,70,75,75,75,75,75,75,75,75,75,75,60,60,50,82,82,82,0,0],"gold":2,"neow_bonus":"ONE_RANDOM_RARE_CARD","is_daily":false,"chose_seed":false,"campfire_upgraded":10,"win_rate":0.0,"timestamp":1613021480,"path_taken":["M","$","M","M","?","R","E","?","T","M","?","R","E","?","R","BOSS","M","M","AVR","M","M","R","E","?","T","?","R","E","?","$","R","BOSS","M","$","?","M","?","R","M","AVR","T","R","?","?","R","E","R","BOSS","R","$","E"],"items_purchased_type":["Card","Card","Card","Card","Relic"],"build_version":"2020-12-22","purchased_purges":6,"victory":false,"max_hp_per_floor":[75,75,75,75,75,75,75,75,75,75,75,75,75,75,75,75,75,75,75,75,75,75,75,75,75,75,75,75,75,75,75,75,75,75,75,75,75,75,75,75,75,75,75,75,75,75,75,82,82,82,82,82,82,82,82],"card_choices":[{"not_picked":["Scrape","Stack"],"picked":"Self Repair","floor":1},{"not_picked":["Hologram","Coolheaded"],"picked":"Conserve Battery","floor":3},{"not_picked":["Gash","Steam","Buffer"],"picked":"SKIP","floor":4},{"not_picked":["infinitespire:SealOfDarkness+","infinitespire:NeuralNetwork"],"picked":"infinitespire:Punishment","floor":5},{"not_picked":["Sweeping Beam","Undo"],"picked":"Glacier","floor":7},{"not_picked":["Double Energy","Loop"],"picked":"Conserve Battery","floor":10},{"not_picked":["Redo","Rebound"],"picked":"Capacitor","floor":11},{"not_picked":["Undo","Meteor Strike","Cold Snap"],"picked":"SKIP","floor":13},{"not_picked":["Fission","Seek"],"picked":"Electrodynamics","floor":16},{"not_picked":["Gash","Aggregate","Leap"],"picked":"SKIP","floor":18},{"not_picked":["Heatsinks","Go for the Eyes","Beam Cell"],"picked":"SKIP","floor":19},{"not_picked":["Sunder","Redo","Hello World"],"picked":"SKIP","floor":21},{"not_picked":["Rebound","Chaos"],"picked":"Streamline+1","floor":22},{"not_picked":["Hello World","Redo","Compile Driver"],"picked":"SKIP","floor":24},{"not_picked":["Melter","Thunder Strike"],"picked":"Echo Form","floor":29},{"not_picked":["Buffer","All For One"],"picked":"Seek","floor":33},{"not_picked":["Steam+1","Gash+1"],"picked":"Conserve Battery+1","floor":35},{"not_picked":["Hologram+1","Recycle","Turbo"],"picked":"SKIP","floor":37},{"not_picked":["Fusion","Redo","Hello World+1"],"picked":"SKIP","floor":38},{"not_picked":["Redo","Rip and Tear","Conserve Battery"],"picked":"SKIP","floor":39},{"not_picked":["Rebound","Storm","Coolheaded+1"],"picked":"SKIP","floor":41},{"not_picked":["Reinforced Body+1","Stack"],"picked":"Self Repair+1","floor":48}],"player_experience":132664,"relics_obtained":[{"floor":7,"key":"infinitespire:Joker Card"},{"floor":13,"key":"MealTicket"},{"floor":24,"key":"StoneCalendar"},{"floor":26,"key":"Ornamental Fan"},{"floor":29,"key":"Bronze Scales"},{"floor":43,"key":"infinitespire:ShieldingShard"},{"floor":48,"key":"Strawberry"}],"event_choices":[{"damage_healed":25,"gold_gain":0,"player_choice":"Banana","damage_taken":0,"max_hp_gain":0,"max_hp_loss":0,"event_name":"Big Fish","floor":8,"gold_loss":0},{"damage_healed":0,"gold_gain":0,"player_choice":"Upgraded","damage_taken":0,"max_hp_gain":0,"max_hp_loss":0,"event_name":"Upgrade Shrine","floor":14,"gold_loss":0,"cards_upgraded":["Glacier"]},{"damage_healed":0,"gold_gain":99,"player_choice":"Stole From Cult","damage_taken":0,"max_hp_gain":0,"max_hp_loss":0,"event_name":"Nest","floor":27,"gold_loss":0},{"cards_removed":["Strike_B"],"damage_healed":0,"gold_gain":0,"player_choice":"Purged","damage_taken":0,"max_hp_gain":0,"max_hp_loss":0,"event_name":"Purifier","floor":30,"gold_loss":0},{"damage_healed":0,"gold_gain":0,"player_choice":"Memory 1","damage_taken":0,"max_hp_gain":0,"max_hp_loss":0,"event_name":"SensoryStone","floor":45,"gold_loss":0},{"damage_healed":0,"gold_gain":100,"player_choice":"Pray","damage_taken":0,"max_hp_gain":0,"max_hp_loss":0,"event_name":"Golden Shrine","floor":46,"gold_loss":0}],"is_beta":false,"boss_relics":[{"not_picked":["SacredBark","Runic Pyramid"],"picked":"Nuclear Battery"},{"not_picked":["Fusion Hammer","Inserter"],"picked":"Cursed Key"}],"items_purged_floors":[2,20,25,31,36,42],"is_endless":false,"potions_floor_spawned":[4,11,13,22,24,33,38,39],"killed_by":"Shield and Spear","ascension_level":4}}