{"host":"udzsrhbqdxqtlypj","time":1613082241,"event":{"mods":["BaseMod","Minty Spire (QoL Compilation)","Relic Stats"],"gold_per_floor":[109,120,120,120,196,196,206,232,283,318,18,18,53,53,53,148,148,167,167,127,137,60,79,113,130,157,182,193,193,222,237,237,341,341,357,357,98,115,127,155,180,180,260,310,327,24,50,50,50,50,50,50,50,77,77],"floor_reached":56,"language":"ENG","playtime":4028,"items_purged":["Strike_B"],"score":1980,"play_id":"8130e2cf-e93f-4083-b59d-42b06fa1153f","local_time":"20210211162401","is_ascension_mode":true,"campfire_choices":[{"data":"Go for the Eyes","floor":6,"key":"SMITH"},{"data":"Electrodynamics","floor":12,"key":"SMITH"},{"data":"Machine Learning","floor":15,"key":"SMITH"},{"floor":29,"key":"REST"},{"data":"Amplify","floor":32,"key":"SMITH"},{"floor":42,"key":"REST"},{"floor":49,"key":"RECALL"},{"data":"Heatsinks","floor":52,"key":"SMITH"}],"circlet_count":0,"master_deck":["AscendersBane","Strike_B","Strike_B+1","Defend_B","Defend_B","Defend_B","Defend_B","Zap","Dualcast+1","Ball Lightning","Go for the Eyes+1","Gash","Machine Learning+1","Electrodynamics+1","Sweeping Beam","Storm","Amplify+1","Glacier","Steam Power+1","Defragment","BootSequence","Stack","Leap","Double Energy","Static Discharge","Reinforced Body","Machine Learning","Stack+1","Capacitor","Hologram","Force Field","Coolheaded+1","Heatsinks+1"],"relics":["Cracked Core","Tiny Chest","Ornamental Fan","Dead Branch","Bag of Marbles","Vajra","Mummified Hand","Gremlin Horn","Pantograph","SacredBark","Bronze Scales","Lizard Tail","Blood Vial","Potion Belt","Juzu Bracelet","Inserter","Thread and Needle","Art of War","Pocketwatch","OrangePellets","DataDisk","StrikeDummy","Orichalcum"],"acts_visited":["Exordium","TheCity","TheBeyond","TheEnding"],"potions_floor_usage":[23,25,30,33,40,40,47,55,55,55],"damage_taken":[{"damage":0,"enemies":"2 Louse","floor":1,"turns":2},{"damage":2,"enemies":"Jaw Worm","floor":2,"turns":3},{"damage":0,"enemies":"Cultist","floor":7,"turns":3},{"damage":26,"enemies":"Lagavulin","floor":8,"turns":6},{"damage":3,"enemies":"Gremlin Nob","floor":10,"turns":3},{"damage":22,"enemies":"Lagavulin","floor":13,"turns":5},{"damage":9,"enemies":"Slime Boss","floor":16,"turns":6},{"damage":6,"enemies":"3 Byrds","floor":18,"turns":2},{"damage":7,"enemies":"Shell Parasite","floor":21,"turns":3},{"damage":15,"enemies":"Shelled Parasite and Fungi","floor":23,"turns":2},{"damage":0,"enemies":"Gremlin Leader","floor":24,"turns":5},{"damage":18,"enemies":"Snake Plant","floor":25,"turns":3},{"damage":0,"enemies":"Book of Stabbing","floor":27,"turns":5},{"damage":1,"enemies":"Centurion and Healer","floor":28,"turns":6},{"damage":0,"enemies":"Slavers","floor":30,"turns":2},{"damage":8,"enemies":"Sentry and Sphere","floor":31,"turns":4},{"damage":37,"enemies":"Champ","floor":33,"turns":9},{"damage":21,"enemies":"3 Darklings","floor":35,"turns":3},{"damage":23,"enemies":"3 Shapes","floor":38,"turns":4},{"damage":17,"enemies":"Spire Growth","floor":39,"turns":5},{"damage":5,"enemies":"Giant Head","floor":40,"turns":10},{"damage":0,"enemies":"Mind Bloom Boss Battle","floor":44,"turns":6},{"damage":2,"enemies":"Writhing Mass","floor":45,"turns":5},{"damage":0,"enemies":"Reptomancer","floor":47,"turns":4},{"damage":25,"enemies":"Donu and Deca","floor":50,"turns":8},{"damage":4,"enemies":"Shield and Spear","floor":54,"turns":3},{"damage":28,"enemies":"The Heart","floor":55,"turns":11}],"seed_played":"-2030055867620770408","potions_obtained":[{"floor":2,"key":"SmokeBomb"},{"floor":10,"key":"FocusPotion"},{"floor":13,"key":"FocusPotion"},{"floor":18,"key":"SteroidPotion"},{"floor":23,"key":"EssenceOfDarkness"},{"floor":28,"key":"Strength Potion"},{"floor":39,"key":"EssenceOfSteel"},{"floor":44,"key":"BlessingOfTheForge"},{"floor":47,"key":"LiquidMemories"},{"floor":54,"key":"SpeedPotion"}],"is_trial":false,"path_per_floor":["M","M","?","?","T","R","M","E","T","E","$","R","E","T","R","B",null,"M","?","?","M","$","M","E","M","T","E","M","R","E","M","R","B",null,"M","?","$","M","M","E","T","R","T","?","M","$","E","?","R","B",null,"R","$","E","B",null],"character_chosen":"DEFECT","items_purchased":["Mummified Hand","Sweeping Beam","Defragment","Capacitor","PowerPotion","Swift Potion","Hologram","OrangePellets","DataDisk"],"campfire_rested":2,"item_purchase_floors":[11,11,22,37,37,37,37,46,46],"current_hp_per_floor":[68,66,71,64,64,64,64,38,38,35,35,35,13,13,13,29,67,61,61,61,54,54,39,39,21,21,23,24,48,50,44,44,34,69,50,50,50,29,14,11,11,35,35,62,62,62,64,64,64,51,70,70,70,68,48],"gold":77,"neow_bonus":"RANDOM_COMMON_RELIC","is_daily":false,"chose_seed":false,"campfire_upgraded":5,"win_rate":0.0,"timestamp":1613082241,"path_taken":["M","M","?","?","?","R","M","E","T","E","$","R","E","?","R","BOSS","M","?","?","M","$","M","E","M","T","E","M","R","E","M","R","BOSS","M","?","$","M","M","E","?","R","T","?","M","$","E","?","R","BOSS","R","$","E","BOSS"],"items_purchased_type":["Relic","Card","Card","Card","Potion","Potion","Card","Relic","Relic"],"build_version":"2020-12-22","purchased_purges":1,"victory":true,"max_hp_per_floor":[75,75,80,80,80,80,80,80,80,80,80,80,80,80,80,80,80,80,80,80,80,80,80,80,80,80,80,80,80,80,80,80,80,80,80,80,80,80,80,80,80,80,80,80,80,80,80,76,76,76,76,76,76,76,76],"relic_stats":{"Inserter":[29],"Gremlin Horn":[21,22],"counters":[27,128],"Dead Branch":[78],"Juzu Bracelet":2,"Orichalcum":[0],"Blood Vial":30,"OrangePellets":[6],"Lizard Tail":0,"Ornamental Fan":[144],"Mummified Hand":[166],"Pantograph":91,"Bronze Scales":[392],"Tiny Chest":2,"Art of War":[7],"obtain_stats":[{"Potion Belt":27,"Inserter":34,"Gremlin Horn":13,"Dead Branch":8,"SacredBark":17,"Vajra":10,"Thread and Needle":40,"Juzu Bracelet":30,"Orichalcum":54,"Blood Vial":26,"OrangePellets":46,"Lizard Tail":24,"DataDisk":46,"Ornamental Fan":5,"Mummified Hand":11,"Pantograph":14,"Bronze Scales":19,"Tiny Chest":0,"Bag of Marbles":9,"Art of War":41,"Cracked Core":0,"StrikeDummy":47,"Pocketwatch":44},{"Potion Belt":13,"Inserter":17,"Gremlin Horn":6,"Dead Branch":4,"SacredBark":7,"Vajra":5,"Thread and Needle":21,"Juzu Bracelet":15,"Orichalcum":26,"Blood Vial":12,"OrangePellets":23,"Lizard Tail":11,"DataDisk":23,"Ornamental Fan":2,"Mummified Hand":5,"Pantograph":6,"Bronze Scales":8,"Tiny Chest":0,"Bag of Marbles":4,"Art of War":21,"Cracked Core":0,"StrikeDummy":24,"Pocketwatch":22},{"Potion Belt":48,"Inserter":69,"Gremlin Horn":22,"Dead Branch":14,"SacredBark":28,"Vajra":17,"Thread and Needle":91,"Juzu Bracelet":56,"Orichalcum":117,"Blood Vial":43,"OrangePellets":102,"Lizard Tail":40,"DataDisk":102,"Ornamental Fan":5,"Mummified Hand":17,"Pantograph":22,"Bronze Scales":30,"Tiny Chest":0,"Bag of Marbles":14,"Art of War":91,"Cracked Core":0,"StrikeDummy":106,"Pocketwatch":97}],"Pocketwatch":[1]},"card_choices":[{"not_picked":["Barrage","Turbo"],"picked":"Ball Lightning","floor":1},{"not_picked":["Conserve Battery","Hologram"],"picked":"Go for the Eyes","floor":2},{"not_picked":["Sweeping Beam","Coolheaded"],"picked":"Gash","floor":7},{"not_picked":["Self Repair","Aggregate"],"picked":"Machine Learning","floor":8},{"not_picked":["White Noise","Compile Driver"],"picked":"Electrodynamics","floor":10},{"not_picked":["Aggregate","Undo"],"picked":"Storm","floor":13},{"not_picked":["Electrodynamics","Thunder Strike"],"picked":"Amplify","floor":16},{"not_picked":["Coolheaded","Chaos"],"picked":"Glacier","floor":18},{"not_picked":["Steam","Conserve Battery+1"],"picked":"Steam Power+1","floor":21},{"not_picked":["Genetic Algorithm","Hologram"],"picked":"BootSequence","floor":23},{"not_picked":["Compile Driver","BootSequence"],"picked":"Stack","floor":24},{"not_picked":["Darkness","Skim"],"picked":"Leap","floor":25},{"not_picked":["Streamline+1","Auto Shields"],"picked":"Double Energy","floor":27},{"not_picked":["Blizzard","Tempest"],"picked":"Static Discharge","floor":28},{"not_picked":["Melter+1","Chaos"],"picked":"Reinforced Body","floor":30},{"not_picked":["Sweeping Beam","Go for the Eyes","Compile Driver"],"picked":"SKIP","floor":31},{"not_picked":["Meteor Strike","Rainbow"],"picked":"Machine Learning","floor":33},{"not_picked":["Turbo","Rip and Tear"],"picked":"Stack+1","floor":35},{"not_picked":["Leap+1","Compile Driver","Streamline"],"picked":"SKIP","floor":38},{"not_picked":["Beam Cell","Go for the Eyes"],"picked":"Force Field","floor":39},{"not_picked":["Fission","Doom and Gloom"],"picked":"Coolheaded+1","floor":40},{"not_picked":["Conserve Battery","Cold Snap","Storm"],"picked":"SKIP","floor":45},{"not_picked":["Cold Snap+1","Beam Cell"],"picked":"Heatsinks","floor":47},{"not_picked":["Leap","Beam Cell","Hyperbeam"],"picked":"SKIP","floor":54}],"player_experience":2880833,"relics_obtained":[{"floor":5,"key":"Ornamental Fan"},{"floor":8,"key":"Dead Branch"},{"floor":9,"key":"Bag of Marbles"},{"floor":10,"key":"Vajra"},{"floor":13,"key":"Gremlin Horn"},{"floor":14,"key":"Pantograph"},{"floor":24,"key":"Lizard Tail"},{"floor":26,"key":"Blood Vial"},{"floor":27,"key":"Potion Belt"},{"floor":30,"key":"Juzu Bracelet"},{"floor":40,"key":"Thread and Needle"},{"floor":41,"key":"Art of War"},{"floor":44,"key":"Pocketwatch"},{"floor":47,"key":"StrikeDummy"},{"floor":54,"key":"Orichalcum"}],"event_choices":[{"damage_healed":0,"gold_gain":0,"player_choice":"Donut","damage_taken":0,"max_hp_gain":5,"max_hp_loss":0,"event_name":"Big Fish","floor":3,"gold_loss":0},{"cards_removed":["Strike_B"],"damage_healed":0,"gold_gain":0,"player_choice":"Card Removal","damage_taken":7,"max_hp_gain":0,"max_hp_loss":0,"event_name":"Golden Wing","floor":4,"gold_loss":0},{"damage_healed":0,"gold_gain":0,"player_choice":"Opened","damage_taken":0,"relics_obtained":["Bronze Scales"],"max_hp_gain":0,"max_hp_loss":0,"event_name":"The Mausoleum","floor":19,"gold_loss":0},{"damage_healed":0,"gold_gain":0,"player_choice":"Upgraded Two","damage_taken":0,"max_hp_gain":0,"max_hp_loss":0,"event_name":"Designer","floor":20,"gold_loss":40,"cards_upgraded":["Dualcast","Strike_B"]},{"damage_healed":0,"gold_gain":0,"player_choice":"Ignored","damage_taken":0,"max_hp_gain":0,"max_hp_loss":0,"event_name":"SecretPortal","floor":36,"gold_loss":0},{"damage_healed":0,"gold_gain":0,"player_choice":"Fight","damage_taken":0,"max_hp_gain":0,"max_hp_loss":0,"event_name":"MindBloom","floor":44,"gold_loss":0},{"damage_healed":0,"gold_gain":0,"player_choice":"Max HP","damage_taken":0,"max_hp_gain":0,"max_hp_loss":4,"event_name":"Winding Halls","floor":48,"gold_loss":0}],"is_beta":false,"boss_relics":[{"not_picked":["Sozu","Fusion Hammer"],"picked":"SacredBark"},{"not_picked":["Snecko Eye","Busted Crown"],"picked":"Inserter"}],"items_purged_floors":[37],"is_endless":false,"potions_floor_spawned":[2,10,13,18,21,23,28,39,44,47,54],"ascension_level":12}}