{"host":"eft627g0ddukeijo","time":1613074472,"event":{"mods":["AchievementEnabler","BaseMod","Bestiary","Better Note","Block Reminder","Colored Powertips","Filter the Spire","Highlight Path","Minty Spire (QoL Compilation)","Permanent Neow","Quick Restart","Rare Cards Sparkle","Relic Stats","Slay-I","StSLib","Weighted Paths"],"gold_per_floor":[116,130,130,143,158,158,171,171,171,206,225,245,245,245,245,342,342,360,360,285,40,40,40,52,71,94,113,132,132,147,16,16,16,16],"floor_reached":33,"language":"ENG","playtime":1007,"items_purged":[],"score":364,"play_id":"c7b24898-0ec3-4b75-a61a-09e73a3d1107","local_time":"20210212051432","is_ascension_mode":true,"campfire_choices":[{"floor":6.0,"key":"RECALL"},{"floor":8.0,"key":"REST"},{"floor":13.0,"key":"REST"},{"floor":15.0,"key":"REST"},{"floor":23.0,"key":"REST"},{"floor":29.0,"key":"REST"},{"floor":32,"key":"REST"}],"circlet_count":0,"master_deck":["Strike_R","Strike_R","Strike_R","Strike_R","Defend_R","Defend_R","Defend_R","Defend_R","Bash+1","Inflame","Whirlwind","Spot Weakness","Shrug It Off","Evolve","Headbutt","Offering","Pommel Strike+1","Shrug It Off","Sword Boomerang","Disarm","Heavy Blade"],"relics":["Burning Blood","Charon\u0027s Ashes","Anchor","Dream Catcher","SacredBark","Question Card","MealTicket"],"acts_visited":["Exordium","TheCity"],"potions_floor_usage":[30,33],"damage_taken":[{"damage":10.0,"enemies":"Small Slimes","floor":1.0,"turns":3.0},{"damage":1.0,"enemies":"2 Louse","floor":2.0,"turns":4.0},{"damage":2.0,"enemies":"Jaw Worm","floor":4.0,"turns":3.0},{"damage":10.0,"enemies":"2 Fungi Beasts","floor":5.0,"turns":3.0},{"damage":28.0,"enemies":"Exordium Wildlife","floor":7.0,"turns":3.0},{"damage":40.0,"enemies":"Lagavulin","floor":10.0,"turns":7.0},{"damage":0.0,"enemies":"3 Louse","floor":11.0,"turns":2.0},{"damage":12.0,"enemies":"Looter","floor":12.0,"turns":3.0},{"damage":54.0,"enemies":"Hexaghost","floor":16.0,"turns":8.0},{"damage":34.0,"enemies":"Spheric Guardian","floor":18.0,"turns":4.0},{"damage":18.0,"enemies":"Chosen","floor":24.0,"turns":4.0},{"damage":12.0,"enemies":"Snake Plant","floor":25.0,"turns":2.0},{"damage":16.0,"enemies":"Chosen and Byrds","floor":27.0,"turns":6.0},{"damage":58.0,"enemies":"3 Cultists","floor":28.0,"turns":5.0},{"damage":9,"enemies":"Cultist and Chosen","floor":30,"turns":6},{"damage":88,"enemies":"Collector","floor":33,"turns":5}],"seed_played":"1859204340830086365","potions_obtained":[{"floor":2.0,"key":"LiquidBronze"},{"floor":5.0,"key":"Weak Potion"},{"floor":10.0,"key":"SteroidPotion"},{"floor":16.0,"key":"FairyPotion"},{"floor":18.0,"key":"PowerPotion"},{"floor":28.0,"key":"HeartOfIron"},{"floor":30,"key":"Explosive Potion"}],"is_trial":false,"path_per_floor":["M","M","?","M","M","R","M","R","T","E","M","M","R","?","R","B",null,"M","?","?","$","?","R","M","M","T","M","M","R","M","$","R","B"],"character_chosen":"IRONCLAD","items_purchased":["Question Card","Disarm","AttackPotion"],"campfire_rested":6,"item_purchase_floors":[21,31,31],"current_hp_per_floor":[68,72,72,72,68,68,46,67,67,33,39,33,54,59,77,29,65,37,37,37,37,37,60,48,42,42,32,28,51,48,63,77,0,0],"gold":16,"neow_bonus":"ONE_RARE_RELIC","is_daily":false,"chose_seed":false,"campfire_upgraded":0,"win_rate":0.0,"timestamp":1613074472,"path_taken":["M","M","?","M","M","R","M","R","T","E","M","M","R","?","R","BOSS","M","?","?","$","?","R","M","M","T","M","?","R","M","$","R","BOSS"],"items_purchased_type":["Relic","Card","Potion"],"build_version":"2020-12-22","purchased_purges":0,"victory":false,"max_hp_per_floor":[72,72,72,72,72,72,72,72,72,72,72,72,72,77,77,77,77,77,77,77,77,77,77,77,77,77,77,77,77,77,77,77,77,77],"relic_stats":{"Dream Catcher":5,"counters":[16,68],"MealTicket":15,"Charon\u0027s Ashes":[55],"Question Card":8,"obtain_stats":[{"Anchor":9,"Dream Catcher":10,"SacredBark":17,"MealTicket":26,"Charon\u0027s Ashes":0,"Question Card":21,"Burning Blood":0},{"Anchor":5,"Dream Catcher":6,"SacredBark":9,"MealTicket":12,"Charon\u0027s Ashes":0,"Question Card":10,"Burning Blood":0},{"Anchor":16,"Dream Catcher":23,"SacredBark":36,"MealTicket":46,"Charon\u0027s Ashes":0,"Question Card":40,"Burning Blood":0}],"Burning Blood":85},"card_choices":[{"not_picked":["Thunderclap","Anger"],"picked":"Inflame","floor":1.0},{"not_picked":["Rupture","Blood for Blood","Clash"],"picked":"SKIP","floor":2.0},{"not_picked":["Cleave","Reckless Charge"],"picked":"Whirlwind","floor":4.0},{"not_picked":["Battle Trance","Headbutt"],"picked":"Spot Weakness","floor":5.0},{"not_picked":["Hemokinesis","Flex"],"picked":"Shrug It Off","floor":7.0},{"not_picked":["Rupture","Iron Wave","Combust"],"picked":"SKIP","floor":10.0},{"not_picked":["Rupture","Iron Wave","Combust"],"picked":"SKIP","floor":10.0},{"not_picked":["Inflame","Havoc","Wild Strike"],"picked":"SKIP","floor":11.0},{"not_picked":["Rampage","Wild Strike","Brutality"],"picked":"SKIP","floor":12.0},{"not_picked":["Pommel Strike","Clothesline"],"picked":"Evolve","floor":13.0},{"not_picked":["Second Wind","Seeing Red"],"picked":"Headbutt","floor":15.0},{"not_picked":["Juggernaut","Exhume"],"picked":"Offering","floor":16.0},{"not_picked":["Blood for Blood","Warcry","Perfected Strike+1"],"picked":"SKIP","floor":18.0},{"not_picked":["Thunderclap","Warcry","Wild Strike"],"picked":"Pommel Strike+1","floor":24.0},{"not_picked":["Anger","Feel No Pain","Carnage","Warcry"],"picked":"SKIP","floor":25.0},{"not_picked":["True Grit","Warcry","Combust"],"picked":"Shrug It Off","floor":27.0},{"not_picked":["Perfected Strike","True Grit","Shrug It Off"],"picked":"Sword Boomerang","floor":28.0},{"not_picked":["Cleave","Infernal Blade","Intimidate","True Grit"],"picked":"SKIP","floor":30},{"not_picked":["Warcry","Flame Barrier","Pommel Strike+1"],"picked":"Heavy Blade","floor":32}],"player_experience":569346,"relics_obtained":[{"floor":9.0,"key":"Anchor"},{"floor":10.0,"key":"Dream Catcher"},{"floor":26.0,"key":"MealTicket"}],"event_choices":[{"damage_healed":0.0,"max_hp_gain":0.0,"max_hp_loss":0.0,"gold_gain":0.0,"event_name":"Living Wall","player_choice":"Grow","floor":3.0,"gold_loss":0.0,"damage_taken":0.0,"cards_upgraded":["Bash"]},{"damage_healed":0.0,"max_hp_gain":5.0,"max_hp_loss":0.0,"gold_gain":0.0,"event_name":"Big Fish","player_choice":"Donut","floor":14.0,"gold_loss":0.0,"damage_taken":0.0},{"cards_removed":["Strike_R"],"damage_healed":0.0,"max_hp_gain":0.0,"max_hp_loss":0.0,"gold_gain":0.0,"event_name":"betterNote:BetterNote","player_choice":"Give","floor":19.0,"gold_loss":0.0,"damage_taken":0.0,"cards_obtained":["Strike_R"]},{"cards_removed":["Strike_R"],"damage_healed":0.0,"max_hp_gain":0.0,"max_hp_loss":0.0,"gold_gain":0.0,"event_name":"Beggar","player_choice":"Gave Gold","floor":20.0,"gold_loss":75.0,"damage_taken":0.0},{"damage_healed":0.0,"max_hp_gain":0.0,"max_hp_loss":0.0,"gold_gain":0.0,"event_name":"Vampires","player_choice":"Ignored","floor":22.0,"gold_loss":0.0,"damage_taken":0.0}],"is_beta":false,"boss_relics":[{"not_picked":["Runic Dome","Ectoplasm"],"picked":"SacredBark"}],"items_purged_floors":[],"is_endless":false,"potions_floor_spawned":[2,5,10,12,16,18,28,30],"killed_by":"Collector","ascension_level":9}}