{"host":"3po7ngt2j61s4rmj","time":1613019377,"event":{"mods":["BaseMod","Minty Spire (QoL Compilation)","Relic Stats","Replay The Spire","StSLib"],"gold_per_floor":[115,127,146,157,177,177,188,221,248,248,248,248,248],"floor_reached":12,"language":"ENG","playtime":605,"items_purged":[],"score":164,"play_id":"10a7455e-bd88-4d30-b44a-3888a089bf94","local_time":"20210210215617","is_ascension_mode":true,"campfire_choices":[{"data":"ReplayTheSpireMod:Calculation Training","floor":6,"key":"SMITH"}],"circlet_count":0,"master_deck":["AscendersBane","Strike_B","Strike_B","Strike_B","Strike_B","Defend_B","Defend_B","Defend_B","Defend_B","Zap","Dualcast","Go for the Eyes","Compile Driver","Go for the Eyes","ReplayTheSpireMod:Calculation Training+1","Rainbow","ReplaySort"],"relics":["Cracked Core","Replay:Bottled Flurry","Ancient Tea Set"],"acts_visited":["Exordium"],"potions_floor_usage":[7,8],"damage_taken":[{"damage":1,"enemies":"Cultist","floor":1,"turns":3},{"damage":0,"enemies":"Small Slimes","floor":2,"turns":3},{"damage":9,"enemies":"Jaw Worm","floor":3,"turns":4},{"damage":5,"enemies":"Blue Slaver","floor":4,"turns":3},{"damage":8,"enemies":"Red Slaver","floor":5,"turns":4},{"damage":21,"enemies":"Exordium Wildlife","floor":7,"turns":6},{"damage":3,"enemies":"Gremlin Nob","floor":8,"turns":3},{"damage":24,"enemies":"3 Sentries","floor":12,"turns":4}],"seed_played":"-3124543086793029859","potions_obtained":[{"floor":2,"key":"SteroidPotion"},{"floor":4,"key":"Block Potion"},{"floor":7,"key":"Venom Potion"}],"is_trial":false,"path_per_floor":["M","M","M","M","M","R","M","E","T","PTL","PTL","E"],"character_chosen":"DEFECT","items_purchased":[],"campfire_rested":0,"item_purchase_floors":[],"current_hp_per_floor":[70,70,61,56,48,48,27,24,24,24,24,0,0],"gold":248,"neow_bonus":"TEN_PERCENT_HP_BONUS","is_daily":false,"chose_seed":false,"campfire_upgraded":1,"win_rate":0.0,"timestamp":1613019377,"path_taken":["M","M","M","?","M","R","M","E","T","PTL","PTL","E"],"items_purchased_type":[],"build_version":"2020-12-22","purchased_purges":0,"victory":false,"max_hp_per_floor":[78,78,78,78,78,78,78,78,78,78,78,78,78],"relic_stats":{"counters":[8,30],"obtain_stats":[{"Replay:Bottled Flurry":8,"Cracked Core":0,"Ancient Tea Set":9},{"Replay:Bottled Flurry":7,"Cracked Core":0,"Ancient Tea Set":7},{"Replay:Bottled Flurry":26,"Cracked Core":0,"Ancient Tea Set":26}]},"card_choices":[{"not_picked":["Conserve Battery","Reprogram"],"picked":"Go for the Eyes","floor":1},{"not_picked":["Reprogram","Redo"],"picked":"Compile Driver","floor":2},{"not_picked":["White Noise","BasicCrystalCard"],"picked":"Go for the Eyes","floor":3},{"not_picked":["ReplaySolidLightProjector","Beam Cell"],"picked":"ReplayTheSpireMod:Calculation Training","floor":4},{"not_picked":["Redo","Leap","Darkness"],"picked":"SKIP","floor":5},{"not_picked":["Fusion","Panic Button"],"picked":"Rainbow","floor":7},{"not_picked":["Barrage","Gash"],"picked":"ReplaySort","floor":8}],"player_experience":899856,"relics_obtained":[{"floor":8,"key":"Replay:Bottled Flurry"},{"floor":9,"key":"Ancient Tea Set"}],"event_choices":[],"is_beta":false,"boss_relics":[],"items_purged_floors":[],"is_endless":false,"potions_floor_spawned":[2,4,7],"killed_by":"3 Sentries","ascension_level":20}}