{"host":"3d7yvplr5ovcyppx","time":1613051452,"event":{"mods":["AchievementEnabler","BaseMod","Hermit","Jorbs\u0027s Wanderer Trilogy","Minty Spire (QoL Compilation)","Quick Restart","Somnambulant","StSLib","The Cursed","The Disciple","The Servant 0.9.4"],"gold_per_floor":[112,112,128,93,109,142,142,162,186,220,220,251,251,270,270,398,398,419,1,55,73,98,98,142,155,178,214,235,35,50,50,50],"floor_reached":31,"language":"ENG","playtime":1648,"items_purged":[],"score":362,"play_id":"0e4253c5-e8bd-4b92-99c4-5436edab0c1d","local_time":"20210211192052","is_ascension_mode":true,"campfire_choices":[{"data":"Chill","floor":7,"key":"SMITH"},{"floor":11,"key":"REST"},{"data":"Zap","floor":13,"key":"SMITH"},{"data":"Defragment","floor":15,"key":"SMITH"},{"data":"Static Discharge","floor":23,"key":"SMITH"}],"circlet_count":0,"master_deck":["Strike_B+1","Strike_B","Strike_B","Strike_B","Defend_B","Defend_B","Defend_B","Defend_B","Zap+1","Dualcast","Chill+1","Gash","Static Discharge+1","Ball Lightning+1","Defragment+1","Electrodynamics","Gash","Leap","Buffer","Static Discharge","Metamorphosis","Storm","Barrage","Sunder+1","Electrodynamics","Gash+1","Storm+1","Loop","Streamline+1","Storm","Redo","Gash+1","Aggregate"],"relics":["Cracked Core","Golden Idol","Bag of Marbles","Boot","Happy Flower","Pear","Philosopher\u0027s Stone","Chemical X","Whetstone","Molten Egg 2","Regal Pillow","CaptainsWheel"],"acts_visited":["Exordium","TheCity"],"potions_floor_usage":[6,16,24,24,28],"damage_taken":[{"damage":0,"enemies":"Small Slimes","floor":1,"turns":2},{"damage":0,"enemies":"2 Louse","floor":3,"turns":3},{"damage":1,"enemies":"Jaw Worm","floor":5,"turns":3},{"damage":53,"enemies":"Gremlin Nob","floor":6,"turns":5},{"damage":0,"enemies":"Lots of Slimes","floor":8,"turns":4},{"damage":24,"enemies":"3 Sentries","floor":10,"turns":7},{"damage":19,"enemies":"Lagavulin","floor":12,"turns":6},{"damage":2,"enemies":"2 Fungi Beasts","floor":14,"turns":3},{"damage":4,"enemies":"Hexaghost","floor":16,"turns":7},{"damage":7,"enemies":"Chosen","floor":18,"turns":4},{"damage":14,"enemies":"3 Byrds","floor":21,"turns":3},{"damage":2,"enemies":"Centurion and Healer","floor":22,"turns":4},{"damage":29,"enemies":"Book of Stabbing","floor":24,"turns":4},{"damage":1,"enemies":"Shelled Parasite and Fungi","floor":25,"turns":4},{"damage":25,"enemies":"Gremlin Leader","floor":27,"turns":6},{"damage":0,"enemies":"Cultist and Chosen","floor":28,"turns":4},{"damage":0,"enemies":"3 Cultists","floor":30,"turns":5},{"damage":15,"enemies":"Book of Stabbing","floor":31,"turns":2}],"seed_played":"-7987456050250316062","potions_obtained":[{"floor":1,"key":"PotionOfCapacity"},{"floor":12,"key":"ColorlessPotion"},{"floor":16,"key":"SneckoOil"},{"floor":18,"key":"PotionOfCapacity"},{"floor":22,"key":"GamblersBrew"},{"floor":27,"key":"PowerPotion"}],"is_trial":false,"path_per_floor":["M","?","M","?","M","E","R","M","T","E","R","E","R","M","R","B",null,"M","$","T","M","M","R","E","M","T","E","M","$","M","E"],"character_chosen":"DEFECT","items_purchased":["Chemical X","Metamorphosis","Storm","Streamline+1","Storm","Redo","Gash+1"],"campfire_rested":1,"item_purchase_floors":[19,19,19,29,29,29,29],"current_hp_per_floor":[82,62,62,82,81,28,28,28,28,4,28,19,19,17,17,13,92,85,85,85,71,69,69,40,39,39,14,14,14,14,0,0],"gold":50,"neow_bonus":"TEN_PERCENT_HP_BONUS","is_daily":false,"chose_seed":false,"campfire_upgraded":4,"win_rate":0.0,"timestamp":1613051452,"path_taken":["M","?","M","?","?","E","R","M","T","E","R","E","R","M","R","BOSS","M","$","?","M","?","R","E","M","T","E","M","?","M","E"],"items_purchased_type":["Relic","Card","Card","Card","Card","Card","Card"],"build_version":"2020-12-22","purchased_purges":0,"victory":false,"max_hp_per_floor":[82,82,82,82,82,82,82,82,82,82,82,92,92,92,92,92,92,92,92,92,92,92,92,92,92,92,92,92,92,92,92,92],"card_choices":[{"not_picked":["Leap","Rebound"],"picked":"Chill","floor":1},{"not_picked":["Coolheaded","Reinforced Body"],"picked":"Gash","floor":3},{"not_picked":["Conserve Battery","Lockon"],"picked":"Static Discharge","floor":5},{"not_picked":["Undo","Coolheaded"],"picked":"Ball Lightning","floor":6},{"not_picked":["Leap","Darkness"],"picked":"Defragment","floor":8},{"not_picked":["Sweeping Beam","Ball Lightning"],"picked":"Electrodynamics","floor":10},{"not_picked":["Streamline","Coolheaded"],"picked":"Gash","floor":12},{"not_picked":["Rebound","Compile Driver"],"picked":"Leap","floor":14},{"not_picked":["Creative AI","Hyperbeam"],"picked":"Buffer","floor":16},{"not_picked":["Rip and Tear","Coolheaded"],"picked":"Static Discharge","floor":18},{"not_picked":["Blizzard","Steam Power"],"picked":"Barrage","floor":21},{"not_picked":["Chaos","Chill"],"picked":"Sunder+1","floor":22},{"not_picked":["Turbo","Chill"],"picked":"Electrodynamics","floor":24},{"not_picked":["Turbo","Self Repair"],"picked":"Gash+1","floor":25},{"not_picked":["Tempest","Aggregate"],"picked":"Storm+1","floor":27},{"not_picked":["Scrape+1","Stack+1"],"picked":"Loop","floor":28},{"not_picked":["Ball Lightning+1","Glacier+1"],"picked":"Aggregate","floor":30}],"player_experience":25247,"relics_obtained":[{"floor":6,"key":"Bag of Marbles"},{"floor":9,"key":"Boot"},{"floor":10,"key":"Happy Flower"},{"floor":12,"key":"Pear"},{"floor":20,"key":"Whetstone"},{"floor":24,"key":"Molten Egg 2"},{"floor":26,"key":"Regal Pillow"},{"floor":27,"key":"CaptainsWheel"}],"event_choices":[{"damage_healed":0,"gold_gain":0,"player_choice":"Take Damage","damage_taken":20,"relics_obtained":["Golden Idol"],"max_hp_gain":0,"max_hp_loss":0,"event_name":"Golden Idol","floor":2,"gold_loss":0},{"damage_healed":20,"gold_gain":0,"player_choice":"Healed","damage_taken":0,"max_hp_gain":0,"max_hp_loss":0,"event_name":"The Cleric","floor":4,"gold_loss":35}],"is_beta":false,"boss_relics":[{"not_picked":["Coffee Dripper","Runic Pyramid"],"picked":"Philosopher\u0027s Stone"}],"items_purged_floors":[],"is_endless":false,"potions_floor_spawned":[1,12,16,18,22,27],"killed_by":"Book of Stabbing","ascension_level":1}}