{"host":"6xsbn6ynqlzwllfm","time":1613061291,"event":{"mods":["2.2 Compatiblity","BaseMod","Bestiary","Colored Map","Colored Powertips","Curses Come First","Highlight Path","Keyboard Shortcuts","Minty Spire (QoL Compilation)","Relic Stats","Slay the Relics Exporter","StSLib","SuperFastMode"],"gold_per_floor":[117,117,134,153,163,198,198,226,226,226,246,246,276,292,292,371,371,391,405,320,370,23,23,48,67,67,85,10,10,38,38,38,112,112,124,169,494,508,508,535,535,535,603,638,648,648,648,678,678,678,678,678,678,39,64,64,64],"floor_reached":56,"language":"ENG","playtime":3492,"items_purged":["Strike_R"],"score":2007,"play_id":"0e94e5d1-5cfa-498b-bce2-c629504fe3be","local_time":"20210211113451","is_ascension_mode":true,"campfire_choices":[{"floor":7,"key":"REST"},{"floor":10,"key":"REST"},{"floor":15,"key":"RECALL"},{"floor":23,"key":"REST"},{"floor":29,"key":"REST"},{"floor":32,"key":"REST"},{"floor":42,"key":"REST"},{"floor":47,"key":"REST"},{"floor":49,"key":"REST"},{"floor":53,"key":"REST"}],"circlet_count":0,"master_deck":["AscendersBane","Strike_R+1","Strike_R","Strike_R","Defend_R","Defend_R","Defend_R","Defend_R","Bash","Sword Boomerang","Pommel Strike+1","Whirlwind","Uppercut","Armaments","Clothesline+1","Double Tap","Battle Trance","Reaper+1","Inflame","Spot Weakness","Carnage+1","Bludgeon+1","CurseOfTheBell","Exhume","Armaments+1","Impervious+1","Shockwave+1","Transmutation+1","Sentinel+1","Heavy Blade+1"],"relics":["Fusion Hammer","Toy Ornithopter","Thread and Needle","Molten Egg 2","White Beast Statue","Snecko Eye","Lantern","Potion Belt","Blood Vial","Regal Pillow","Calling Bell","Omamori","Meat on the Bone","Ice Cream","Gambling Chip","Old Coin","Dream Catcher","Mercury Hourglass","Question Card","Toxic Egg 2","Red Skull","Membership Card","Lizard Tail","Blue Candle","StoneCalendar"],"acts_visited":["Exordium","TheCity","TheBeyond","TheEnding"],"potions_floor_usage":[5,14,16,16,18,24,24,30,33,35,37,38,44,44,51,55,55,55,56,56],"damage_taken":[{"damage":6,"enemies":"Small Slimes","floor":1,"turns":4},{"damage":0,"enemies":"Cultist","floor":3,"turns":2},{"damage":2,"enemies":"Jaw Worm","floor":4,"turns":3},{"damage":8,"enemies":"Large Slime","floor":5,"turns":3},{"damage":20,"enemies":"3 Sentries","floor":6,"turns":4},{"damage":30,"enemies":"Lagavulin","floor":8,"turns":6},{"damage":0,"enemies":"Lots of Slimes","floor":11,"turns":2},{"damage":9,"enemies":"Gremlin Nob","floor":13,"turns":4},{"damage":0,"enemies":"Blue Slaver","floor":14,"turns":3},{"damage":15,"enemies":"Hexaghost","floor":16,"turns":9},{"damage":12,"enemies":"Spheric Guardian","floor":18,"turns":4},{"damage":14,"enemies":"2 Thieves","floor":19,"turns":4},{"damage":41,"enemies":"Slavers","floor":24,"turns":4},{"damage":0,"enemies":"Snecko","floor":25,"turns":3},{"damage":26,"enemies":"Sentry and Sphere","floor":27,"turns":4},{"damage":3,"enemies":"Gremlin Leader","floor":30,"turns":4},{"damage":33,"enemies":"Champ","floor":33,"turns":6},{"damage":62,"enemies":"Orb Walker","floor":35,"turns":7},{"damage":28,"enemies":"2 Orb Walkers","floor":36,"turns":4},{"damage":3,"enemies":"Mind Bloom Boss Battle","floor":37,"turns":5},{"damage":0,"enemies":"3 Darklings","floor":38,"turns":2},{"damage":37,"enemies":"Reptomancer","floor":40,"turns":4},{"damage":81,"enemies":"Giant Head","floor":44,"turns":7},{"damage":17,"enemies":"Jaw Worm Horde","floor":45,"turns":2},{"damage":14,"enemies":"Reptomancer","floor":48,"turns":2},{"damage":30,"enemies":"Time Eater","floor":50,"turns":6},{"damage":27,"enemies":"Donu and Deca","floor":51,"turns":4},{"damage":82,"enemies":"Shield and Spear","floor":55,"turns":9},{"damage":116,"enemies":"The Heart","floor":56,"turns":5}],"seed_played":"-7288617793792316209","potions_obtained":[{"floor":1,"key":"Weak Potion"},{"floor":3,"key":"CultistPotion"},{"floor":4,"key":"ColorlessPotion"},{"floor":13,"key":"Dexterity Potion"},{"floor":14,"key":"Fruit Juice"},{"floor":16,"key":"Energy Potion"},{"floor":18,"key":"BlessingOfTheForge"},{"floor":19,"key":"Swift Potion"},{"floor":24,"key":"Weak Potion"},{"floor":25,"key":"BloodPotion"},{"floor":27,"key":"SkillPotion"},{"floor":30,"key":"ElixirPotion"},{"floor":33,"key":"CultistPotion"},{"floor":35,"key":"ElixirPotion"},{"floor":36,"key":"Explosive Potion"},{"floor":37,"key":"Block Potion"},{"floor":38,"key":"Fruit Juice"},{"floor":40,"key":"SteroidPotion"},{"floor":44,"key":"DistilledChaos"},{"floor":45,"key":"SpeedPotion"},{"floor":55,"key":"Ancient Potion"}],"is_trial":false,"path_per_floor":["M","?","M","M","M","E","R","E","T","R","M","?","E","M","R","B",null,"M","M","?","?","$","R","E","M","T","M","?","R","E","$","R","B",null,"M","?","?","M","?","E","?","R","T","E","M","T","R","E","R","B","B",null,"R","$","E","B"],"character_chosen":"IRONCLAD","items_purchased":["Potion Belt","Reaper+1","Membership Card","Transmutation+1","Lizard Tail","PowerPotion","Sentinel+1","Blue Candle"],"campfire_rested":9,"item_purchase_floors":[22,22,54,54,54,54,54,54],"current_hp_per_floor":[62,75,75,73,65,45,67,37,37,59,59,36,27,32,32,32,68,61,47,47,39,39,63,38,45,45,26,26,50,65,65,80,67,77,33,29,73,85,85,62,62,85,85,42,68,68,85,71,85,55,47,76,85,85,50,0,0],"gold":64,"neow_bonus":"BOSS_RELIC","is_daily":false,"chose_seed":false,"campfire_upgraded":0,"win_rate":0.0,"timestamp":1613061291,"path_taken":["M","?","M","M","?","E","R","E","T","R","M","?","E","M","R","BOSS","M","M","?","?","$","R","E","M","T","?","?","R","E","$","R","BOSS","M","?","?","M","?","E","?","R","T","E","M","?","R","E","R","BOSS","BOSS","R","$","E","BOSS"],"items_purchased_type":["Relic","Card","Relic","Card","Relic","Potion","Card","Relic"],"build_version":"2020-12-22","purchased_purges":1,"victory":false,"max_hp_per_floor":[75,75,75,75,75,75,75,75,75,75,75,75,75,75,75,80,80,80,80,80,80,80,80,80,80,80,80,80,80,80,80,80,80,80,80,80,80,85,85,85,85,85,85,85,85,85,85,85,85,85,85,85,85,85,85,85,85],"relic_stats":{"Regal Pillow":0,"counters":[29,126],"Blue Candle":[2],"StoneCalendar":[0],"Question Card":6,"Mercury Hourglass":[109],"Blood Vial":20,"Dream Catcher":4,"Lizard Tail":42,"Gambling Chip":[53],"Snecko Eye":[149,171,168,171],"obtain_stats":[{"Ice Cream":34,"Lantern":20,"Regal Pillow":30,"StoneCalendar":55,"Burning Blood":0,"Old Coin":37,"Blood Vial":24,"Dream Catcher":40,"Lizard Tail":54,"Gambling Chip":36,"Fusion Hammer":0,"Toxic Egg 2":46,"Red Skull":48,"Potion Belt":22,"Blue Candle":54,"Thread and Needle":8,"Omamori":34,"Question Card":44,"White Beast Statue":13,"Mercury Hourglass":43,"Calling Bell":34,"Snecko Eye":17,"Molten Egg 2":9,"Membership Card":54,"Toy Ornithopter":6,"Meat on the Bone":34},{"Ice Cream":17,"Lantern":12,"Regal Pillow":16,"StoneCalendar":28,"Burning Blood":0,"Old Coin":20,"Blood Vial":13,"Dream Catcher":22,"Lizard Tail":27,"Gambling Chip":19,"Fusion Hammer":0,"Toxic Egg 2":24,"Red Skull":25,"Potion Belt":12,"Blue Candle":27,"Thread and Needle":6,"Omamori":17,"Question Card":23,"White Beast Statue":8,"Mercury Hourglass":22,"Calling Bell":17,"Snecko Eye":10,"Molten Egg 2":6,"Membership Card":27,"Toy Ornithopter":5,"Meat on the Bone":17},{"Ice Cream":69,"Lantern":48,"Regal Pillow":63,"StoneCalendar":121,"Burning Blood":0,"Old Coin":85,"Blood Vial":52,"Dream Catcher":91,"Lizard Tail":112,"Gambling Chip":80,"Fusion Hammer":0,"Toxic Egg 2":100,"Red Skull":102,"Potion Belt":48,"Blue Candle":112,"Thread and Needle":22,"Omamori":69,"Question Card":98,"White Beast Statue":28,"Mercury Hourglass":91,"Calling Bell":69,"Snecko Eye":40,"Molten Egg 2":22,"Membership Card":112,"Toy Ornithopter":16,"Meat on the Bone":69}],"Toy Ornithopter":77,"Meat on the Bone":60},"card_choices":[{"not_picked":["Evolve","Iron Wave"],"picked":"Cleave","floor":1},{"not_picked":["Flex","Shrug It Off"],"picked":"Sword Boomerang","floor":3},{"not_picked":["Twin Strike","Combust"],"picked":"Pommel Strike","floor":4},{"not_picked":["Perfected Strike","Sword Boomerang"],"picked":"Whirlwind","floor":5},{"not_picked":["Reckless Charge","Clothesline"],"picked":"Uppercut","floor":6},{"not_picked":["Exhume","Combust"],"picked":"Armaments","floor":8},{"not_picked":["Heavy Blade+1","Intimidate"],"picked":"Clothesline+1","floor":11},{"not_picked":["Juggernaut","Exhume"],"picked":"Double Tap","floor":16},{"not_picked":["Armaments","Seeing Red"],"picked":"Battle Trance","floor":18},{"not_picked":["Seeing Red+1","Feel No Pain"],"picked":"Inflame","floor":25},{"not_picked":["Warcry","Entrench"],"picked":"Spot Weakness","floor":27},{"not_picked":["Flex+1","Cleave+1"],"picked":"Carnage+1","floor":30},{"not_picked":["Fiend Fire+1","Immolate+1"],"picked":"Bludgeon+1","floor":33},{"not_picked":["Twin Strike+1","Rupture","Armaments"],"picked":"SKIP","floor":35},{"not_picked":["Pommel Strike+1","Thunderclap+1","Disarm"],"picked":"SKIP","floor":38},{"not_picked":["Reckless Charge+1","Pummel+1"],"picked":"Exhume","floor":40},{"not_picked":["Flame Barrier","Rampage+1","Iron Wave+1"],"picked":"Armaments+1","floor":45},{"not_picked":["Clash+1","True Grit+1","Armaments+1"],"picked":"Impervious+1","floor":48},{"not_picked":["Armaments+1","Rupture","Shrug It Off+1"],"picked":"Shockwave+1","floor":53},{"not_picked":["Body Slam+1","Cleave+1","Clothesline+1"],"picked":"Heavy Blade+1","floor":55}],"player_experience":1465800,"relics_obtained":[{"floor":6,"key":"Toy Ornithopter"},{"floor":8,"key":"Thread and Needle"},{"floor":9,"key":"Molten Egg 2"},{"floor":13,"key":"White Beast Statue"},{"floor":24,"key":"Blood Vial"},{"floor":30,"key":"Regal Pillow"},{"floor":34,"key":"Omamori"},{"floor":34,"key":"Meat on the Bone"},{"floor":34,"key":"Ice Cream"},{"floor":36,"key":"Gambling Chip"},{"floor":37,"key":"Old Coin"},{"floor":40,"key":"Dream Catcher"},{"floor":43,"key":"Mercury Hourglass"},{"floor":44,"key":"Question Card"},{"floor":46,"key":"Toxic Egg 2"},{"floor":48,"key":"Red Skull"},{"floor":55,"key":"StoneCalendar"}],"event_choices":[{"damage_healed":13,"gold_gain":0,"player_choice":"Full Heal","damage_taken":0,"max_hp_gain":0,"max_hp_loss":0,"event_name":"Wheel of Change","floor":2,"gold_loss":0},{"damage_healed":0,"gold_gain":0,"player_choice":"Entered Light","damage_taken":23,"max_hp_gain":0,"max_hp_loss":0,"event_name":"Shining Light","floor":12,"gold_loss":0,"cards_upgraded":["Strike_R","Pommel Strike"]},{"damage_healed":0,"gold_gain":0,"player_choice":"Obtained Relic","damage_taken":0,"relics_obtained":["Lantern"],"max_hp_gain":0,"max_hp_loss":0,"event_name":"Addict","floor":20,"gold_loss":85},{"damage_healed":0,"gold_gain":50,"player_choice":"Touch","damage_taken":8,"max_hp_gain":0,"max_hp_loss":0,"event_name":"FaceTrader","floor":21,"gold_loss":0},{"cards_removed":["Strike_R"],"damage_healed":0,"gold_gain":0,"player_choice":"Gave Gold","damage_taken":0,"max_hp_gain":0,"max_hp_loss":0,"event_name":"Beggar","floor":28,"gold_loss":75},{"damage_healed":0,"gold_gain":0,"player_choice":"Fight","damage_taken":0,"max_hp_gain":0,"max_hp_loss":0,"event_name":"Mysterious Sphere","floor":36,"gold_loss":0},{"damage_healed":0,"gold_gain":0,"player_choice":"Fight","damage_taken":0,"max_hp_gain":0,"max_hp_loss":0,"event_name":"MindBloom","floor":37,"gold_loss":0},{"damage_healed":0,"gold_gain":0,"player_choice":"Ignored","damage_taken":0,"max_hp_gain":0,"max_hp_loss":0,"event_name":"Tomb of Lord Red Mask","floor":39,"gold_loss":0},{"cards_removed":["Cleave"],"damage_healed":0,"gold_gain":0,"player_choice":"Removed Attack","damage_taken":0,"max_hp_gain":0,"max_hp_loss":0,"event_name":"Falling","floor":41,"gold_loss":0}],"is_beta":false,"boss_relics":[{"not_picked":["Empty Cage","Coffee Dripper"],"picked":"Snecko Eye"},{"not_picked":["Runic Cube","Runic Pyramid"],"picked":"Calling Bell"}],"items_purged_floors":[54],"is_endless":false,"potions_floor_spawned":[1,3,4,13,14,16,18,19,24,25,27,30,33,35,36,37,38,40,44,45,48,55],"killed_by":"The Heart","ascension_level":20}}