{"host":"8iaoobhpyvel1t4g","time":1613043189,"event":{"mods":["Aspiration","BaseMod","Beaked The Cultist","Colored Map","Conspire","Energized Spire","Friendly Minions","Glutton Mod","Halation","Highlight Path","Hubris","Infinite Spire","Jedi Mod","Minty Spire (QoL Compilation)","Permanent Neow","Quick Restart","Replay The Spire","Shop Mod","StSLib","SuperFastMode","The Jungle","TheVacant","Weighted Paths"],"gold_per_floor":[109,109,184,359,370,404,404,404,404,419,419,436,436,47,47,142,142,162,261,277,295,195,215,247,247,273,289,289,303,321,321,321,426,426,439,456,456,128,145,177,177,211,211,211,211,222,222,237,237,237,237,237,25,50,50],"floor_reached":56,"language":"ENG","playtime":3130,"items_purged":["Doubt","theVacant:VacantStarterStrike","theVacant:VacantStarterStrike"],"score":1027,"play_id":"096fdb8c-e431-487f-ae3d-49f97b03c32c","local_time":"20210211063309","is_ascension_mode":false,"campfire_choices":[{"data":"theVacant:Release","floor":7.0,"key":"SMITH"},{"data":"theVacant:Recover","floor":11.0,"key":"SMITH"},{"data":"theVacant:ShutAway","floor":13.0,"key":"SMITH"},{"data":"theVacant:Recover","floor":15.0,"key":"SMITH"},{"data":"theVacant:VacantStarterStrike","floor":32.0,"key":"PURGE"},{"data":"theVacant:VacantStarterDefend","floor":41.0,"key":"PURGE"},{"floor":45,"key":"RECALL"},{"data":"theVacant:VoidEmbrace","floor":49,"key":"SMITH"},{"data":"theVacant:BellToll","floor":52,"key":"SMITH"}],"circlet_count":0,"master_deck":["theVacant:VacantStarterStrike","theVacant:VacantStarterDefend","theVacant:VacantStarterDefend","theVacant:VacantStarterDefend","theVacant:Release+1","theVacant:Crunch","theVacant:Threat+1","theVacant:Recover+1","theVacant:Barrage","theVacant:ShutAway+1","theVacant:ForgeSoul","theVacant:Recover+1","theVacant:ForgeSoul","theVacant:OnSecondThought+1","theVacant:Recover","theVacant:Throttle+1","theVacant:Threat","theVacant:BellToll+1","theVacant:DeathSpiral+1","theVacant:OnSecondThought+1","theVacant:Rejection+1","theVacant:Dig","theVacant:VoidEmbrace+1","theVacant:SurpriseAttack+1","theVacant:Jab","theVacant:Return+1","theVacant:VoidEmbrace+1","Trip","theVacant:Return+1"],"relics":["theVacant:BrassGoblet","aspiration:Nostalgia","beaked:MendingPlumage","Torii","Meat on the Bone","Peace Pipe","Replay:WaspNest","energizedSpire:NeverEndingSparkler","aspiration:ArtOfWarUpgrade","Bag of Marbles","conspire:SlowCooker","hubris:Icosahedron","Guide Book","Pen Nib","Happy Flower","aspiration:ChemicalBlood","hubris:Towel","halation:KoshaPiece"],"acts_visited":["Exordium","TheCity","TheBeyond","TheEnding"],"potions_floor_usage":[42,50],"damage_taken":[{"damage":1.0,"enemies":"Cultist","floor":1.0,"turns":4.0},{"damage":1.0,"enemies":"Jaw Worm","floor":5.0,"turns":3.0},{"damage":70.0,"enemies":"Gremlin Nob","floor":6.0,"turns":7.0},{"damage":0.0,"enemies":"Small Slimes","floor":10.0,"turns":3.0},{"damage":0.0,"enemies":"3 Louse","floor":12.0,"turns":2.0},{"damage":5.0,"enemies":"The Guardian","floor":16.0,"turns":9.0},{"damage":33.0,"enemies":"Chosen","floor":18.0,"turns":6.0},{"damage":6.0,"enemies":"3 Byrds","floor":20.0,"turns":4.0},{"damage":13.0,"enemies":"conspire:HollyBat","floor":21.0,"turns":4.0},{"damage":20.0,"enemies":"Shelled Parasite and Fungi","floor":23.0,"turns":4.0},{"damage":1.0,"enemies":"conspire:Head Lice","floor":24.0,"turns":5.0},{"damage":21.0,"enemies":"Cultist and Chosen","floor":27.0,"turns":6.0},{"damage":1.0,"enemies":"Sentry and Sphere","floor":29.0,"turns":3.0},{"damage":0.0,"enemies":"Snake Plant","floor":30.0,"turns":2.0},{"damage":32.0,"enemies":"Automaton","floor":33.0,"turns":4.0},{"damage":0.0,"enemies":"Orb Walker","floor":35.0,"turns":1.0},{"damage":30.0,"enemies":"3 Shapes","floor":36.0,"turns":2.0},{"damage":24.0,"enemies":"Maw","floor":39.0,"turns":3.0},{"damage":31.0,"enemies":"Nemesis","floor":40.0,"turns":5.0},{"damage":24,"enemies":"Giant Head","floor":42,"turns":3},{"damage":0,"enemies":"Transient","floor":46,"turns":5},{"damage":0,"enemies":"Writhing Mass","floor":48,"turns":1},{"damage":6,"enemies":"hubris:GrandSnecko","floor":50,"turns":4},{"damage":0,"enemies":"Shield and Spear","floor":54,"turns":3},{"damage":15,"enemies":"The Heart","floor":55,"turns":3}],"seed_played":"1784773711451360808","potions_obtained":[{"floor":10.0,"key":"Adrenaline Potion"},{"floor":12.0,"key":"SpeedPotion"},{"floor":16.0,"key":"jedi:tentaclejuice"},{"floor":20.0,"key":"Weak Potion"},{"floor":24.0,"key":"Weak Potion"},{"floor":30.0,"key":"Death Potion"},{"floor":36.0,"key":"SteroidPotion"},{"floor":40.0,"key":"ColorlessPotion"},{"floor":42,"key":"FearPotion"}],"is_trial":false,"path_per_floor":["M","T","?","?","M","E","R","?","T","M","R","M","R","$","R","B",null,"M","?","M","M","$","M","E","R","T","M","R","M","M","?","R","B",null,"M","M","?","$","M","E","R","E","T","?","R","M","?","M","R","B",null,"R","$","E","B",null],"character_chosen":"THE_VACANT","items_purchased":["Replay:WaspNest","theVacant:Recover","Guide Book","Fruit Juice","theVacant:VoidEmbrace","Trip"],"campfire_rested":0,"item_purchase_floors":[14,14,38,38,38,53],"current_hp_per_floor":[80,80,69,69,77,32,32,32,32,48,48,58,58,58,58,80,80,49,49,80,80,80,80,80,80,80,72,72,80,80,80,80,80,80,80,57,57,62,57,85,85,85,85,85,85,85,81,81,81,81,81,81,81,81,68],"gold":50,"neow_bonus":"NOSTALGIA","is_daily":false,"chose_seed":false,"campfire_upgraded":6,"win_rate":0.0,"timestamp":1613043189,"path_taken":["M","?","?","?","M","E","R","?","T","?","R","M","R","?","R","BOSS","M","?","M","M","$","M","E","R","T","M","R","M","M","?","R","BOSS","M","M","?","$","M","E","R","E","T","?","R","M","?","M","R","BOSS","R","$","E","BOSS"],"items_purchased_type":["Relic","Card","Relic","Potion","Card","Card"],"build_version":"2020-12-22","purchased_purges":3,"victory":true,"max_hp_per_floor":[80,80,80,80,80,80,80,80,80,80,80,80,80,80,80,80,80,80,80,80,80,80,80,80,80,80,80,80,80,80,80,80,80,80,80,80,80,85,85,85,85,85,85,85,85,85,81,81,81,81,81,81,81,81,81],"card_choices":[{"not_picked":["theVacant:Carve","theVacant:Whip"],"picked":"theVacant:Threat","floor":1.0},{"not_picked":["theVacant:LashOut","theVacant:Thoughtseize"],"picked":"theVacant:Recover","floor":5.0},{"not_picked":["theVacant:Cower","theVacant:Throttle"],"picked":"theVacant:Barrage","floor":6.0},{"not_picked":["theVacant:Gloom","theVacant:Enrage"],"picked":"theVacant:ShutAway","floor":10.0},{"not_picked":["theVacant:Soothe","theVacant:ReaperStrike"],"picked":"theVacant:ForgeSoul","floor":12.0},{"not_picked":["theVacant:WhenDarknessComes","theVacant:Showdown"],"picked":"theVacant:ForgeSoul","floor":16.0},{"not_picked":["theVacant:CursedBlast+1","theVacant:Acceptance+1"],"picked":"theVacant:OnSecondThought+1","floor":18.0},{"not_picked":["theVacant:Jab","theVacant:Spinshield"],"picked":"theVacant:Recover","floor":20.0},{"not_picked":["theVacant:Fling","theVacant:Jab","theVacant:HolyWater"],"picked":"SKIP","floor":21.0},{"not_picked":["theVacant:EyePoke","theVacant:Carve+1"],"picked":"theVacant:Throttle+1","floor":23.0},{"not_picked":["theVacant:BurdenBreak","theVacant:Prevent"],"picked":"theVacant:Threat","floor":24.0},{"not_picked":["theVacant:EyePoke","theVacant:Whip"],"picked":"theVacant:BellToll","floor":27.0},{"not_picked":["theVacant:BattleScars","theVacant:Thoughtseize"],"picked":"theVacant:DeathSpiral","floor":29.0},{"not_picked":["theVacant:GraveWave","theVacant:Enrage"],"picked":"theVacant:OnSecondThought+1","floor":30.0},{"not_picked":["theVacant:FiendFrost","theVacant:Exorcise"],"picked":"theVacant:Rejection","floor":33.0},{"not_picked":["theVacant:ShriekingBlast+1","theVacant:Whip","theVacant:BattleScars+1"],"picked":"SKIP","floor":35.0},{"not_picked":["theVacant:Enrage+1","theVacant:Barrage"],"picked":"theVacant:Dig","floor":36.0},{"not_picked":["theVacant:Spinshield","theVacant:TwistFate+1","theVacant:CursedBlast"],"picked":"SKIP","floor":39.0},{"not_picked":["theVacant:IntoTheAbyss","theVacant:GraveWave"],"picked":"theVacant:SurpriseAttack+1","floor":40.0},{"not_picked":["theVacant:VoidForm","theVacant:Anguish"],"picked":"theVacant:Jab","floor":42},{"not_picked":["theVacant:GraveWave+1","theVacant:BrassMagnet"],"picked":"theVacant:Return+1","floor":46},{"not_picked":["theVacant:Fling","theVacant:LichStrike"],"picked":"theVacant:VoidEmbrace+1","floor":48},{"not_picked":["theVacant:Thoughtseize+1","theVacant:Whip"],"picked":"theVacant:Return+1","floor":54}],"player_experience":326451,"relics_obtained":[{"floor":2.0,"key":"Torii"},{"floor":6.0,"key":"Meat on the Bone"},{"floor":9.0,"key":"Peace Pipe"},{"floor":24.0,"key":"Art of War"},{"floor":31.0,"key":"Bag of Marbles"},{"floor":40.0,"key":"Pen Nib"},{"floor":42,"key":"Happy Flower"},{"floor":43,"key":"aspiration:ChemicalBlood"},{"floor":54,"key":"halation:KoshaPiece"}],"event_choices":[{"damage_healed":0.0,"max_hp_gain":0.0,"max_hp_loss":0.0,"gold_gain":75.0,"event_name":"World of Goop","player_choice":"Gather Gold","floor":3.0,"gold_loss":0.0,"damage_taken":11.0},{"damage_healed":0.0,"max_hp_gain":0.0,"max_hp_loss":0.0,"gold_gain":175.0,"event_name":"Liars Game","player_choice":"AGREE","floor":4.0,"gold_loss":0.0,"damage_taken":0.0,"cards_obtained":["Doubt"]},{"damage_healed":0.0,"max_hp_gain":0.0,"max_hp_loss":0.0,"gold_gain":0.0,"event_name":"Living Wall","player_choice":"Grow","floor":8.0,"gold_loss":0.0,"damage_taken":0.0,"cards_upgraded":["theVacant:Threat"]},{"damage_healed":0.0,"max_hp_gain":0.0,"max_hp_loss":0.0,"gold_gain":99.0,"event_name":"Nest","player_choice":"Stole From Cult","floor":19.0,"gold_loss":0.0,"damage_taken":0.0},{"damage_healed":0,"gold_gain":0,"player_choice":"Max HP","damage_taken":0,"max_hp_gain":0,"max_hp_loss":4,"event_name":"Winding Halls","floor":47,"gold_loss":0}],"is_beta":false,"boss_relics":[{"not_picked":["ReplayTheSpireMod:DimensionalGlitch","halation:LoveArrow"],"picked":"energizedSpire:NeverEndingSparkler"},{"not_picked":["hubris:BlackHole","Runic Dome"],"picked":"conspire:SlowCooker"}],"items_purged_floors":[14,22,53],"is_endless":false,"potions_floor_spawned":[10,12,16,20,24,30,36,40,42],"ascension_level":0}}