{"host":"sclo8dalokcsh435","time":1613044877,"event":{"mods":["BaseMod","Minty Spire (QoL Compilation)"],"gold_per_floor":[14,24,24,37,49,49,75,75,75,110,129,129,204,479,479,479,479],"floor_reached":16,"language":"ENG","playtime":646,"items_purged":[],"score":270,"play_id":"65c75e51-e2d1-4e9d-9342-73e1d09311d9","local_time":"20210211130117","is_ascension_mode":true,"campfire_choices":[{"data":"Bash","floor":6.0,"key":"SMITH"},{"data":"Dual Wield","floor":8.0,"key":"SMITH"},{"floor":12.0,"key":"REST"},{"data":"Flame Barrier","floor":15.0,"key":"SMITH"}],"circlet_count":0,"master_deck":["AscendersBane","Strike_R","Strike_R","Strike_R","Strike_R","Strike_R","Defend_R","Defend_R","Defend_R","Defend_R","Bash+1","Feed+1","Shrug It Off","Dual Wield+1","Cleave","True Grit","Inflame","Flame Barrier+1","Regret"],"relics":["Burning Blood","Darkstone Periapt","Mango","Dead Branch"],"acts_visited":["Exordium"],"potions_floor_usage":[],"damage_taken":[{"damage":12.0,"enemies":"Cultist","floor":1.0,"turns":4.0},{"damage":11.0,"enemies":"2 Louse","floor":2.0,"turns":4.0},{"damage":8.0,"enemies":"Small Slimes","floor":4.0,"turns":3.0},{"damage":25.0,"enemies":"Red Slaver","floor":5.0,"turns":6.0},{"damage":11.0,"enemies":"Lagavulin","floor":7.0,"turns":4.0},{"damage":22.0,"enemies":"3 Sentries","floor":10.0,"turns":5.0},{"damage":29.0,"enemies":"Exordium Thugs","floor":11.0,"turns":7.0},{"damage":59,"enemies":"Hexaghost","floor":16,"turns":9}],"seed_played":"-1513072954038162093","potions_obtained":[{"floor":4.0,"key":"EntropicBrew"},{"floor":5.0,"key":"PowerPotion"},{"floor":7.0,"key":"Ancient Potion"}],"is_trial":false,"path_per_floor":["M","M","?","M","M","R","E","R","T","E","M","R","?","?","R","B"],"character_chosen":"IRONCLAD","items_purchased":[],"campfire_rested":1,"item_purchase_floors":[],"current_hp_per_floor":[65,63,63,69,50,50,45,45,59,47,28,61,50,56,56,0,0],"gold":479,"neow_bonus":"THREE_RARE_CARDS","is_daily":false,"chose_seed":false,"campfire_upgraded":3,"win_rate":0.0,"timestamp":1613044877,"path_taken":["M","M","?","M","M","R","E","R","T","E","M","R","?","?","R","BOSS"],"items_purchased_type":[],"build_version":"2020-12-22","purchased_purges":0,"victory":false,"max_hp_per_floor":[78,81,81,89,89,89,89,89,103,107,111,111,111,117,117,117,117],"card_choices":[{"not_picked":["Berserk","Double Tap"],"picked":"Feed","floor":0.0},{"not_picked":["True Grit","Headbutt"],"picked":"Shrug It Off","floor":1.0},{"not_picked":["Pummel","Havoc"],"picked":"Dual Wield","floor":2.0},{"not_picked":["Clash","Pommel Strike"],"picked":"Cleave","floor":4.0},{"not_picked":["Sword Boomerang","Twin Strike"],"picked":"True Grit","floor":5.0},{"not_picked":["Infernal Blade","Sword Boomerang","Perfected Strike"],"picked":"SKIP","floor":7.0},{"not_picked":["Rampage","True Grit"],"picked":"Inflame","floor":10.0},{"not_picked":["Sword Boomerang","Blood for Blood"],"picked":"Flame Barrier","floor":11.0}],"player_experience":428260,"relics_obtained":[{"floor":7.0,"key":"Darkstone Periapt"},{"floor":9.0,"key":"Mango"},{"floor":10.0,"key":"Dead Branch"}],"event_choices":[{"damage_healed":0.0,"max_hp_gain":0.0,"max_hp_loss":0.0,"gold_gain":0.0,"event_name":"Living Wall","player_choice":"Grow","floor":3.0,"gold_loss":0.0,"damage_taken":0.0,"cards_upgraded":["Feed"]},{"damage_healed":0.0,"max_hp_gain":0.0,"max_hp_loss":0.0,"gold_gain":75.0,"event_name":"World of Goop","player_choice":"Gather Gold","floor":13.0,"gold_loss":0.0,"damage_taken":11.0},{"damage_healed":0.0,"max_hp_gain":0.0,"max_hp_loss":0.0,"gold_gain":275.0,"event_name":"Golden Shrine","player_choice":"Desecrate","floor":14.0,"gold_loss":0.0,"damage_taken":0.0,"cards_obtained":["Regret"]}],"is_beta":false,"boss_relics":[],"items_purged_floors":[],"is_endless":false,"potions_floor_spawned":[4,5,7],"killed_by":"Hexaghost","ascension_level":20}}