{"host":"g5fmetnswx4f9rhi","time":1613004586,"event":{"mods":["AchievementEnabler","Act Like it!","Aspiration","BaseMod","Conspire","Friendly Minions","Gensokyo","GifTheSpireLib","Halation","Hallownest","Hubris","Infinite Spire","Koishi","Lobotomy","LobotomyExtend","Luminous","Mari Mod (Legacy)","Mari\u0027s V1 Patch","Marisa????????","Mimic Mod","Minty Spire (QoL Compilation)","Railgun Mod","Reimu??????","Remilia??????","Replay The Spire","StSLib","Td1madao Mod","The Administrix","The Alterego","The Animator","The Bladedancer","The Bug Knight","The Cursed","The Disciple","The Jungle","The Marked","The Necromancer","The Senshi","The Servant 0.9.4","Waifu the Spire","Yakumo Yukari mod","Yuri Mod"],"gold_per_floor":[115,115,115,127,147,147,181,181,181,207,207,33,33,33,33,134,134,134,147,162,312,328,328,328],"floor_reached":23,"language":"ENG","playtime":1843,"items_purged":["Hallownest:curseDreamersLament"],"score":197,"play_id":"45ae3b36-b36d-45b6-a0d8-e28984b13345","local_time":"20210210184945","is_ascension_mode":false,"campfire_choices":[{"data":"Redo","floor":6,"key":"SMITH"},{"floor":8,"key":"RECALL"},{"data":"Electrodynamics","floor":15,"key":"SMITH"}],"circlet_count":0,"master_deck":["Strike_B","Strike_B","Strike_B+1","Strike_B+1","Defend_B","Defend_B","Defend_B","Defend_B","Zap","Dualcast","Coolheaded","hubris:Ukulele","Redo+1","Static Discharge","Electrodynamics+1","Ball Lightning","Storm","Mirror Shield","Coolheaded+1","Stack+1","Aggregate+1"],"relics":["Cracked Core","aspiration:Nostalgia","Burning Blood","hubris:Towel","LetterFromLob","Juzu Bracelet","infinitespire:SolderingIron","Hallownest:TeacherSealRelic","aspiration:FutureDiary"],"acts_visited":["Hallownest:Greenpath","theJungle:Jungle"],"potions_floor_usage":[],"damage_taken":[{"damage":0,"enemies":"Hallownest:monsterHuskWarrior","floor":1,"turns":3},{"damage":1,"enemies":"Hallownest:2_Tiktiks_and_1_Crawlid","floor":4,"turns":4},{"damage":0,"enemies":"Hallownest:monsterHuskGuard","floor":5,"turns":3},{"damage":14,"enemies":"Hallownest:eliteMossKnight","floor":7,"turns":11},{"damage":3,"enemies":"Hallownest:eliteVengeflyKing","floor":10,"turns":7},{"damage":41,"enemies":"Hallownest:BossFalseKnight","floor":16,"turns":8},{"damage":1,"enemies":"Shell Parasite","floor":19,"turns":4},{"damage":4,"enemies":"theJungle:MUSHROOMGANG","floor":20,"turns":4},{"damage":29,"enemies":"theJungle:2_Snecko_Cultists","floor":22,"turns":5},{"damage":59,"enemies":"theJungle:Cassacara","floor":23,"turns":8}],"seed_played":"3914182339675855691","potions_obtained":[{"floor":1,"key":"GamblersBrew"},{"floor":4,"key":"Elixir"}],"is_trial":false,"path_per_floor":["M","?","?","M","M","R","E","R","T","E","?","$","?","?","R","B",null,"M","M","M","?","M","E"],"character_chosen":"DEFECT","items_purchased":["Ball Lightning","Storm"],"campfire_rested":0,"item_purchase_floors":[12,12],"current_hp_per_floor":[75,75,75,75,75,75,67,67,67,70,70,70,75,78,78,43,78,78,78,78,78,55,0,0],"gold":328,"neow_bonus":"NOSTALGIA","is_daily":false,"chose_seed":false,"campfire_upgraded":2,"win_rate":0.0,"timestamp":1613004585,"path_taken":["M","?","?","M","M","R","E","R","T","E","?","?","?","?","R","BOSS","M","M","M","?","M","E"],"items_purchased_type":["Card","Card"],"build_version":"2020-12-22","purchased_purges":1,"victory":false,"max_hp_per_floor":[75,75,75,75,75,75,75,75,75,75,75,75,75,78,78,78,78,78,78,78,78,78,78,78],"card_choices":[{"not_picked":["Redo","Gash"],"picked":"Coolheaded","floor":1},{"not_picked":["Leap","Go for the Eyes"],"picked":"hubris:Ukulele","floor":4},{"not_picked":["Glacier","ReplaySolidLightProjector"],"picked":"Redo","floor":5},{"not_picked":["Go for the Eyes","Stack"],"picked":"Static Discharge","floor":7},{"not_picked":["ReplayTheSpireMod:Repulse","Leap"],"picked":"Electrodynamics","floor":10},{"not_picked":["hubris:DoWhile","ReplayRNGCard"],"picked":"Mirror Shield","floor":16},{"not_picked":["Streamline+1","BasicCrystalCard"],"picked":"Coolheaded+1","floor":19},{"not_picked":["Coolheaded+1","Gash"],"picked":"Stack+1","floor":20},{"not_picked":["Streamline","Hologram"],"picked":"Aggregate+1","floor":22}],"player_experience":38833,"relics_obtained":[{"floor":4,"key":"LetterFromLob"},{"floor":7,"key":"Juzu Bracelet"},{"floor":10,"key":"infinitespire:SolderingIron"}],"event_choices":[],"is_beta":false,"boss_relics":[{"not_picked":["Runic Pyramid","conspire:SlowCooker"],"picked":"aspiration:FutureDiary"}],"items_purged_floors":[12],"is_endless":false,"potions_floor_spawned":[1,4],"killed_by":"theJungle:Cassacara","ascension_level":0}}