{"host":"lio2mpn51c3q3yeg","time":1613076692,"event":{"mods":["BaseMod","Downfall","Friendly Minions","Kiyohime£®«Âºß£©","Koishi","Marisa£®ÏF”Í°°ƒß¿Ì…≥£©","Minty Spire (QoL Compilation)","Remilia£®¿Ÿ√◊¿Ú—«£©","Replay The Spire","Shop Mod","StSLib","The Animator","The Construct","The Runesmith","The Senshi","The Servant 0.9.4","Youmu£®ªÍ∆«—˝√Œ£©","Yuyuko"],"gold_per_floor":[119,136,136,136,152,179,193,268,268,268,268],"floor_reached":10,"language":"ZHS","playtime":574,"items_purged":[],"score":68,"play_id":"fa3bcaf3-d4d3-4946-973f-a997cf386594","local_time":"20210212045132","is_ascension_mode":false,"campfire_choices":[],"circlet_count":0,"master_deck":["Runesmith:Strike_RS","Runesmith:Strike_RS","Runesmith:Strike_RS","Runesmith:Strike_RS","Runesmith:Defend_RS","Runesmith:Defend_RS","Runesmith:Defend_RS","Runesmith:Defend_RS","Runesmith:CraftFirestone","Runesmith:Fortify","Runesmith:Firewall","Runesmith:Retool","Pot Of Greed","Pot Of Greed","Runesmith:CraftMedicinae","Runesmith:BackupBattery"],"relics":["Runesmith:BrokenRuby","Grinning Jar","Garlic"],"acts_visited":["Exordium"],"potions_floor_usage":[10],"damage_taken":[{"damage":0,"enemies":"Cultist","floor":1,"turns":3},{"damage":3,"enemies":"Small Slimes","floor":2,"turns":3},{"damage":0,"enemies":"2 Louse","floor":5,"turns":3},{"damage":40,"enemies":"Lagavulin","floor":6,"turns":9},{"damage":13,"enemies":"2 Fungi Beasts","floor":7,"turns":5},{"damage":19,"enemies":"3 Sentries","floor":10,"turns":4}],"seed_played":"-676182119385988953","potions_obtained":[{"floor":7,"key":"Weak Potion"}],"is_trial":false,"path_per_floor":["M","M","T","?","M","E","M","?","T","E"],"character_chosen":"RUNESMITH_CLASS","items_purchased":[],"campfire_rested":0,"item_purchase_floors":[],"current_hp_per_floor":[77,74,74,77,77,37,24,13,13,0,0],"gold":268,"neow_bonus":"TEN_PERCENT_HP_BONUS","is_daily":false,"chose_seed":false,"campfire_upgraded":0,"win_rate":0.0,"timestamp":1613076692,"path_taken":["M","M","?","?","?","E","M","?","T","E"],"items_purchased_type":[],"build_version":"2020-12-22","purchased_purges":0,"victory":false,"max_hp_per_floor":[77,77,77,77,77,77,77,77,77,77,77],"card_choices":[{"not_picked":["Runesmith:HeatExchange","Runesmith:MakeshiftArmor"],"picked":"Runesmith:ChaoticBlast","floor":1},{"not_picked":["Runesmith:ShiftingStrike","Runesmith:CraftVitae"],"picked":"Runesmith:Firewall","floor":2},{"not_picked":["Runesmith:EnergizedChisel","Runesmith:ShiftingStrike"],"picked":"Runesmith:Retool","floor":5},{"not_picked":["Runesmith:HammerTime","Runesmith:Grindstone"],"picked":"Runesmith:CraftMedicinae","floor":6},{"not_picked":["Runesmith:HammerThrow","Runesmith:Overpower"],"picked":"Runesmith:BackupBattery","floor":7}],"player_experience":169597,"relics_obtained":[{"floor":6,"key":"Grinning Jar"},{"floor":9,"key":"Garlic"}],"event_choices":[{"cards_removed":["Runesmith:ChaoticBlast"],"damage_healed":3,"gold_gain":0,"player_choice":"Offered Uncommon","damage_taken":0,"max_hp_gain":0,"max_hp_loss":0,"event_name":"Bonfire Elementals","floor":4,"gold_loss":0},{"damage_healed":0,"gold_gain":75,"player_choice":"Gather Gold","damage_taken":11,"max_hp_gain":0,"max_hp_loss":0,"event_name":"World of Goop","floor":8,"gold_loss":0}],"is_beta":false,"boss_relics":[],"items_purged_floors":[],"is_endless":false,"potions_floor_spawned":[7],"killed_by":"3 Sentries","ascension_level":0}}