{"host":"d8cz15m779bv9isj","time":1613062555,"event":{"mods":["Aspiration","BaseMod","Colored Map","Colored Powertips","DeckTracker","Downfall","Hermit","Highlight Path","Hubris","Infinite Spire","Minty Spire (QoL Compilation)","Quick Restart","Random Character Button","Relic Sorter","Replay The Spire","StSLib","SuperFastMode","Synergy Search","The Cursed","The Disciple","The Jungle","The Runesmith"],"gold_per_floor":[115,160,177,177,21,21,21,21],"floor_reached":7,"language":"ENG","playtime":183,"items_purged":[],"score":51,"play_id":"00095285-e503-4b98-9d95-0ebedab90a9e","local_time":"20210211175555","is_ascension_mode":true,"campfire_choices":[{"floor":6,"key":"REST"}],"circlet_count":0,"master_deck":["Strike_G","Strike_G","Strike_G","Strike_G","Strike_G","Defend_G","Defend_G","Defend_G","Defend_G","Defend_G","Survivor","Neutralize","Tools of the Trade","Reflex","Dash","Dodge and Roll+1","Reflex+1"],"relics":["Ring of the Snake","Mummified Hand","hubris:OldNail"],"acts_visited":["Exordium"],"potions_floor_usage":[],"damage_taken":[{"damage":1,"enemies":"Cultist","floor":1,"turns":5},{"damage":5,"enemies":"Jaw Worm","floor":3,"turns":6},{"damage":53,"enemies":"Gremlin Nob","floor":7,"turns":6}],"seed_played":"-5910847178341878730","potions_obtained":[{"floor":1,"key":"Strength Potion"}],"is_trial":false,"path_per_floor":["M","?","M","?","$","R","E"],"character_chosen":"THE_SILENT","items_purchased":["hubris:OldNail"],"campfire_rested":1,"item_purchase_floors":[5],"current_hp_per_floor":[62,47,42,29,29,47,0,0],"gold":21,"neow_bonus":"THREE_RARE_CARDS","is_daily":false,"chose_seed":false,"campfire_upgraded":0,"win_rate":0.0,"timestamp":1613062555,"path_taken":["M","?","M","?","$","R","E"],"items_purchased_type":["Relic"],"build_version":"2020-12-22","purchased_purges":0,"victory":false,"max_hp_per_floor":[63,63,63,63,63,63,63,63],"card_choices":[{"not_picked":["Glass Knife","Corpse Explosion"],"picked":"Tools of the Trade","floor":0},{"not_picked":["Acrobatics","Poisoned Stab"],"picked":"Reflex","floor":1},{"not_picked":["Acrobatics","Bouncing Flask"],"picked":"Dash","floor":2},{"not_picked":["Slice","Deflect"],"picked":"Dodge and Roll","floor":2},{"not_picked":["Finisher","Cloak And Dagger"],"picked":"Reflex","floor":3}],"player_experience":246715,"relics_obtained":[{"floor":2,"key":"Mummified Hand"}],"event_choices":[{"damage_healed":0,"gold_gain":0,"player_choice":"Entered Light","damage_taken":13,"max_hp_gain":0,"max_hp_loss":0,"event_name":"Shining Light","floor":4,"gold_loss":0,"cards_upgraded":["Dodge and Roll","Reflex"]}],"is_beta":false,"boss_relics":[],"items_purged_floors":[],"is_endless":false,"potions_floor_spawned":[1],"killed_by":"Gremlin Nob","ascension_level":6}}