{"host":"opgesw7sb5n0ordz","time":1613023633,"event":{"mods":["BaseMod","Better Note","Colored Powertips","Curses Come First","Downfall","Minty Spire (QoL Compilation)","Relic Stats","StSLib","Unceasing Turn Reminder"],"gold_per_floor":[117,131,131,150,160,160,194,204,204,204,176,188,188,201,201,301,301,314,239,273,52,65,65,79,79,79,110,110,126,142,142,142,142,142],"floor_reached":33,"language":"ENG","playtime":1294,"items_purged":[],"score":336,"play_id":"f402f8f6-b909-4d19-bd8a-39f595303074","local_time":"20210211010713","is_ascension_mode":true,"campfire_choices":[{"data":"Neutralize","floor":6,"key":"SMITH"},{"floor":13,"key":"REST"},{"data":"Bane","floor":15,"key":"SMITH"},{"floor":23,"key":"REST"},{"data":"Skewer","floor":25,"key":"SMITH"},{"floor":28,"key":"REST"},{"floor":32,"key":"REST"}],"circlet_count":0,"master_deck":["Strike_G","Strike_G","Strike_G","Strike_G","Defend_G","Defend_G","Defend_G","Defend_G","Survivor","Neutralize+1","Dagger Throw","PiercingWail","Dagger Throw","Noxious Fumes","Flying Knee","Dodge and Roll","Bane+1","Phantasmal Killer","CurseOfTheBell","Skewer+1","PiercingWail","Crippling Poison","Bane","Flying Knee+1","Dodge and Roll","Malaise+1"],"relics":["Busted Crown","Bag of Preparation","StrikeDummy","Letter Opener","Calling Bell","Slimebound:StickyStick","Sundial","Turnip","Red Mask","TwistedFunnel","Question Card","Orichalcum"],"acts_visited":["Exordium","TheCity"],"potions_floor_usage":[16,27,27,33,33],"damage_taken":[{"damage":0,"enemies":"Cultist","floor":1,"turns":5},{"damage":0,"enemies":"2 Louse","floor":2,"turns":3},{"damage":2,"enemies":"Small Slimes","floor":4,"turns":4},{"damage":2,"enemies":"Exordium Wildlife","floor":5,"turns":5},{"damage":43,"enemies":"Gremlin Nob","floor":7,"turns":6},{"damage":0,"enemies":"2 Fungi Beasts","floor":8,"turns":3},{"damage":0,"enemies":"Looter","floor":12,"turns":3},{"damage":0,"enemies":"Gremlin Gang","floor":14,"turns":5},{"damage":26,"enemies":"The Guardian","floor":16,"turns":10},{"damage":7,"enemies":"2 Thieves","floor":18,"turns":4},{"damage":36,"enemies":"Masked Bandits","floor":20,"turns":5},{"damage":5,"enemies":"Shell Parasite","floor":22,"turns":5},{"damage":3,"enemies":"Centurion and Healer","floor":24,"turns":6},{"damage":14,"enemies":"Book of Stabbing","floor":27,"turns":6},{"damage":13,"enemies":"Sentry and Sphere","floor":29,"turns":4},{"damage":4,"enemies":"Snecko","floor":30,"turns":4},{"damage":39,"enemies":"Collector","floor":33,"turns":7}],"seed_played":"-6068984049127569677","potions_obtained":[{"floor":2,"key":"DistilledChaos"},{"floor":8,"key":"LiquidMemories"},{"floor":12,"key":"SkillPotion"},{"floor":16,"key":"CunningPotion"},{"floor":22,"key":"SpeedPotion"},{"floor":30,"key":"Explosive Potion"}],"is_trial":false,"path_per_floor":["M","M","?","M","M","R","E","M","T","?","?","M","R","M","R","B",null,"M","?","?","$","M","R","M","R","T","E","R","M","M","?","R","B"],"character_chosen":"THE_SILENT","items_purchased":["Crippling Poison","TwistedFunnel"],"campfire_rested":4,"item_purchase_floors":[21,21],"current_hp_per_floor":[70,70,63,61,59,59,16,16,16,13,13,13,34,34,34,8,55,48,48,12,12,7,28,25,25,25,11,32,19,15,15,36,0,0],"gold":142,"neow_bonus":"BOSS_RELIC","is_daily":false,"chose_seed":false,"campfire_upgraded":3,"win_rate":0.0,"timestamp":1613023633,"path_taken":["M","M","?","M","M","R","E","M","T","?","?","M","R","M","R","BOSS","M","?","?","?","M","R","M","R","T","E","R","M","M","?","R","BOSS"],"items_purchased_type":["Card","Relic"],"build_version":"2020-12-22","purchased_purges":0,"victory":false,"max_hp_per_floor":[70,70,70,70,70,70,70,70,70,70,70,70,70,70,70,70,70,70,70,70,70,70,70,70,70,70,70,70,70,70,70,70,70,70],"relic_stats":{"Busted Crown":34,"counters":[17,85],"Sundial":[4],"Turnip":[12],"Bag of Preparation":[24],"Letter Opener":[65],"Orichalcum":[36],"Question Card":3,"obtain_stats":[{"TwistedFunnel":21,"Bag of Preparation":7,"Letter Opener":10,"Orichalcum":27,"Question Card":26,"Calling Bell":17,"Busted Crown":0,"Slimebound:StickyStick":17,"Sundial":17,"Turnip":17,"Red Mask":20,"StrikeDummy":9,"Ring of the Snake":0},{"TwistedFunnel":11,"Bag of Preparation":5,"Letter Opener":6,"Orichalcum":14,"Question Card":13,"Calling Bell":9,"Busted Crown":0,"Slimebound:StickyStick":9,"Sundial":9,"Turnip":9,"Red Mask":11,"StrikeDummy":6,"Ring of the Snake":0},{"TwistedFunnel":53,"Bag of Preparation":23,"Letter Opener":26,"Orichalcum":70,"Question Card":64,"Calling Bell":44,"Busted Crown":0,"Slimebound:StickyStick":44,"Sundial":44,"Turnip":44,"Red Mask":53,"StrikeDummy":26,"Ring of the Snake":0}]},"card_choices":[{"not_picked":["Outmaneuver"],"picked":"SKIP","floor":1},{"not_picked":[],"picked":"Dagger Throw","floor":2},{"not_picked":[],"picked":"PiercingWail","floor":4},{"not_picked":[],"picked":"Dagger Throw","floor":5},{"not_picked":[],"picked":"Noxious Fumes","floor":7},{"not_picked":[],"picked":"Flying Knee","floor":8},{"not_picked":[],"picked":"Dodge and Roll","floor":12},{"not_picked":[],"picked":"Bane","floor":14},{"not_picked":[],"picked":"Phantasmal Killer","floor":16},{"not_picked":[],"picked":"Skewer","floor":18},{"not_picked":[],"picked":"PiercingWail","floor":20},{"not_picked":[],"picked":"Bane","floor":22},{"not_picked":["Setup+1"],"picked":"SKIP","floor":24},{"not_picked":["Slice"],"picked":"Flying Knee+1","floor":27},{"not_picked":["Dagger Throw"],"picked":"Dodge and Roll","floor":29},{"not_picked":["Concentrate"],"picked":"Malaise","floor":30}],"player_experience":752224,"relics_obtained":[{"floor":7,"key":"Bag of Preparation"},{"floor":9,"key":"StrikeDummy"},{"floor":17,"key":"Slimebound:StickyStick"},{"floor":17,"key":"Sundial"},{"floor":17,"key":"Turnip"},{"floor":20,"key":"Red Mask"},{"floor":26,"key":"Question Card"},{"floor":27,"key":"Orichalcum"}],"event_choices":[{"cards_removed":["Strike_G"],"damage_healed":0,"gold_gain":0,"player_choice":"Card Removal","damage_taken":7,"max_hp_gain":0,"max_hp_loss":0,"event_name":"Golden Wing","floor":3,"gold_loss":0},{"damage_healed":0,"gold_gain":0,"player_choice":"Success","damage_taken":3,"relics_obtained":["Letter Opener"],"max_hp_gain":0,"max_hp_loss":0,"event_name":"Scrap Ooze","floor":10,"gold_loss":0},{"damage_healed":0,"gold_gain":0,"player_choice":"Left Gold","damage_taken":0,"max_hp_gain":0,"max_hp_loss":0,"event_name":"World of Goop","floor":11,"gold_loss":28},{"cards_removed":["Defend_G"],"damage_healed":0,"gold_gain":0,"player_choice":"Gave Gold","damage_taken":0,"max_hp_gain":0,"max_hp_loss":0,"event_name":"Beggar","floor":19,"gold_loss":75},{"damage_healed":0,"gold_gain":0,"player_choice":"Fought Bandits","damage_taken":0,"max_hp_gain":0,"max_hp_loss":0,"event_name":"Masked Bandits","floor":20,"gold_loss":0},{"damage_healed":0,"gold_gain":0,"player_choice":"Upgraded","damage_taken":0,"max_hp_gain":0,"max_hp_loss":0,"event_name":"Upgrade Shrine","floor":31,"gold_loss":0,"cards_upgraded":["Malaise"]}],"is_beta":false,"boss_relics":[{"not_picked":["Snecko Eye","SacredBark"],"picked":"Calling Bell"}],"items_purged_floors":[],"is_endless":false,"potions_floor_spawned":[2,8,12,16,20,22,30],"killed_by":"Collector","ascension_level":5}}