{"host":"dwyzfvnzfcqffr30","time":1613057947,"event":{"mods":["2.2 Compatiblity","Act Like it!","Aspiration","BaseMod","Beaked The Cultist","Better Altar","Better Match","Better Note","Better Sensory Stone","Better Skull","Better Third Choice","Clockwork Mod","Colored Map","Colored Powertips","Conspire","Downfall","Elementarium","GifTheSpireLib","Halation","Hermit","Hubris","Infinite Spire","Ironclad Rager","Jedi Mod","Menagerie","Mimic Mod","Minty Spire (QoL Compilation)","Permanent Neow","Random Character Button","Relic Filter Mod","Reliquary","Replay The Spire","Spicy Shops","Spikes Relics","StSLib","Stuff the Spire","The Construct","The Disciple","The Druid","The Marked","TheFirefly","Trackpad","Wandering Minibosses"],"gold_per_floor":[115,134,157,177,208,251,251,301,301,333,374,426,3,18,18,92,92,109,131,225,254,284,334,374,374,374,433,492,492,492,492,552,602,602,715,715,777,802,70,94,111,153,153,193,232,257,294,339,339,373,373,373,373,373,66,102,102],"floor_reached":58,"language":"ENG","playtime":3406,"items_purged":[],"score":2836,"play_id":"8ef7100e-6244-46ae-af96-66e2c38ce813","local_time":"20210211073907","is_ascension_mode":true,"campfire_choices":[{"floor":7,"key":"RECALL"},{"data":"conspire:Banana+1","floor":15,"key":"SMITH"},{"data":"StuffTheSpire:BrainWave+3","floor":34,"key":"SMITH"},{"data":"StuffTheSpire:BrainWave+4","floor":43,"key":"SMITH"},{"data":"1","floor":51,"key":"LIFT"},{"data":"2","floor":54,"key":"LIFT"}],"circlet_count":0,"master_deck":["AscendersBane","StuffTheSpire:BrainWave+5","Strike_R+1","Strike_R+1","Strike_R+1","Strike_R+1","Strike_R+1","Defend_R+1","Defend_R+1","Defend_R+1","Defend_R+1","Bash+1","Apotheosis+1","MasterReality+1","Heavy Blade+1","Perfected Strike+1","conspire:HitWhereItHurts+1","Pommel Strike+1","Invigoration+1","Shockwave+1","Shockwave+1","Cleave+1","conspire:Banana+2","Berserk+1","Exhume+1","Shockwave+1"],"relics":["Black Blood","ReplayTheSpireMod:Spearhead","Toxic Egg 2","Molten Egg 2","Frozen Egg 2","Quantum Egg","infinitespire:EvilPickle","conspire:InfiniteJournal","SacredBark","hubris:TinFlute","halation:Prosthetics","Bottled Tornado","conspire:Flyswatter","jedi:HeartOfTheCards","reliquary:TatteredRug","Champion Belt","Ring of Chaos","jedi:crownofsimplicity","Shuriken","jedi:heavyjacket","StuffTheSpire:Expresso","trackpad:BerserkersDraught","Lantern","StuffTheSpire:MayFlowers","infinitespire:Magic Flask","Medical Kit","Replay:Multitool","trackpad:RapidFire","StuffTheSpire:NeowsTribute","Girya","Molten Egg 2","hubris:IronBody","hubris:Zylophone","Chemical X"],"acts_visited":[],"potions_floor_usage":[8,16,21,23,27,28,33,46,48,52,57],"damage_taken":[{"damage":0,"enemies":"infinitespire:Voidling","floor":1,"turns":2},{"damage":0,"enemies":"Cultist","floor":2,"turns":2},{"damage":5,"enemies":"conspire:RoseBush","floor":3,"turns":3},{"damage":0,"enemies":"Exordium Wildlife","floor":4,"turns":3},{"damage":5,"enemies":"Gremlin Gang","floor":5,"turns":3},{"damage":0,"enemies":"Lagavulin","floor":6,"turns":3},{"damage":12,"enemies":"Replay:BlueRogue","floor":8,"turns":3},{"damage":1,"enemies":"Lots of Slimes","floor":10,"turns":3},{"damage":0,"enemies":"Large Slime","floor":11,"turns":2},{"damage":4,"enemies":"Lagavulin","floor":12,"turns":4},{"damage":5,"enemies":"Blue Slaver","floor":14,"turns":3},{"damage":0,"enemies":"The Guardian","floor":16,"turns":2},{"damage":0,"enemies":"Spheric Guardian","floor":18,"turns":3},{"damage":6,"enemies":"3 Byrds","floor":19,"turns":5},{"damage":0,"enemies":"3 Cultists","floor":21,"turns":2},{"damage":6,"enemies":"conspire:HollyBat","floor":22,"turns":5},{"damage":0,"enemies":"conspire:SneckoGhost","floor":23,"turns":6},{"damage":0,"enemies":"Snake Plant","floor":24,"turns":2},{"damage":0,"enemies":"Replay:Snechameleon","floor":27,"turns":2},{"damage":0,"enemies":"Gremlin Leader","floor":28,"turns":2},{"damage":3,"enemies":"Slavers","floor":32,"turns":3},{"damage":0,"enemies":"Centurion and Healer","floor":33,"turns":2},{"damage":0,"enemies":"Champ","floor":35,"turns":5},{"damage":0,"enemies":"Orb Walker","floor":37,"turns":2},{"damage":0,"enemies":"Mind Bloom Boss Battle","floor":38,"turns":3},{"damage":0,"enemies":"3 Shapes","floor":40,"turns":3},{"damage":0,"enemies":"3 Darklings","floor":41,"turns":4},{"damage":2,"enemies":"Nemesis","floor":42,"turns":3},{"damage":0,"enemies":"Reptomancer","floor":44,"turns":1},{"damage":0,"enemies":"Jaw Worm Horde","floor":45,"turns":3},{"damage":0,"enemies":"Jaw Worm Horde","floor":46,"turns":3},{"damage":0,"enemies":"Sphere and 2 Shapes","floor":47,"turns":3},{"damage":0,"enemies":"Giant Head","floor":48,"turns":3},{"damage":0,"enemies":"Maw","floor":50,"turns":4},{"damage":19,"enemies":"Time Eater","floor":52,"turns":8},{"damage":0,"enemies":"Shield and Spear","floor":56,"turns":4},{"damage":40,"enemies":"The Heart","floor":57,"turns":10}],"seed_played":"7404470883464903574","potions_obtained":[{"floor":1,"key":"Block Potion"},{"floor":4,"key":"EssenceOfSteel"},{"floor":8,"key":"SkillPotion"},{"floor":16,"key":"Regen Potion"},{"floor":22,"key":"LifebloodPotion"},{"floor":23,"key":"jedi:wingpotion"},{"floor":27,"key":"Explosive Potion"},{"floor":32,"key":"FearPotion"},{"floor":38,"key":"Block Potion"},{"floor":47,"key":"hexamod:SoulburnPotion"},{"floor":48,"key":"SkillPotion"}],"is_trial":false,"path_per_floor":["M","M","M","M","M","E","R","E","T","M","M","E","$","M","R","B",null,"M","M","?","M","M","E","M","?","T","E","E","?","PTL","PTL","E","M","R","B",null,"M","?","$","M","M","E","R","E","MIM","M","M","E","?","M","R","B",null,"R","$","E","B",null],"character_chosen":"IRONCLAD","items_purchased":["Champion Belt","conspire:Banana+1","infinitespire:Magic Flask","Medical Kit","Replay:Multitool","hubris:IronBody","Elixir"],"campfire_rested":0,"item_purchase_floors":[13,13,39,39,39,55,55],"current_hp_per_floor":[40,40,40,40,40,40,40,34,34,39,40,40,40,40,40,43,43,43,46,26,45,49,53,53,53,53,53,53,53,53,53,56,56,56,60,60,60,64,64,68,71,74,74,74,77,77,80,84,84,88,88,91,92,92,92,95,77],"gold":102,"neow_bonus":"RANDOM_COMMON_RELIC","is_daily":false,"chose_seed":false,"campfire_upgraded":3,"win_rate":0.0,"timestamp":1613057947,"path_taken":["M","M","M","M","M","E","R","E","T","?","M","E","?","M","R","BOSS","M","M","?","M","?","E","?","?","T","E","E","?","PTL","PTL","E","M","R","BOSS","M","?","$","M","M","E","R","E","MIM","M","M","E","?","M","R","BOSS","R","$","E","BOSS"],"items_purchased_type":["Relic","Card","Relic","Relic","Relic","Relic","Potion"],"build_version":"2020-12-22","purchased_purges":0,"victory":true,"max_hp_per_floor":[40,40,40,40,40,40,40,40,40,40,40,40,40,40,40,43,43,43,46,46,49,53,53,53,53,53,53,53,53,53,53,56,56,56,60,60,60,64,64,68,71,74,74,74,77,77,80,84,84,88,88,92,92,92,92,95,99],"card_choices":[{"not_picked":["Warcry+1","StuffTheSpire:Incineration+1"],"picked":"Heavy Blade+1","floor":1},{"not_picked":["StuffTheSpire:BloodClot+1","Wild Strike+1"],"picked":"Perfected Strike+1","floor":2},{"not_picked":["Anger+1","Combust+1"],"picked":"conspire:HitWhereItHurts+1","floor":3},{"not_picked":["StuffTheSpire:Slingshot+1","Armaments+1"],"picked":"Pommel Strike+1","floor":4},{"not_picked":["Pommel Strike+1","ReplayTheSpireMod:Limb From Limb+1","Power Through+1"],"picked":"SKIP","floor":5},{"not_picked":["Whirlwind+1","Bludgeon+1"],"picked":"Invigoration+1","floor":6},{"not_picked":["Replay:Undeath\u0027s Touch+1","StuffTheSpire:Slingshot+1"],"picked":"Shockwave+1","floor":8},{"not_picked":["Infernal Blade+1","Iron Wave+1"],"picked":"Shockwave+1","floor":10},{"not_picked":["Limit Break+1","True Grit+1","Run Through+1"],"picked":"SKIP","floor":11},{"not_picked":["Heavy Blade+1","Inflame+1"],"picked":"Cleave+1","floor":12},{"not_picked":["Carnage+1","Warcry+1","Power Through+1"],"picked":"SKIP","floor":14},{"not_picked":["Brutality+1","jedi:strikingstrike+1"],"picked":"Berserk+1","floor":16},{"not_picked":["Headbutt+1","Power Through+1","conspire:ExplosiveBarrier+1"],"picked":"SKIP","floor":18},{"not_picked":["StuffTheSpire:Incineration+1","ReplayTheSpireMod:Strike From Hell+1","Defy Death+1"],"picked":"SKIP","floor":19},{"not_picked":["Sentinel+1","Warcry+1","Shrug It Off+1"],"picked":"SKIP","floor":21},{"not_picked":["Headbutt+1","Warcry+1"],"picked":"BarbarianYell+1","floor":22},{"not_picked":["Rupture+1","Power Through+1","Whirlwind+1"],"picked":"SKIP","floor":23},{"not_picked":["Clash+1","StuffTheSpire:Incineration+1","Warcry+1"],"picked":"SKIP","floor":24},{"not_picked":["Dual Wield+1","Ghostly Armor+1","Clash+1"],"picked":"SKIP","floor":27},{"not_picked":["Demonic Infusion+1","Spot Weakness+1","Clothesline+1"],"picked":"SKIP","floor":28},{"not_picked":["Warcry+1","Cleave+1","Armaments+1"],"picked":"SKIP","floor":32},{"not_picked":["Warcry+1","Replay:Undeath\u0027s Touch+1","Wild Strike+1"],"picked":"SKIP","floor":33},{"not_picked":["Replay:Undeath\u0027s Touch+1","Havoc+1","Seeing Red+1"],"picked":"SKIP","floor":37},{"not_picked":["Warcry+1","Intimidate+1","StuffTheSpire:Slingshot+1"],"picked":"SKIP","floor":40},{"not_picked":["conspire:Charge+1","Replay:Undeath\u0027s Touch+1","Perfected Strike+1"],"picked":"SKIP","floor":41},{"not_picked":["Havoc+1","Berserk+1","jedi:collectorstrike+1"],"picked":"SKIP","floor":42},{"not_picked":["Sentinel+1","StuffTheSpire:Pyroclast+1","Flex+1"],"picked":"SKIP","floor":44},{"not_picked":["Dual Wield+1","StuffTheSpire:Slingshot+1","Anger+1"],"picked":"SKIP","floor":46},{"not_picked":["Body Slam+1","StuffTheSpire:Slingshot+1","StuffTheSpire:Incineration+1"],"picked":"SKIP","floor":47},{"not_picked":["ReplayTheSpireMod:Strike From Hell+1","Invigoration+1"],"picked":"Exhume+1","floor":48},{"not_picked":["Flex+1","Iron Wave+1","Shockwave+1"],"picked":"SKIP","floor":50},{"not_picked":["Carnage+1","ReplayTheSpireMod:Strike From Hell+1"],"picked":"Shockwave+1","floor":56}],"player_experience":3151487,"relics_obtained":[{"floor":6,"key":"conspire:Flyswatter"},{"floor":8,"key":"jedi:HeartOfTheCards"},{"floor":12,"key":"reliquary:TatteredRug"},{"floor":23,"key":"Shuriken"},{"floor":26,"key":"jedi:heavyjacket"},{"floor":27,"key":"StuffTheSpire:Expresso"},{"floor":28,"key":"trackpad:BerserkersDraught"},{"floor":32,"key":"Lantern"},{"floor":38,"key":"StuffTheSpire:MayFlowers"},{"floor":42,"key":"trackpad:RapidFire"},{"floor":44,"key":"StuffTheSpire:NeowsTribute"},{"floor":45,"key":"Girya"},{"floor":48,"key":"Molten Egg 2"},{"floor":56,"key":"hubris:Zylophone"}],"event_choices":[{"damage_healed":0,"gold_gain":0,"player_choice":"Simplicity","damage_taken":0,"max_hp_gain":0,"max_hp_loss":9,"event_name":"betterThird:BetterWriting","floor":0,"gold_loss":0},{"damage_healed":0,"gold_gain":94,"player_choice":"RE GO ","damage_taken":23,"relics_obtained":["jedi:crownofsimplicity"],"max_hp_gain":0,"max_hp_loss":0,"event_name":"betterSkull:BetterSkull","floor":20,"gold_loss":0,"cards_upgraded":[]},{"damage_healed":0,"gold_gain":0,"player_choice":"Ignored","damage_taken":0,"max_hp_gain":0,"max_hp_loss":0,"event_name":"The Mausoleum","floor":25,"gold_loss":0},{"damage_healed":0,"gold_gain":0,"player_choice":"Fight","damage_taken":0,"max_hp_gain":0,"max_hp_loss":0,"event_name":"MindBloom","floor":38,"gold_loss":0}],"is_beta":false,"boss_relics":[{"not_picked":["Tiny House","trackpad:StolenKidneys"],"picked":"Ring of Chaos"},{"not_picked":["StuffTheSpire:RunicHypercube","Velvet Choker"],"picked":"Black Blood"}],"items_purged_floors":[],"is_endless":false,"potions_floor_spawned":[1,4,8,12,14,16,18,22,23,27,32,35,37,38,40,47,48],"ascension_level":17}}