{"host":"jqkewjmybebgw3gd","time":1613060758,"event":{"mods":["AchievementEnabler","BaseMod","Colored Map","DeckTracker","Keyboard Shortcuts","Minty Spire (QoL Compilation)","StSLib","SuperFastMode"],"gold_per_floor":[111,122,138,152,152,178,178,209,209,209,284,284,319,333,333,438,438,449,459,459,473,254,286,286,304,304,329,329,329,244,257,257,356,356,372,392,392,407,418,418,447,447,447,447,480,492,539,568,580,592,604,616,0,27,27],"floor_reached":56,"language":"KOR","playtime":4927,"items_purged":["Searing Blow"],"score":1374,"play_id":"aa08a6e5-fae4-4578-a988-eedcbb331208","local_time":"20210212012558","is_ascension_mode":true,"campfire_choices":[{"data":"Armaments","floor":7.0,"key":"SMITH"},{"floor":12.0,"key":"REST"},{"data":"Berserk","floor":15.0,"key":"SMITH"},{"data":"Corruption","floor":24.0,"key":"SMITH"},{"floor":32.0,"key":"REST"},{"floor":40.0,"key":"RECALL"},{"data":"Flame Barrier","floor":44.0,"key":"SMITH"},{"floor":49.0,"key":"REST"},{"data":"Double Tap","floor":52,"key":"SMITH"}],"circlet_count":0,"master_deck":["Bash","Wild Strike","Intimidate","Sword Boomerang","Armaments+1","Flame Barrier+1","Berserk+1","Offering","Evolve+1","Spot Weakness","Ghostly Armor","Seeing Red+1","Corruption+1","Battle Trance","True Grit+1","Immolate","Anger+1","Havoc+1","Headbutt+1","Infernal Blade+1","Berserk+1","Double Tap+1","Offering","Fire Breathing+1","Whirlwind+1","Seeing Red","PanicButton","Dark Embrace","Burning Pact"],"relics":["Burning Blood","Letter Opener","Mercury Hourglass","Question Card","WingedGreaves","Pocketwatch","Pandora\u0027s Box","OrangePellets","Charon\u0027s Ashes","Incense Burner","Matryoshka","Regal Pillow","HornCleat","Eternal Feather","Astrolabe","Boot","Orichalcum","MawBank","TungstenRod","Dead Branch","Ornamental Fan","Pen Nib"],"acts_visited":["Exordium","TheCity","TheBeyond","TheEnding"],"potions_floor_usage":[50,55,55],"damage_taken":[{"damage":6.0,"enemies":"Jaw Worm","floor":1.0,"turns":3.0},{"damage":5.0,"enemies":"Small Slimes","floor":2.0,"turns":3.0},{"damage":0.0,"enemies":"Cultist","floor":3.0,"turns":2.0},{"damage":0.0,"enemies":"Gremlin Gang","floor":4.0,"turns":2.0},{"damage":39.0,"enemies":"Lagavulin","floor":6.0,"turns":7.0},{"damage":18.0,"enemies":"Gremlin Nob","floor":8.0,"turns":4.0},{"damage":9.0,"enemies":"Lagavulin","floor":13.0,"turns":5.0},{"damage":2.0,"enemies":"3 Louse","floor":14.0,"turns":2.0},{"damage":16.0,"enemies":"The Guardian","floor":16.0,"turns":11.0},{"damage":11.0,"enemies":"Chosen","floor":18.0,"turns":4.0},{"damage":6.0,"enemies":"3 Byrds","floor":19.0,"turns":3.0},{"damage":29.0,"enemies":"Shelled Parasite and Fungi","floor":21.0,"turns":4.0},{"damage":8.0,"enemies":"Gremlin Leader","floor":23.0,"turns":4.0},{"damage":9.0,"enemies":"Centurion and Healer","floor":25.0,"turns":3.0},{"damage":28.0,"enemies":"Book of Stabbing","floor":27.0,"turns":4.0},{"damage":2.0,"enemies":"Sentry and Sphere","floor":31.0,"turns":4.0},{"damage":46.0,"enemies":"Automaton","floor":33.0,"turns":10.0},{"damage":10.0,"enemies":"3 Shapes","floor":35.0,"turns":4.0},{"damage":5.0,"enemies":"Orb Walker","floor":36.0,"turns":2.0},{"damage":6.0,"enemies":"4 Shapes","floor":38.0,"turns":2.0},{"damage":6.0,"enemies":"Transient","floor":39.0,"turns":5.0},{"damage":43.0,"enemies":"Nemesis","floor":41.0,"turns":7.0},{"damage":26.0,"enemies":"Giant Head","floor":45.0,"turns":6.0},{"damage":12.0,"enemies":"Reptomancer","floor":47.0,"turns":4.0},{"damage":11.0,"enemies":"Spire Growth","floor":48.0,"turns":3.0},{"damage":26,"enemies":"Time Eater","floor":50,"turns":7},{"damage":10,"enemies":"Shield and Spear","floor":54,"turns":2},{"damage":17,"enemies":"The Heart","floor":55,"turns":4}],"seed_played":"5558866620921444941","potions_obtained":[{"floor":1.0,"key":"Explosive Potion"},{"floor":3.0,"key":"LiquidBronze"},{"floor":6.0,"key":"LiquidMemories"},{"floor":13.0,"key":"Regen Potion"},{"floor":16.0,"key":"SteroidPotion"},{"floor":25.0,"key":"AttackPotion"},{"floor":27.0,"key":"DistilledChaos"},{"floor":33.0,"key":"Strength Potion"},{"floor":36.0,"key":"BloodPotion"},{"floor":38.0,"key":"AttackPotion"},{"floor":47.0,"key":"Swift Potion"},{"floor":48.0,"key":"SkillPotion"}],"is_trial":false,"path_per_floor":["M","M","M","M","?","E","R","E","T","T","?","R","E","M","R","B",null,"M","M","?","M","$","E","R","M","T","E","?","T","?","M","R","B",null,"M","M","?","M","M","R","E","?","T","R","E","?","E","M","R","B",null,"R","$","E","B",null],"character_chosen":"IRONCLAD","items_purchased":["OrangePellets","Ornamental Fan","Seeing Red","AttackPotion","LiquidMemories","PanicButton","Dark Embrace"],"campfire_rested":3,"item_purchase_floors":[22,53,53,53,53,53,53],"current_hp_per_floor":[80,80,80,80,73,40,40,28,28,28,20,44,41,45,45,50,80,75,75,75,52,52,50,50,47,47,25,25,25,25,29,77,37,80,76,77,77,77,77,80,43,43,43,55,35,35,29,24,78,58,80,80,80,76,65],"gold":27,"neow_bonus":"THREE_CARDS","is_daily":false,"chose_seed":false,"campfire_upgraded":5,"win_rate":0.0,"timestamp":1613060758,"path_taken":["M","M","M","M","?","E","R","E","T","?","?","R","E","M","R","BOSS","M","M","?","M","$","E","R","?","T","E","?","?","?","M","R","BOSS","M","M","?","M","?","R","E","?","T","R","E","?","E","M","R","BOSS","R","$","E","BOSS"],"items_purchased_type":["Relic","Relic","Card","Potion","Potion","Card","Card"],"build_version":"2020-12-22","purchased_purges":1,"victory":true,"max_hp_per_floor":[80,80,80,80,80,80,80,80,80,80,80,80,80,80,80,80,80,80,80,80,80,80,80,80,80,80,80,80,80,80,80,80,80,80,80,80,80,80,80,80,80,80,80,80,80,80,80,80,80,80,80,80,80,80,80],"card_choices":[{"not_picked":["Headbutt","Thunderclap"],"picked":"Wild Strike","floor":0.0},{"not_picked":["Body Slam","Burning Pact"],"picked":"Intimidate","floor":1.0},{"not_picked":["Clash","Thunderclap"],"picked":"Sword Boomerang","floor":2.0},{"not_picked":["Iron Wave","Twin Strike"],"picked":"Armaments","floor":3.0},{"not_picked":["Sword Boomerang","Iron Wave","Heavy Blade"],"picked":"SKIP","floor":4.0},{"not_picked":["Sword Boomerang","Thunderclap","Warcry"],"picked":"SKIP","floor":6.0},{"not_picked":["Spot Weakness","Clash"],"picked":"Flame Barrier","floor":8.0},{"not_picked":["Fire Breathing","Armaments","Warcry"],"picked":"Berserk","floor":13.0},{"not_picked":["True Grit","Dark Embrace","Uppercut","Wild Strike"],"picked":"SKIP","floor":14.0},{"not_picked":["Juggernaut","Demon Form","Exhume"],"picked":"Offering","floor":16.0},{"not_picked":["Perfected Strike","Warcry","Wild Strike"],"picked":"Seeing Red+1","floor":18.0},{"not_picked":["Pommel Strike","Headbutt","Clash+1"],"picked":"True Grit","floor":19.0},{"not_picked":["True Grit","Clothesline","Sword Boomerang","Thunderclap+1"],"picked":"SKIP","floor":21.0},{"not_picked":["Entrench+1","Fire Breathing","Warcry"],"picked":"Corruption","floor":23.0},{"not_picked":["Armaments+1","Thunderclap+1","Havoc","Cleave"],"picked":"SKIP","floor":25.0},{"not_picked":["Heavy Blade","Headbutt","Clothesline"],"picked":"Battle Trance","floor":27.0},{"not_picked":["Headbutt","Sever Soul","Anger"],"picked":"True Grit+1","floor":31.0},{"not_picked":["Feed","Limit Break","Berserk"],"picked":"Immolate","floor":33.0},{"not_picked":["Shrug It Off","Carnage","Anger"],"picked":"Infernal Blade+1","floor":35.0},{"not_picked":["Headbutt","Heavy Blade","Cleave+1","Anger"],"picked":"SKIP","floor":36.0},{"not_picked":["Rupture+1","Burning Pact+1","Thunderclap+1"],"picked":"Double Tap","floor":38.0},{"not_picked":["Armaments+1","Body Slam+1","Burning Pact","Sever Soul+1"],"picked":"SKIP","floor":39.0},{"not_picked":["Body Slam+1","Perfected Strike+1","Carnage+1"],"picked":"Offering","floor":41.0},{"not_picked":["Sword Boomerang+1","Burning Pact","Wild Strike"],"picked":"Fire Breathing+1","floor":45.0},{"not_picked":["Shockwave+1","Rupture","Headbutt"],"picked":"Whirlwind+1","floor":47.0},{"not_picked":["Pommel Strike+1","Anger+1","Clothesline+1","Headbutt+1"],"picked":"SKIP","floor":48.0},{"not_picked":["Heavy Blade","Dual Wield","Cleave+1"],"picked":"Burning Pact","floor":54}],"player_experience":519630,"relics_obtained":[{"floor":6.0,"key":"Letter Opener"},{"floor":8.0,"key":"Mercury Hourglass"},{"floor":9.0,"key":"Question Card"},{"floor":10.0,"key":"WingedGreaves"},{"floor":13.0,"key":"Pocketwatch"},{"floor":23.0,"key":"Charon\u0027s Ashes"},{"floor":26.0,"key":"Incense Burner"},{"floor":27.0,"key":"Matryoshka"},{"floor":29.0,"key":"Regal Pillow"},{"floor":29.0,"key":"HornCleat"},{"floor":41.0,"key":"Boot"},{"floor":43.0,"key":"Orichalcum"},{"floor":45.0,"key":"MawBank"},{"floor":47.0,"key":"TungstenRod"},{"floor":54,"key":"Pen Nib"}],"event_choices":[{"cards_removed":["Strike_R"],"damage_healed":0.0,"max_hp_gain":0.0,"max_hp_loss":0.0,"gold_gain":0.0,"event_name":"Golden Wing","player_choice":"Card Removal","floor":5.0,"gold_loss":0.0,"damage_taken":7.0},{"damage_healed":0.0,"max_hp_gain":0.0,"max_hp_loss":0.0,"gold_gain":75.0,"event_name":"FaceTrader","player_choice":"Touch","floor":11.0,"gold_loss":0.0,"damage_taken":8.0},{"damage_healed":0.0,"max_hp_gain":0.0,"max_hp_loss":0.0,"gold_gain":0.0,"event_name":"Upgrade Shrine","player_choice":"Upgraded","floor":20.0,"gold_loss":0.0,"damage_taken":0.0,"cards_upgraded":["True Grit"]},{"cards_removed":["Combust"],"damage_healed":0.0,"max_hp_gain":0.0,"max_hp_loss":0.0,"gold_gain":0.0,"event_name":"Back to Basics","player_choice":"Elegance","floor":28.0,"gold_loss":0.0,"damage_taken":0.0},{"damage_healed":0.0,"max_hp_gain":0.0,"max_hp_loss":0.0,"gold_gain":0.0,"event_name":"Addict","player_choice":"Obtained Relic","floor":30.0,"gold_loss":85.0,"damage_taken":0.0,"relics_obtained":["Eternal Feather"]},{"damage_healed":0.0,"max_hp_gain":0.0,"max_hp_loss":0.0,"gold_gain":0.0,"event_name":"Duplicator","player_choice":"Copied","floor":37.0,"gold_loss":0.0,"damage_taken":0.0,"cards_obtained":["Berserk"]},{"cards_removed":["True Grit"],"damage_healed":0.0,"max_hp_gain":0.0,"max_hp_loss":0.0,"gold_gain":0.0,"event_name":"Falling","player_choice":"Removed Skill","floor":42.0,"gold_loss":0.0,"damage_taken":0.0},{"damage_healed":0.0,"max_hp_gain":0.0,"max_hp_loss":0.0,"gold_gain":0.0,"event_name":"Upgrade Shrine","player_choice":"Upgraded","floor":46.0,"gold_loss":0.0,"damage_taken":0.0,"cards_upgraded":["Evolve"]}],"is_beta":false,"boss_relics":[{"not_picked":["Ectoplasm","Sozu"],"picked":"Pandora\u0027s Box"},{"not_picked":["Philosopher\u0027s Stone","Velvet Choker"],"picked":"Astrolabe"}],"items_purged_floors":[22],"is_endless":false,"potions_floor_spawned":[1,3,6,13,16,25,27,33,36,38,47,48,54],"ascension_level":1}}