{"host":"u0pglb4bn1g4qngk","time":1613049153,"event":{"mods":["Bard","BaseMod","CapriCore","Chen","Colored Map","Colored Powertips","Downfall","Marisa（霧雨　魔理沙）","Minty Spire (QoL Compilation)","Quick Restart","Remilia（蕾米莉亚）","Replay The Spire","Robot Space Explorer","StSLib","The Animator","The Cursed","The Immortal","The Senshi","The Servant 0.9.4","WarShipGirlsR/战舰少女R mod","Youmu（魂魄妖梦）"],"gold_per_floor":[113,73,25,45,58,58,90,90,135,162,162,162,7,42,42,187,187,221,145,60,60,60],"floor_reached":21,"language":"ZHS","playtime":1487,"items_purged":["Defend_MRS"],"score":244,"play_id":"3d5464c7-eb7e-46a4-880a-fbbda39a5638","local_time":"20210211211233","is_ascension_mode":true,"campfire_choices":[{"floor":6.0,"key":"RECALL"},{"data":"JA","floor":15.0,"key":"SMITH"}],"circlet_count":0,"master_deck":["Strike_MRS","Strike_MRS","Strike_MRS","Strike_MRS","Defend_MRS","Defend_MRS","MasterSpark","UpSweep+1","WitchOfGreed","BlazeAway","NonDirectionalLaser","LuminesStrike","GrandCross+1","FinalSpark","DC","MysteriousBeam","JA+1","WitchLeyline","PowerUp","MeteoricShower","PropBag","PowerUp","SporeBomb","MysteriousBeam","TreasureHunter","Greed_TH","Wrath_TH","Clumsy","WitchLeyline+1","ManaConvection","MilkyWay+1"],"relics":["MiniHakkero","NeowsBlessing","Replay:Wax Seal","ReplayFunnel","Golden Idol","Orrery","Mirror","Replay:Ancient Bell","Nunchaku","HandmadeGrimoire","Incense Burner","Mercury Hourglass"],"acts_visited":["Exordium","TheCity"],"potions_floor_usage":[19,20,21],"damage_taken":[{"damage":0.0,"enemies":"Small Slimes","floor":1.0,"turns":1.0},{"damage":0.0,"enemies":"Jaw Worm","floor":4.0,"turns":1.0},{"damage":0.0,"enemies":"Cultist","floor":5.0,"turns":1.0},{"damage":3.0,"enemies":"Gremlin Nob","floor":7.0,"turns":3.0},{"damage":25.0,"enemies":"Lagavulin","floor":10.0,"turns":4.0},{"damage":0.0,"enemies":"Gremlin Nob","floor":14.0,"turns":2.0},{"damage":41.0,"enemies":"Fading Forest","floor":16.0,"turns":11.0},{"damage":28.0,"enemies":"Spheric Guardian","floor":18.0,"turns":4.0},{"damage":12,"enemies":"2 Thieves","floor":19,"turns":2},{"damage":22,"enemies":"Shelled Parasite and Fungi","floor":20,"turns":3},{"damage":8,"enemies":"Cultist and Chosen","floor":21,"turns":1}],"seed_played":"-1175202763596414925","potions_obtained":[{"floor":7.0,"key":"Fire Potion"},{"floor":10.0,"key":"Ancient Potion"},{"floor":14.0,"key":"Regen Potion"},{"floor":16.0,"key":"Venom Potion"},{"floor":16.0,"key":"Explosive Potion"},{"floor":18.0,"key":"LifebloodPotion"},{"floor":20,"key":"ColorlessPotion"}],"is_trial":false,"path_per_floor":["M","?","$","M","M","R","E","?","T","E","?","?","$","E","R","B",null,"M","M","M","M"],"character_chosen":"MARISA","items_purchased":["DC","PowerUp","MeteoricShower","Orrery"],"campfire_rested":0,"item_purchase_floors":[3,13,13,13],"current_hp_per_floor":[75,75,75,75,75,75,72,57,57,32,32,32,32,32,32,26,69,41,29,7,0,0],"gold":60,"neow_bonus":"THREE_ENEMY_KILL","is_daily":false,"chose_seed":false,"campfire_upgraded":1,"win_rate":0.0,"timestamp":1613049153,"path_taken":["M","?","$","?","M","R","E","?","T","E","?","?","?","E","R","BOSS","M","?","M","M"],"items_purchased_type":["Card","Card","Card","Relic"],"build_version":"2020-12-22","purchased_purges":1,"victory":false,"max_hp_per_floor":[75,75,75,75,75,75,75,75,75,75,75,69,69,69,69,69,69,69,69,69,69,69],"card_choices":[{"not_picked":["SporeBomb","MilkyWay"],"picked":"WitchOfGreed","floor":1.0},{"not_picked":[],"picked":"BlazeAway","floor":2.0},{"not_picked":[],"picked":"NonDirectionalLaser","floor":2.0},{"not_picked":[],"picked":"LuminesStrike","floor":2.0},{"not_picked":[],"picked":"GrandCross","floor":2.0},{"not_picked":[],"picked":"FinalSpark","floor":2.0},{"not_picked":["Singularity","AsteroidBelt","6A"],"picked":"SKIP","floor":4.0},{"not_picked":["SprinkleStarSeal","PowerUp"],"picked":"MysteriousBeam","floor":5.0},{"not_picked":["EnergyRecoil","6A"],"picked":"JA","floor":7.0},{"not_picked":["OneTimeOff","StarBarrage"],"picked":"WitchLeyline","floor":10.0},{"not_picked":["GalacticHalo","GravityBeat"],"picked":"PropBag","floor":13.0},{"not_picked":["LuminesStrike","OrrerysSun"],"picked":"PowerUp","floor":13.0},{"not_picked":["WitchOfGreed","OneTimeOff"],"picked":"SporeBomb","floor":13.0},{"not_picked":["DoubleSpark","DeepEcoloBomb"],"picked":"MysteriousBeam","floor":14.0},{"not_picked":["StarDustReverie","CollectingQuirk"],"picked":"TreasureHunter","floor":16.0},{"not_picked":["Spreading Infection","Normality"],"picked":"Greed_TH","floor":17.0},{"not_picked":["ReplayTheSpireMod:Restless Dread","AbeCurse"],"picked":"Wrath_TH","floor":17.0},{"not_picked":["Spreading Infection","Wraith"],"picked":"Clumsy","floor":17.0},{"not_picked":["NonDirectionalLaser","SporeBomb"],"picked":"WitchLeyline+1","floor":18.0},{"not_picked":["SporeBomb","Acceleration+1"],"picked":"ManaConvection","floor":19},{"not_picked":["MagicChant","SporeBomb"],"picked":"MilkyWay+1","floor":20}],"player_experience":80514,"relics_obtained":[{"floor":7.0,"key":"Replay:Wax Seal"},{"floor":10.0,"key":"ReplayFunnel"},{"floor":14.0,"key":"Mirror"}],"event_choices":[{"damage_healed":0.0,"max_hp_gain":0.0,"max_hp_loss":0.0,"gold_gain":0.0,"event_name":"Shining Light","player_choice":"Entered Light","floor":8.0,"gold_loss":0.0,"damage_taken":15.0,"cards_upgraded":["GrandCross","UpSweep"]},{"damage_healed":0.0,"max_hp_gain":0.0,"max_hp_loss":6.0,"gold_gain":0.0,"event_name":"Golden Idol","player_choice":"Lose Max HP","floor":12.0,"gold_loss":0.0,"damage_taken":0.0,"relics_obtained":["Golden Idol"]}],"is_beta":false,"boss_relics":[{"not_picked":["Tiny House","SlaversCollar"],"picked":"Replay:Ancient Bell"},{"not_picked":["Happy Flower","Potion Belt"],"picked":"Nunchaku"},{"not_picked":["InkBottle","Iron Hammer"],"picked":"HandmadeGrimoire"},{"not_picked":["Mango","WingedGreaves"],"picked":"Incense Burner"}],"items_purged_floors":[13],"is_endless":false,"potions_floor_spawned":[7,10,14,16,20],"killed_by":"Cultist and Chosen","ascension_level":2}}