{"host":"2lo6hma6kymb0g9i","time":1613030770,"event":{"mods":["BaseMod","Colored Map","DeckTracker","Minty Spire (QoL Compilation)"],"gold_per_floor":[10,10,29,39,54,81,81,107,130,141,160,186,186,199,199,273,273,285,285,299,299,299],"floor_reached":21,"language":"JPN","playtime":1124,"items_purged":[],"score":406,"play_id":"e8c772b7-bc30-45ee-9f73-b5865ca5255e","local_time":"20210211170610","is_ascension_mode":true,"campfire_choices":[{"data":"Bludgeon","floor":7,"key":"SMITH"},{"data":"Anger","floor":13,"key":"SMITH"},{"floor":15,"key":"REST"}],"circlet_count":0,"master_deck":["AscendersBane","Bash","Fire Breathing","Bludgeon+1","Disarm","Anger+1","Disarm","Fiend Fire","Rampage","Battle Trance","Rampage","Bludgeon","Combust","Carnage","Pommel Strike","Corruption","Pummel"],"relics":["Burning Blood","Unceasing Top","MealTicket","Dream Catcher","Boot","Art of War","Pandora\u0027s Box","Bag of Preparation"],"acts_visited":["Exordium","TheCity"],"potions_floor_usage":[6,14,16],"damage_taken":[{"damage":7,"enemies":"Small Slimes","floor":1,"turns":5},{"damage":1,"enemies":"Cultist","floor":3,"turns":3},{"damage":7,"enemies":"Jaw Worm","floor":4,"turns":2},{"damage":18,"enemies":"Red Slaver","floor":5,"turns":3},{"damage":8,"enemies":"Gremlin Nob","floor":6,"turns":3},{"damage":25,"enemies":"3 Sentries","floor":8,"turns":6},{"damage":24,"enemies":"Exordium Wildlife","floor":10,"turns":5},{"damage":2,"enemies":"2 Fungi Beasts","floor":11,"turns":4},{"damage":8,"enemies":"Gremlin Nob","floor":12,"turns":3},{"damage":14,"enemies":"Red Slaver","floor":14,"turns":2},{"damage":24,"enemies":"Hexaghost","floor":16,"turns":10},{"damage":36,"enemies":"Shell Parasite","floor":18,"turns":4},{"damage":14,"enemies":"3 Byrds","floor":20,"turns":3},{"damage":30,"enemies":"Centurion and Healer","floor":21,"turns":3}],"seed_played":"-182673001346896161","potions_obtained":[{"floor":1,"key":"EssenceOfSteel"},{"floor":3,"key":"AttackPotion"},{"floor":11,"key":"Fire Potion"},{"floor":12,"key":"CultistPotion"},{"floor":14,"key":"Fruit Juice"}],"is_trial":false,"path_per_floor":["M","?","M","M","M","E","R","E","T","M","M","E","R","M","R","B",null,"M","?","M","M"],"character_chosen":"IRONCLAD","items_purchased":[],"campfire_rested":1,"item_purchase_floors":[],"current_hp_per_floor":[67,67,72,71,59,57,57,38,38,20,24,22,22,19,43,25,66,36,36,28,0,0],"gold":299,"neow_bonus":"ONE_RARE_RELIC","is_daily":false,"chose_seed":false,"campfire_upgraded":2,"win_rate":0.0,"timestamp":1613030770,"path_taken":["M","?","M","?","M","E","R","E","T","M","M","E","R","M","R","BOSS","M","?","M","M"],"items_purchased_type":[],"build_version":"2020-12-22","purchased_purges":0,"victory":false,"max_hp_per_floor":[75,75,75,75,75,75,75,75,75,75,75,75,75,80,80,80,80,80,80,80,80,80],"card_choices":[{"not_picked":["Pummel","Body Slam"],"picked":"Fire Breathing","floor":1},{"not_picked":["Sword Boomerang","Whirlwind","Headbutt"],"picked":"SKIP","floor":3},{"not_picked":["Flame Barrier","Cleave"],"picked":"Second Wind","floor":4},{"not_picked":["Wild Strike","Body Slam","Clash"],"picked":"SKIP","floor":5},{"not_picked":["Double Tap","Thunderclap","Iron Wave"],"picked":"SKIP","floor":6},{"not_picked":["Inflame","Rampage","Shrug It Off"],"picked":"SKIP","floor":8},{"not_picked":["Clash","Sever Soul"],"picked":"Disarm","floor":10},{"not_picked":["Pummel","Thunderclap","Wild Strike"],"picked":"SKIP","floor":11},{"not_picked":["Brutality","Clothesline"],"picked":"Anger","floor":12},{"not_picked":["Twin Strike","Armaments","Pummel"],"picked":"SKIP","floor":14},{"not_picked":["Armaments","Wild Strike"],"picked":"Disarm","floor":15},{"not_picked":["Feed","Immolate"],"picked":"Fiend Fire","floor":16},{"not_picked":["Cleave","Armaments","Flex"],"picked":"SKIP","floor":18},{"not_picked":["Anger","Armaments","Blood for Blood"],"picked":"SKIP","floor":20}],"player_experience":1172807,"relics_obtained":[{"floor":6,"key":"MealTicket"},{"floor":8,"key":"Dream Catcher"},{"floor":9,"key":"Boot"},{"floor":12,"key":"Art of War"}],"event_choices":[{"damage_healed":0,"gold_gain":0,"player_choice":"1 cards matched","damage_taken":0,"max_hp_gain":0,"max_hp_loss":0,"event_name":"Match and Keep!","floor":2,"gold_loss":0,"cards_obtained":["Bludgeon"]},{"cards_removed":["Second Wind"],"damage_healed":0,"gold_gain":0,"player_choice":"Gave Card","damage_taken":0,"relics_obtained":["Bag of Preparation"],"max_hp_gain":0,"max_hp_loss":0,"event_name":"WeMeetAgain","floor":19,"gold_loss":0}],"is_beta":false,"boss_relics":[{"not_picked":["SacredBark","Black Star"],"picked":"Pandora\u0027s Box"}],"items_purged_floors":[],"is_endless":false,"potions_floor_spawned":[1,3,11,12,14],"killed_by":"Centurion and Healer","ascension_level":20}}