{"host":"mo324zvkdr1xwprd","time":1613078079,"event":{"mods":["BaseMod","Better Note","BetterRewards","Hermit","Highlight Path","Hubris","Minty Spire (QoL Compilation)","Quick Restart","Rare Cards Sparkle","Shop Mod","StSLib","The Cursed","The Hierophant"],"gold_per_floor":[119,79,99,111,129,129,162,162,185,220,236,236,252,267,267,365,365,379,2,2,12,26,60,60,78,78,278,1,31,50,80,80,180,180,195,206,217,134,134,134,168,168,219,231,259,288,319,360,372,384,396,408,10,40,40],"floor_reached":56,"language":"ENG","playtime":4185,"items_purged":[],"score":2300,"play_id":"e0bf388b-e48d-4170-8a9b-8f9be58561b9","local_time":"20210211211439","is_ascension_mode":true,"campfire_choices":[{"floor":6.0,"key":"REST"},{"floor":8.0,"key":"RECALL"},{"data":"Storm of Steel","floor":12.0,"key":"SMITH"},{"data":"After Image","floor":15.0,"key":"SMITH"},{"data":"Caltrops","floor":24.0,"key":"SMITH"},{"data":"Bullet Time","floor":32.0,"key":"SMITH"},{"data":"Accuracy","floor":40.0,"key":"SMITH"},{"floor":42.0,"key":"REST"},{"data":"Discovery","floor":49.0,"key":"SMITH"},{"floor":52.0,"key":"REST"}],"circlet_count":0,"master_deck":["Strike_G","Strike_G","Strike_G","Strike_G","Strike_G","Defend_G","Defend_G","Defend_G","Defend_G+1","Defend_G+1","Survivor","Neutralize","Cloak And Dagger","Dagger Spray","Deflect","Calculated Gamble","Footwork","Backflip","Infinite Blades","Choke","Flying Knee","Storm of Steel+1","Infinite Blades","Flying Knee","After Image+1","Caltrops+1","Unload","Blade Dance","Infinite Blades","Dagger Throw","Cloak And Dagger","Predator","Cloak And Dagger","Accuracy+1","Dark Shackles","Calculated Gamble+1","Underhanded Strike","Bullet Time+1","Corpse Explosion","Reflex+1","Blade Dance+1","Parasite","Endless Agony+1","Footwork","Blade Dance","Good Instincts","Dark Shackles","Discovery+1","Night Terror","Accuracy+1","Finesse","Corpse Explosion","Backflip","PiercingWail+1","Flying Knee","Outmaneuver+1","Distraction+1","Footwork","Deflect+1"],"relics":["Ring of the Snake","hubris:SlimyHat","Tough Bandages","War Paint","Shuriken","Lizard Tail","Art of War","Toy Ornithopter","Bottled Lightning","WristBlade","Bag of Preparation","Lee\u0027s Waffle","Enchiridion","Lantern","HornCleat","Oddly Smooth Stone","White Beast Statue","Bottled Flame","Runic Pyramid","Dream Catcher","MawBank","Omamori","Vajra","Anchor","hubris:Reverence"],"acts_visited":["TheCity","TheBeyond","TheEnding"],"potions_floor_usage":[54,55],"damage_taken":[{"damage":2.0,"enemies":"Jaw Worm","floor":1.0,"turns":4.0},{"damage":0.0,"enemies":"Cultist","floor":3.0,"turns":5.0},{"damage":0.0,"enemies":"Small Slimes","floor":4.0,"turns":3.0},{"damage":0.0,"enemies":"Looter","floor":5.0,"turns":3.0},{"damage":0.0,"enemies":"3 Sentries","floor":7.0,"turns":5.0},{"damage":0.0,"enemies":"Lagavulin","floor":10.0,"turns":5.0},{"damage":1.0,"enemies":"Gremlin Gang","floor":11.0,"turns":4.0},{"damage":0.0,"enemies":"Large Slime","floor":13.0,"turns":4.0},{"damage":0.0,"enemies":"Looter","floor":14.0,"turns":2.0},{"damage":0.0,"enemies":"Slime Boss","floor":16.0,"turns":7.0},{"damage":0.0,"enemies":"2 Thieves","floor":18.0,"turns":3.0},{"damage":0.0,"enemies":"Spheric Guardian","floor":21.0,"turns":1.0},{"damage":0.0,"enemies":"Snecko","floor":22.0,"turns":2.0},{"damage":0.0,"enemies":"Book of Stabbing","floor":23.0,"turns":4.0},{"damage":6.0,"enemies":"Centurion and Healer","floor":25.0,"turns":3.0},{"damage":0.0,"enemies":"Slavers","floor":29.0,"turns":5.0},{"damage":0.0,"enemies":"Sentry and Sphere","floor":30.0,"turns":3.0},{"damage":0.0,"enemies":"Book of Stabbing","floor":31.0,"turns":3.0},{"damage":13.0,"enemies":"Champ","floor":33.0,"turns":7.0},{"damage":0.0,"enemies":"3 Darklings","floor":35.0,"turns":3.0},{"damage":0.0,"enemies":"Orb Walker","floor":36.0,"turns":1.0},{"damage":0.0,"enemies":"Writhing Mass","floor":37.0,"turns":5.0},{"damage":0.0,"enemies":"Nemesis","floor":41.0,"turns":7.0},{"damage":0.0,"enemies":"Jaw Worm Horde","floor":45.0,"turns":2.0},{"damage":0.0,"enemies":"Spire Growth","floor":46.0,"turns":3.0},{"damage":0.0,"enemies":"Sphere and 2 Shapes","floor":47.0,"turns":4.0},{"damage":0.0,"enemies":"Giant Head","floor":48.0,"turns":5.0},{"damage":69.0,"enemies":"Time Eater","floor":50.0,"turns":11.0},{"damage":0,"enemies":"Shield and Spear","floor":54,"turns":2},{"damage":50,"enemies":"The Heart","floor":55,"turns":10}],"seed_played":"-5860735124144584112","potions_obtained":[{"floor":2.0,"key":"Block Potion"},{"floor":2.0,"key":"Regen Potion"},{"floor":2.0,"key":"Block Potion"},{"floor":4.0,"key":"ColorlessPotion"},{"floor":11.0,"key":"LiquidBronze"},{"floor":14.0,"key":"Energy Potion"},{"floor":16.0,"key":"AttackPotion"},{"floor":18.0,"key":"ColorlessPotion"},{"floor":21.0,"key":"Dexterity Potion"},{"floor":25.0,"key":"SmokeBomb"},{"floor":29.0,"key":"DistilledChaos"},{"floor":30.0,"key":"GamblersBrew"},{"floor":31.0,"key":"Regen Potion"},{"floor":33.0,"key":"LiquidMemories"},{"floor":35.0,"key":"CunningPotion"},{"floor":41.0,"key":"Regen Potion"},{"floor":46.0,"key":"Poison Potion"},{"floor":47.0,"key":"ColorlessPotion"},{"floor":48.0,"key":"SpeedPotion"},{"floor":54,"key":"Fruit Juice"}],"is_trial":false,"path_per_floor":["M","?","M","M","M","R","E","R","T","E","M","R","M","M","R","B",null,"M","$","?","M","M","E","R","M","T","?","$","E","M","E","R","B",null,"M","M","M","$","?","R","E","R","T","?","M","M","M","E","R","B",null,"R","$","E","B",null],"character_chosen":"THE_SILENT","items_purchased":["hubris:SlimyHat","Cloak And Dagger","Art of War","Dagger Spray","Deflect","Calculated Gamble","Footwork","Bag of Preparation","Infinite Blades","Lee\u0027s Waffle","Accuracy","Oddly Smooth Stone","Dark Shackles","Footwork","Blade Dance","Vajra","Anchor","CunningPotion","Footwork"],"campfire_rested":3,"item_purchase_floors":[0,0,0,0,0,0,0,19,19,19,28,28,28,38,38,53,53,53,53],"current_hp_per_floor":[21,21,35,35,35,56,56,56,56,61,60,60,60,60,60,70,70,70,77,61,61,66,66,66,60,60,60,60,65,70,75,75,64,74,74,74,74,74,64,64,69,77,77,77,77,77,77,77,77,8,60,77,77,77,37],"gold":40,"neow_bonus":"","is_daily":false,"chose_seed":false,"campfire_upgraded":6,"win_rate":0.0,"timestamp":1613078079,"path_taken":["M","?","M","M","M","R","E","R","T","E","M","R","M","?","R","BOSS","M","$","?","M","M","E","R","M","T","?","$","E","M","E","R","BOSS","M","M","?","$","?","R","E","R","T","?","?","M","M","E","R","BOSS","R","$","E","BOSS"],"items_purchased_type":["Relic","Card","Relic","Card","Card","Card","Card","Relic","Card","Relic","Card","Relic","Card","Card","Card","Relic","Relic","Potion","Card"],"build_version":"2020-12-22","purchased_purges":0,"victory":true,"max_hp_per_floor":[70,70,70,70,70,70,70,70,70,70,70,70,70,70,70,70,70,70,77,77,77,77,77,77,77,77,77,77,77,77,77,77,77,77,77,77,77,77,77,77,77,77,77,77,77,77,77,77,77,77,77,77,77,77,82],"card_choices":[{"not_picked":["Quick Slash","hubris:Sniper"],"picked":"Backflip","floor":1.0},{"not_picked":["Deflect","Deadly Poison"],"picked":"Infinite Blades","floor":3.0},{"not_picked":["Finisher","hubris:Counter"],"picked":"Choke","floor":4.0},{"not_picked":["hubris:Sniper","Bane"],"picked":"Flying Knee","floor":5.0},{"not_picked":["Bane","Poisoned Stab"],"picked":"Storm of Steel","floor":7.0},{"not_picked":["Outmaneuver","Sucker Punch"],"picked":"Infinite Blades","floor":10.0},{"not_picked":["Deflect","Quick Slash"],"picked":"Flying Knee","floor":11.0},{"not_picked":["Slice","hubris:Sniper"],"picked":"After Image","floor":13.0},{"not_picked":["Flying Knee","Setup"],"picked":"Caltrops","floor":14.0},{"not_picked":["Doppelganger","Malaise"],"picked":"Unload","floor":16.0},{"not_picked":["Backflip","Sucker Punch"],"picked":"Blade Dance","floor":18.0},{"not_picked":["hubris:SlightOfHand","Noxious Fumes"],"picked":"Dagger Throw","floor":21.0},{"not_picked":["Prepared","Wraith Form v2"],"picked":"Cloak And Dagger","floor":22.0},{"not_picked":["Reflex","Dodge and Roll"],"picked":"Predator","floor":23.0},{"not_picked":["Masterful Stab","Bouncing Flask"],"picked":"Cloak And Dagger","floor":25.0},{"not_picked":["Skewer+1","Dodge and Roll+1"],"picked":"Calculated Gamble+1","floor":29.0},{"not_picked":["Dodge and Roll","Deadly Poison"],"picked":"Underhanded Strike","floor":30.0},{"not_picked":["Backflip+1","Heel Hook"],"picked":"Bullet Time","floor":31.0},{"not_picked":["Bullet Time","Venomology"],"picked":"Corpse Explosion","floor":33.0},{"not_picked":["Poisoned Stab+1","Noxious Fumes"],"picked":"Reflex+1","floor":35.0},{"not_picked":["Dagger Throw","PiercingWail"],"picked":"Blade Dance+1","floor":36.0},{"not_picked":["Bane+1","Flechettes+1"],"picked":"Endless Agony+1","floor":37.0},{"not_picked":["Blind","Forethought"],"picked":"Good Instincts","floor":39.0},{"not_picked":["Swift Strike","PanicButton"],"picked":"Dark Shackles","floor":39.0},{"not_picked":["hubris:Ssssneak","Impatience"],"picked":"Discovery","floor":39.0},{"not_picked":["Catalyst","Calculated Gamble+1"],"picked":"Night Terror","floor":41.0},{"not_picked":["Acrobatics+1","Terror"],"picked":"Accuracy+1","floor":42.0},{"not_picked":["Masterful Stab","Sucker Punch+1"],"picked":"Backflip","floor":45.0},{"not_picked":["hubris:Counter","Flying Knee"],"picked":"PiercingWail+1","floor":46.0},{"not_picked":["Dagger Throw+1","hubris:Sniper"],"picked":"Flying Knee","floor":47.0},{"not_picked":["Tools of the Trade","Underhanded Strike+1"],"picked":"Outmaneuver+1","floor":48.0},{"not_picked":["Deadly Poison+1","hubris:SlightOfHand"],"picked":"Distraction+1","floor":52.0},{"not_picked":["Outmaneuver+1","Bane"],"picked":"Deflect+1","floor":54}],"player_experience":567206,"relics_obtained":[{"floor":7.0,"key":"Toy Ornithopter"},{"floor":10.0,"key":"Bottled Lightning"},{"floor":20.0,"key":"Enchiridion"},{"floor":23.0,"key":"Lantern"},{"floor":26.0,"key":"HornCleat"},{"floor":29.0,"key":"White Beast Statue"},{"floor":31.0,"key":"Bottled Flame"},{"floor":41.0,"key":"Dream Catcher"},{"floor":43.0,"key":"MawBank"},{"floor":48.0,"key":"Omamori"},{"floor":54,"key":"hubris:Reverence"}],"event_choices":[{"damage_healed":0.0,"max_hp_gain":0.0,"max_hp_loss":0.0,"gold_gain":0.0,"event_name":"The Woman in Blue","player_choice":"Bought 3 Potions","floor":2.0,"gold_loss":0.0,"damage_taken":0.0},{"damage_healed":0.0,"max_hp_gain":0.0,"max_hp_loss":0.0,"gold_gain":0.0,"event_name":"Cursed Tome","player_choice":"Obtained Book","floor":20.0,"gold_loss":0.0,"damage_taken":16.0},{"damage_healed":0.0,"max_hp_gain":0.0,"max_hp_loss":0.0,"gold_gain":250.0,"event_name":"The Joust","player_choice":"Bet on Owner","floor":27.0,"gold_loss":50.0,"damage_taken":0.0},{"damage_healed":0.0,"max_hp_gain":0.0,"max_hp_loss":0.0,"gold_gain":0.0,"event_name":"SensoryStone","player_choice":"Memory 3","floor":39.0,"gold_loss":0.0,"damage_taken":10.0},{"damage_healed":0.0,"max_hp_gain":0.0,"max_hp_loss":0.0,"gold_gain":0.0,"event_name":"Match and Keep!","player_choice":"2 cards matched","floor":44.0,"gold_loss":0.0,"damage_taken":0.0,"cards_obtained":["Finesse","Corpse Explosion"]}],"is_beta":false,"boss_relics":[{"not_picked":["Pandora\u0027s Box","Coffee Dripper"],"picked":"WristBlade"},{"not_picked":["Tiny House","hubris:CrackedHourglass"],"picked":"Runic Pyramid"}],"items_purged_floors":[],"is_endless":false,"potions_floor_spawned":[4,11,14,16,18,21,25,29,30,31,33,35,36,37,41,45,46,47,48,54],"ascension_level":6}}