{"host":"m552uo5jodlktm3e","time":1613011561,"event":{"mods":["BaseMod","Colored Powertips","Downfall","Minty Spire (QoL Compilation)","Quick Restart","StSLib"],"gold_per_floor":[349,32,52,66,79,95,95,112,112,112,112,112,147,57,76,174,174,174,187,187,287,303,303,375,393,409,409,434,454,474,175,195,296,296,296,313,329,348,97,97,97,97,108,17,64,97,97,97,117,117],"floor_reached":51,"language":"ENG","playtime":3553,"items_purged":["Regret","downfall:Malfunctioning","Slimebound:Defend_Slimebound"],"score":751,"play_id":"0c059e7a-e7c0-4170-9437-5108d7bbc4f5","local_time":"20210210184601","is_ascension_mode":false,"campfire_choices":[{"data":"Slimebound:CorrosiveSpit","floor":1,"key":"SMITH"},{"data":"Slimebound:Split","floor":11,"key":"SMITH"},{"data":"Slimebound:SlimeSlap","floor":18,"key":"SMITH"},{"data":"Slimebound:LeechEnergy","floor":23,"key":"SMITH"},{"data":"Slimebound:DisruptingSlam","floor":27,"key":"SMITH"},{"data":"expansioncontent:DashGenerateEvil","floor":35,"key":"SMITH"},{"floor":47,"key":"RECALL"}],"circlet_count":0,"master_deck":["Slimebound:Strike_Slimebound","Slimebound:Strike_Slimebound","Slimebound:Strike_Slimebound","Slimebound:Tackle","Slimebound:Defend_Slimebound","Slimebound:Defend_Slimebound","Slimebound:Defend_Slimebound+1","Slimebound:Split+1","Slimebound:CorrosiveSpit+1","Slimebound:SplitBruiser+1","Slimebound:MassFeed","Slimebound:FinishingTackle","Slimebound:LeechEnergy+1","Slimebound:DisruptingSlam+1","Slimebound:LevelUp","Slimebound:SplitAcid+1","Slimebound:SlimeTap","Slimebound:Chomp","Slimebound:SlimeSlap+1","Slimebound:SlimeSpikes","Slimebound:Prepare+1","Slimebound:LivingWall+1","Slimebound:RallyTheTroops","Slimebound:GoopTackle+1","Slimebound:SlimeBarrage","expansioncontent:DashGenerateEvil+1","Slimebound:DouseInSlime","Slimebound:ViciousTackle+1","Slimebound:Prepare+1","Slimebound:Prepare+1","expansioncontent:QuickStudy","Entrench","expansioncontent:PolyBeam","expansioncontent:AwakenDeath","expansioncontent:YouAreMine"],"relics":["Slimebound:AbsorbEndCombat","Slimebound:SelfDamagePreventRelic","Sundial","Oddly Smooth Stone","Omamori","Snecko Eye","Enchiridion","Potion Belt","Pear","Nunchaku","Coffee Dripper","Happy Flower","Boot","Question Card","Du-Vu Doll","Bottled Lightning"],"acts_visited":["Exordium","TheCity","TheBeyond"],"potions_floor_usage":[13,16,19,21,22,25,26,28,28,28,29,29,33,33,37,46],"damage_taken":[{"damage":3,"enemies":"downfall:FleeingMerchant","floor":2,"turns":4},{"damage":1,"enemies":"Cultist","floor":3,"turns":3},{"damage":6,"enemies":"2 Louse","floor":4,"turns":4},{"damage":0,"enemies":"Small Slimes","floor":5,"turns":3},{"damage":9,"enemies":"Blue Slaver","floor":6,"turns":2},{"damage":8,"enemies":"Large Slime","floor":8,"turns":4},{"damage":17,"enemies":"Gremlin Nob","floor":13,"turns":4},{"damage":7,"enemies":"downfall:FleeingMerchant","floor":14,"turns":4},{"damage":0,"enemies":"2 Fungi Beasts","floor":15,"turns":2},{"damage":21,"enemies":"WA_ARCHETYPE_RETAIN","floor":16,"turns":5},{"damage":6,"enemies":"3 Byrds","floor":19,"turns":2},{"damage":43,"enemies":"downfall:LadyInBlue","floor":21,"turns":4},{"damage":20,"enemies":"Sentry and Sphere","floor":22,"turns":5},{"damage":2,"enemies":"Snake Plant","floor":25,"turns":3},{"damage":18,"enemies":"Shelled Parasite and Fungi","floor":26,"turns":6},{"damage":11,"enemies":"Slavers","floor":28,"turns":3},{"damage":11,"enemies":"3 Cultists","floor":29,"turns":4},{"damage":5,"enemies":"Snake Plant","floor":30,"turns":4},{"damage":7,"enemies":"downfall:FleeingMerchant","floor":31,"turns":4},{"damage":0,"enemies":"Centurion and Healer","floor":32,"turns":4},{"damage":21,"enemies":"IC_MUSHROOM_ARCHETYPE","floor":33,"turns":7},{"damage":10,"enemies":"Orb Walker","floor":36,"turns":3},{"damage":1,"enemies":"3 Darklings","floor":37,"turns":5},{"damage":0,"enemies":"Sphere and 2 Shapes","floor":38,"turns":3},{"damage":0,"enemies":"downfall:FleeingMerchant","floor":39,"turns":3},{"damage":0,"enemies":"Writhing Mass","floor":43,"turns":4},{"damage":0,"enemies":"2 Orb Walkers","floor":45,"turns":2},{"damage":8,"enemies":"Nemesis","floor":46,"turns":5},{"damage":7,"enemies":"Jaw Worm Horde","floor":49,"turns":2},{"damage":50,"enemies":"DF_ARCHETYPE_ORBS","floor":50,"turns":6}],"seed_played":"-3549328310289237434","potions_obtained":[{"floor":5,"key":"Weak Potion"},{"floor":8,"key":"DistilledChaos"},{"floor":13,"key":"Ancient Potion"},{"floor":15,"key":"DuplicationPotion"},{"floor":16,"key":"SpeedPotion"},{"floor":21,"key":"Ancient Potion"},{"floor":21,"key":"Slimebound:ThreeZeroPotion"},{"floor":21,"key":"EntropicBrew"},{"floor":25,"key":"Weak Potion"},{"floor":26,"key":"Slimebound:SpawnSlimePotion"},{"floor":28,"key":"Swift Potion"},{"floor":32,"key":"Regen Potion"},{"floor":33,"key":"Fire Potion"},{"floor":36,"key":"hexamod:SoulburnPotion"},{"floor":37,"key":"Weak Potion"},{"floor":38,"key":"Slimebound:SlimyTonguePotion"},{"floor":46,"key":"BlessingOfTheForge"}],"is_trial":false,"path_per_floor":["R","$","M","M","M","M","T","M","?","?","R","T","E","$","M","B",null,"R","M","?","?","M","R","T","M","M","R","E","M","M","$","M","B",null,"R","M","M","M","$","?","T","$","M","$","?","E","R","?","M","B",null],"character_chosen":"SLIMEBOUND","items_purchased":["Slimebound:SelfDamagePreventRelic","Slimebound:MassFeed","expansioncontent:DashGenerateEvil","Happy Flower","Boot","expansioncontent:QuickStudy","expansioncontent:PolyBeam"],"campfire_rested":0,"item_purchase_floors":[2,2,31,39,39,39,44],"current_hp_per_floor":[59,56,57,56,56,47,47,44,44,44,44,44,29,26,26,13,65,65,65,49,27,25,25,35,37,27,27,24,22,19,16,23,25,90,90,82,89,90,90,90,90,90,90,90,90,84,84,79,76,34],"gold":117,"neow_bonus":"TWO_FIFTY_GOLD","is_daily":false,"chose_seed":false,"campfire_upgraded":6,"win_rate":0.0,"timestamp":1613011561,"path_taken":["R","$","M","?","M","M","T","M","?","?","R","?","E","?","M","BOSS","R","M","?","?","M","R","T","M","?","R","E","M","M","$","M","BOSS","R","M","?","M","$","?","T","?","?","$","?","E","R","?","M","BOSS"],"items_purchased_type":["Relic","Card","Card","Relic","Relic","Card","Card"],"build_version":"2020-12-22","purchased_purges":3,"victory":true,"max_hp_per_floor":[59,59,59,62,62,62,62,65,65,65,65,65,65,65,65,65,65,65,71,71,71,74,74,84,84,84,84,84,87,87,87,90,90,90,90,90,90,90,90,90,90,90,90,90,90,90,90,90,90,90],"card_choices":[{"not_picked":["Slimebound:SamplingLick","Slimebound:Dissolve"],"picked":"Slimebound:SplitBruiser","floor":2},{"not_picked":["Slimebound:ItLooksTasty","Slimebound:SamplingLick"],"picked":"Slimebound:FinishingTackle","floor":3},{"not_picked":["Slimebound:SlimeSpikes","Slimebound:Prepare"],"picked":"Slimebound:LeechEnergy","floor":4},{"not_picked":["Slimebound:HauntingLick","Slimebound:GoopSpray"],"picked":"Slimebound:DisruptingSlam","floor":5},{"not_picked":["Slimebound:FinishingTackle","Slimebound:SplitBruiser"],"picked":"Slimebound:LevelUp","floor":6},{"not_picked":["Slimebound:PressTheAttack","Slimebound:LeechingTouch"],"picked":"Slimebound:SplitAcid","floor":8},{"not_picked":["Slimebound:Gluttony","Slimebound:Prepare"],"picked":"Slimebound:SlimeTap","floor":13},{"not_picked":["Slimebound:MassRepurpose","Slimebound:SplitBruiser"],"picked":"Slimebound:Chomp","floor":14},{"not_picked":["Slimebound:SamplingLick","Slimebound:RollThrough"],"picked":"Slimebound:Nibble","floor":15},{"not_picked":["Slimebound:PrepareCrush","Slimebound:SelfFormingGoo"],"picked":"Slimebound:SlimeSlap","floor":16},{"not_picked":["Slimebound:SplitMire","Slimebound:LeechEnergy"],"picked":"Slimebound:SlimeSpikes","floor":19},{"not_picked":["Slimebound:RollThrough+1","Slimebound:SplitAcid"],"picked":"Slimebound:Prepare+1","floor":21},{"not_picked":["Slimebound:GoopSpray","Slimebound:FinishingTackle+1"],"picked":"Slimebound:LivingWall+1","floor":22},{"not_picked":["Slimebound:RejuvenatingLick+1","Slimebound:LevelUp","Slimebound:SplitMire"],"picked":"SKIP","floor":25},{"not_picked":["Slimebound:DivideAndConquer","Slimebound:GoopTackle"],"picked":"Slimebound:RallyTheTroops","floor":26},{"not_picked":["Slimebound:PressTheAttack","Slimebound:LeechingTouch+1"],"picked":"Slimebound:GoopTackle+1","floor":28},{"not_picked":["Slimebound:FinishingTackle","Slimebound:DisruptingSlam","Slimebound:GoopTackle"],"picked":"SKIP","floor":29},{"not_picked":["Slimebound:PressTheAttack+1","Slimebound:GoopTackle"],"picked":"Slimebound:SlimeBarrage","floor":30},{"not_picked":["Slimebound:SplitBruiser","Slimebound:TongueLash","Slimebound:LeechingTouch+1"],"picked":"SKIP","floor":31},{"not_picked":["Slimebound:FinishingTackle","Slimebound:AcidTongue","Slimebound:ItLooksTasty+1"],"picked":"SKIP","floor":32},{"not_picked":["Slimebound:OozeBath","Slimebound:CheckThePlaybook"],"picked":"Slimebound:DouseInSlime","floor":33},{"not_picked":["Slimebound:FinishingTackle","Slimebound:Nibble+1"],"picked":"Slimebound:ViciousTackle+1","floor":36},{"not_picked":["Slimebound:Chomp","Slimebound:SplitAcid"],"picked":"Slimebound:Prepare+1","floor":37},{"not_picked":["Slimebound:DivideAndConquer","Slimebound:MegaLick","Slimebound:GrowthPunch"],"picked":"SKIP","floor":38},{"not_picked":["Slimebound:ViciousTackle","Slimebound:GoopSpray+1"],"picked":"Slimebound:Prepare+1","floor":39},{"not_picked":["Slimebound:Equalize","Slimebound:SlimeSpikes","Slimebound:AcidTongue+1","Slimebound:SpikyOuterGoop"],"picked":"SKIP","floor":43},{"not_picked":["Slimebound:Schlurp","Slimebound:LeechEnergy","Slimebound:SlimeSpikes","Slimebound:Grow+1"],"picked":"SKIP","floor":46},{"not_picked":["expansioncontent:InvincibleStrength","expansioncontent:YouAreMine"],"picked":"expansioncontent:AwakenDeath","floor":48},{"not_picked":["expansioncontent:HyperBeam","expansioncontent:InvincibleStrength"],"picked":"expansioncontent:YouAreMine","floor":48},{"not_picked":["Slimebound:DisruptingSlam+1","Slimebound:Chomp+1","Slimebound:PressTheAttack","Slimebound:SplitMire+1"],"picked":"SKIP","floor":49}],"player_experience":1037879,"relics_obtained":[{"floor":12,"key":"Oddly Smooth Stone"},{"floor":13,"key":"Omamori"},{"floor":20,"key":"Enchiridion"},{"floor":21,"key":"Potion Belt"},{"floor":24,"key":"Pear"},{"floor":28,"key":"Nunchaku"},{"floor":41,"key":"Question Card"},{"floor":45,"key":"Du-Vu Doll"},{"floor":46,"key":"Bottled Lightning"}],"event_choices":[{"damage_healed":0,"gold_gain":0,"player_choice":"Box","damage_taken":0,"relics_obtained":["Sundial"],"max_hp_gain":0,"max_hp_loss":0,"event_name":"Big Fish","floor":10,"gold_loss":0,"cards_obtained":["Regret"]},{"cards_removed":["Slimebound:Nibble"],"damage_healed":0,"gold_gain":0,"player_choice":"Took Card","damage_taken":0,"max_hp_gain":0,"max_hp_loss":0,"event_name":"NoteForYourself","floor":40,"gold_loss":0,"cards_obtained":["Entrench"]},{"damage_healed":0,"gold_gain":0,"player_choice":"Fight","damage_taken":0,"max_hp_gain":0,"max_hp_loss":0,"event_name":"Mysterious Sphere","floor":45,"gold_loss":0}],"is_beta":false,"boss_relics":[{"not_picked":["SacredBark","Fusion Hammer"],"picked":"Snecko Eye"},{"not_picked":["Empty Cage","Pandora\u0027s Box"],"picked":"Coffee Dripper"}],"items_purged_floors":[14,31,39],"is_endless":false,"potions_floor_spawned":[5,8,13,15,16,25,26,28,32,33,36,37,38,46],"ascension_level":0}}