{"host":"r40cn8c2kv7g6k3i","time":1613020712,"event":{"mods":["ATMod(∞¢Ë™Mod)","Act Like it!","BaseMod","Colored Powertips","Downfall","Gensokyo","Hallownest","KinomotoSakuraMod(ƒæ÷Æ±æ”£)","KomeijiMod","Marisa£®ÏF”Í°°ƒß¿Ì…≥£©","Minty Spire (QoL Compilation)","Onozuka Komachi Mod","Prisma Mod","Reimu£®≤©¿ˆ¡È√Œ£©","Remilia£®¿Ÿ√◊¿Ú—«£©","Replay The Spire","Shop Mod","Spicy Shops","StSLib","The Alterego","The Bug Knight","The Servant 0.9.4","UnlockEverythingMod","WarShipGirlsR/’ΩΩ¢…Ÿ≈ÆR mod","Youmu£®ªÍ∆«—˝√Œ£©","Yuri Mod"],"gold_per_floor":[109,99,99,99,99,99,125,125,150,183,200,227,227,35,35,136,236,246,246,264,17,17,17],"floor_reached":22,"language":"ZHS","playtime":1611,"items_purged":[],"score":270,"play_id":"3df2b4ac-255f-4e1e-ba95-feecd474a054","local_time":"20210211131832","is_ascension_mode":true,"campfire_choices":[{"floor":6,"key":"RECALL"},{"data":"AT_FamilyPortrait","floor":8,"key":"SMITH"},{"floor":13,"key":"REST"},{"data":"ClowCardTheLoop","floor":15,"key":"SMITH"}],"circlet_count":0,"master_deck":["ClowCardTheSword","ClowCardTheSword","ClowCardTheSword","ClowCardTheSword","ClowCardTheShield","ClowCardTheShield","ClowCardTheShield","ClowCardTheShield","SpellCardSeal","SpellCardRelease","AT_FamilyPortrait+1","ClowCardTheStorm","ClowCardTheShot","ClowCardTheThrough","Clumsy","ClowCardTheRain","ClowCardTheWindy","ClowCardTheLoop+1","ClowCardTheFreeze","Gensokyo:BlemishedSteel","Gensokyo:RPG","ClowCardTheFight+1","ClowCardTheLight","ClowCardTheRain+1","ClowCardTheLock","ReplayUltimateDefense"],"relics":["KSMOD_SealedBook","KSMOD_SealedWand","AT_ATBox","Gensokyo:CelestialsFlawlessClothing","Gensokyo:NagashiBinaDoll","Bottled Flame","AT_SpeedBoots","AT_BladeRuinedKing","The Courier","Replay:Wanted Poster","Vajra","Gensokyo:ConquerorOfFear","Pet Ghost"],"acts_visited":["Gensokyo:Gensokyo","Gensokyo:Gensokyoer"],"potions_floor_usage":[16,18],"damage_taken":[{"damage":0,"enemies":"Gensokyo:Python","floor":1,"turns":3},{"damage":0,"enemies":"Gensokyo:Cirno","floor":7,"turns":6},{"damage":0,"enemies":"Gensokyo:Mamizou","floor":10,"turns":4},{"damage":0,"enemies":"Gensokyo:Gryphon","floor":11,"turns":1},{"damage":39,"enemies":"Gensokyo:Cirno","floor":12,"turns":7},{"damage":23,"enemies":"Gensokyo:Kokoro","floor":16,"turns":8},{"damage":25,"enemies":"Gensokyo:3_Dogs","floor":18,"turns":2},{"damage":29,"enemies":"Gensokyo:AngelMirror","floor":20,"turns":2}],"seed_played":"-1519422138076414446","potions_obtained":[{"floor":1,"key":"Death Potion"},{"floor":7,"key":"Fire Potion"},{"floor":20,"key":"ZuzhouPotion:ReiMu"}],"is_trial":false,"path_per_floor":["M","?","?","?","?","R","E","R","T","E","M","E","R","COS","R","B",null,"M","?","M","$","?"],"character_chosen":"KINOMOTOSAKURA","items_purchased":["Pet Ghost","ReplayUltimateDefense","SteroidPotion"],"campfire_rested":1,"item_purchase_floors":[21,21,21],"current_hp_per_floor":[77,77,77,58,58,58,58,58,58,58,58,19,42,42,42,31,77,52,52,23,23,0,0],"gold":17,"neow_bonus":"TEN_PERCENT_HP_BONUS","is_daily":false,"chose_seed":false,"campfire_upgraded":2,"win_rate":0.0,"timestamp":1613020712,"path_taken":["M","?","?","?","?","R","E","R","T","E","M","E","R","COS","R","BOSS","M","?","M","?","?"],"items_purchased_type":["Relic","Card","Potion"],"build_version":"2020-12-22","purchased_purges":0,"victory":false,"max_hp_per_floor":[77,77,77,77,77,77,77,77,77,77,77,77,77,77,77,77,77,77,77,77,77,77,77],"card_choices":[{"not_picked":["ClowCardTheSong","ClowCardThePower"],"picked":"ClowCardTheStorm","floor":1},{"not_picked":[],"picked":"ClowCardTheShot","floor":2},{"not_picked":[],"picked":"ClowCardTheThrough","floor":2},{"not_picked":["ClowCardTheFly","ClowCardTheSilent"],"picked":"ClowCardTheRain","floor":7},{"not_picked":["ClowCardTheReturn","ClowCardTheEarthy"],"picked":"ClowCardTheWindy","floor":10},{"not_picked":["ClowCardTheSleep","ClowCardTheGlow"],"picked":"ClowCardTheLoop","floor":11},{"not_picked":["ClowCardTheSilent","ClowCardTheErase"],"picked":"ClowCardTheFreeze","floor":12},{"not_picked":["ClowCardTheCreate","ClowCardTheThrough+1"],"picked":"ClowCardTheFight+1","floor":16},{"not_picked":["ClowCardTheTime","ClowCardTheDash"],"picked":"ClowCardTheLight","floor":16},{"not_picked":["ClowCardTheIllusion+1","ClowCardTheSilent"],"picked":"ClowCardTheRain+1","floor":18},{"not_picked":["ClowCardTheArrow+1","ClowCardTheSleep"],"picked":"ClowCardTheLock","floor":20}],"player_experience":179856,"relics_obtained":[{"floor":7,"key":"Bottled Flame"},{"floor":9,"key":"AT_SpeedBoots"},{"floor":10,"key":"AT_BladeRuinedKing"},{"floor":12,"key":"The Courier"},{"floor":20,"key":"Gensokyo:ConquerorOfFear"}],"event_choices":[],"is_beta":false,"boss_relics":[{"not_picked":["Kintsugi","Runic Dome"],"picked":"Replay:Wanted Poster"}],"items_purged_floors":[],"is_endless":false,"potions_floor_spawned":[1,7,20],"ascension_level":2}}