{"host":"rmt60uil2jppa14k","time":1613060298,"event":{"mods":["AchievementEnabler","BaseMod","Better Third Choice","Colored Powertips","Highlight Path","Minty Spire (QoL Compilation)","Quick Restart","Rare Cards Sparkle","Shop Mod","StSLib"],"gold_per_floor":[118,92,104,204,218,218,218,238,262,119,119,131,131,151,151,248,248,232,243,203,203,203],"floor_reached":21,"language":"ENG","playtime":961,"items_purged":[],"score":171,"play_id":"aaaf5bd6-1b51-442a-95d2-e419c890a552","local_time":"20210211161818","is_ascension_mode":false,"campfire_choices":[{"floor":7,"key":"REST"},{"data":"Ball Lightning","floor":11,"key":"SMITH"},{"floor":15,"key":"REST"}],"circlet_count":0,"master_deck":["Strike_B","Strike_B","Strike_B+1","Strike_B","Defend_B","Defend_B","Defend_B","Defend_B","Zap+1","Dualcast","Melter","Go for the Eyes","Conserve Battery","Ball Lightning+1","Storm","Gash","Leap","Turbo","Static Discharge+1","Thunder Strike","Conserve Battery","BootSequence"],"relics":["Cracked Core","Bag of Marbles","betterThird:SlimedRelic","Omamori","Inserter"],"acts_visited":["Exordium","TheCity"],"potions_floor_usage":[8,16,16],"damage_taken":[{"damage":4,"enemies":"Jaw Worm","floor":1,"turns":4},{"damage":1,"enemies":"Cultist","floor":3,"turns":3},{"damage":0,"enemies":"2 Louse","floor":5,"turns":2},{"damage":8,"enemies":"Gremlin Gang","floor":8,"turns":6},{"damage":9,"enemies":"3 Louse","floor":12,"turns":2},{"damage":8,"enemies":"Exordium Thugs","floor":14,"turns":3},{"damage":29,"enemies":"Hexaghost","floor":16,"turns":9},{"damage":22,"enemies":"2 Thieves","floor":18,"turns":4},{"damage":18,"enemies":"Shell Parasite","floor":19,"turns":6},{"damage":45,"enemies":"Snecko","floor":21,"turns":8}],"seed_played":"-4257350118401417514","potions_obtained":[{"floor":3,"key":"Dexterity Potion"},{"floor":5,"key":"ColorlessPotion"},{"floor":14,"key":"ColorlessPotion"}],"is_trial":false,"path_per_floor":["M","?","M","?","M","?","R","M","T","$","R","M","$","M","R","B",null,"M","M","?","M"],"character_chosen":"DEFECT","items_purchased":["Storm","Gash","Leap"],"campfire_rested":2,"item_purchase_floors":[10,10,10],"current_hp_per_floor":[71,60,59,59,59,59,75,67,67,67,67,58,58,50,72,43,75,53,35,35,0,0],"gold":203,"neow_bonus":"RANDOM_COMMON_RELIC","is_daily":false,"chose_seed":false,"campfire_upgraded":1,"win_rate":0.0,"timestamp":1613060298,"path_taken":["M","?","M","?","?","?","R","M","T","$","R","M","$","?","R","BOSS","M","M","?","M"],"items_purchased_type":["Card","Card","Card"],"build_version":"2020-12-22","purchased_purges":0,"victory":false,"max_hp_per_floor":[75,75,75,75,75,75,75,75,75,75,75,75,75,75,75,75,75,75,75,75,75,75],"card_choices":[{"not_picked":["Compile Driver","Scrape"],"picked":"Melter","floor":1},{"not_picked":["Cold Snap","Compile Driver"],"picked":"Go for the Eyes","floor":3},{"not_picked":["Go for the Eyes","Cold Snap"],"picked":"Conserve Battery","floor":5},{"not_picked":["Reboot","Undo"],"picked":"Ball Lightning","floor":8},{"not_picked":["Compile Driver","Auto Shields"],"picked":"Turbo","floor":12},{"not_picked":["Consume","Chaos"],"picked":"Static Discharge","floor":14},{"not_picked":["Rainbow","Reboot"],"picked":"Thunder Strike","floor":16},{"not_picked":["Compile Driver+1","Static Discharge"],"picked":"Conserve Battery","floor":18},{"not_picked":["Cold Snap","Leap"],"picked":"BootSequence","floor":19}],"player_experience":151972,"relics_obtained":[{"floor":9,"key":"Omamori"}],"event_choices":[{"damage_healed":0,"gold_gain":0,"player_choice":"Slimed","damage_taken":11,"max_hp_gain":0,"max_hp_loss":0,"event_name":"betterThird:BetterGoop","floor":2,"gold_loss":26},{"damage_healed":0,"gold_gain":100,"player_choice":"Pray","damage_taken":0,"max_hp_gain":0,"max_hp_loss":0,"event_name":"Golden Shrine","floor":4,"gold_loss":0},{"damage_healed":0,"gold_gain":0,"player_choice":"Forge","damage_taken":0,"max_hp_gain":0,"max_hp_loss":0,"event_name":"Accursed Blacksmith","floor":6,"gold_loss":0,"cards_upgraded":["Zap"]},{"damage_healed":0,"gold_gain":0,"player_choice":"Upgraded Two","damage_taken":0,"max_hp_gain":0,"max_hp_loss":0,"event_name":"Designer","floor":20,"gold_loss":40,"cards_upgraded":["Static Discharge","Strike_B"]}],"is_beta":false,"boss_relics":[{"not_picked":["Sozu","Philosopher\u0027s Stone"],"picked":"Inserter"}],"items_purged_floors":[],"is_endless":false,"potions_floor_spawned":[3,5,14],"killed_by":"Snecko","ascension_level":0}}