{"host":"ia9e4s524g7bamk7","time":1613053965,"event":{"mods":["AchievementEnabler","BaseMod","Minty Spire (QoL Compilation)","Slay-I"],"gold_per_floor":[115,127,139,89,164,164,176,203,228,228,228],"floor_reached":10,"language":"ENG","playtime":654,"items_purged":[],"score":85,"play_id":"9ea65858-161b-4d6a-9b62-e9c18aa6ebcb","local_time":"20210211153245","is_ascension_mode":true,"campfire_choices":[{"data":"Apotheosis","floor":6,"key":"SMITH"}],"circlet_count":0,"master_deck":["Strike_R","Strike_R","Strike_R","Strike_R","Defend_R","Defend_R+1","Defend_R","Defend_R+1","Bash","Apotheosis+1","Twin Strike","Flex","Feel No Pain","Uppercut","Perfected Strike"],"relics":["Burning Blood","Omamori","War Paint"],"acts_visited":["Exordium"],"potions_floor_usage":[8,8],"damage_taken":[{"damage":15,"enemies":"Jaw Worm","floor":1,"turns":5},{"damage":18,"enemies":"Small Slimes","floor":2,"turns":4},{"damage":0,"enemies":"2 Louse","floor":3,"turns":3},{"damage":12,"enemies":"2 Fungi Beasts","floor":7,"turns":3},{"damage":24,"enemies":"3 Sentries","floor":8,"turns":12},{"damage":22,"enemies":"Lagavulin","floor":10,"turns":3}],"seed_played":"739793535389395900","potions_obtained":[{"floor":2,"key":"SkillPotion"},{"floor":3,"key":"BloodPotion"},{"floor":8,"key":"ColorlessPotion"}],"is_trial":false,"path_per_floor":["M","M","M","?","?","R","M","E","T","E"],"character_chosen":"IRONCLAD","items_purchased":[],"campfire_rested":0,"item_purchase_floors":[],"current_hp_per_floor":[47,35,41,41,30,30,24,22,22,0,0],"gold":228,"neow_bonus":"RANDOM_COLORLESS_2","is_daily":false,"chose_seed":false,"campfire_upgraded":1,"win_rate":0.0,"timestamp":1613053965,"path_taken":["M","M","M","?","?","R","M","E","T","E"],"items_purchased_type":[],"build_version":"2020-12-22","purchased_purges":0,"victory":false,"max_hp_per_floor":[80,80,80,80,80,80,80,80,80,80,80],"card_choices":[{"not_picked":["Chrysalis","Master of Strategy"],"picked":"Apotheosis","floor":0},{"not_picked":["Intimidate","Burning Pact"],"picked":"Twin Strike","floor":1},{"not_picked":["Fire Breathing","Body Slam"],"picked":"Flex","floor":2},{"not_picked":["Ghostly Armor","Body Slam"],"picked":"Feel No Pain","floor":3},{"not_picked":["Headbutt","Intimidate"],"picked":"Uppercut","floor":7},{"not_picked":["Clash","Dropkick"],"picked":"Perfected Strike","floor":8}],"player_experience":317929,"relics_obtained":[{"floor":8,"key":"Omamori"},{"floor":9,"key":"War Paint"}],"event_choices":[{"cards_removed":["Strike_R"],"damage_healed":0,"gold_gain":0,"player_choice":"Card Removal","damage_taken":0,"max_hp_gain":0,"max_hp_loss":0,"event_name":"The Cleric","floor":4,"gold_loss":50},{"damage_healed":0,"gold_gain":75,"player_choice":"Gather Gold","damage_taken":11,"max_hp_gain":0,"max_hp_loss":0,"event_name":"World of Goop","floor":5,"gold_loss":0}],"is_beta":false,"boss_relics":[],"items_purged_floors":[],"is_endless":false,"potions_floor_spawned":[2,3,8],"killed_by":"Lagavulin","ascension_level":5}}