{"host":"02t2xvao3cghmwgs","time":1613028470,"event":{"mods":["2.2 Compatiblity","Act Like it!","BaseMod","Better Note","Colored Powertips","Friendly Minions","Googly Eyes","Hermit","Highlight Path","Kiyohime????","Marisa????????","Minty Spire (QoL Compilation)","READ ME - Guardian Mod","Rare Cards Sparkle","Reimu??????","Remilia??????","StSLib","Synergy Search","The Animator","The Bug Knight","The Marked","The Mystic","The Senshi","The Wild Card","Yuyuko"],"gold_per_floor":[128,140,140,156,71,71,71,107,134,168,183,217,234,234,234],"floor_reached":14,"language":"ENG","playtime":952,"items_purged":[],"score":102,"play_id":"60680d03-3312-4b29-9625-94e5dc53e2aa","local_time":"20210211022750","is_ascension_mode":false,"campfire_choices":[{"data":"theWildCard:Loki","floor":6,"key":"SMITH"}],"circlet_count":0,"master_deck":["animator:Strike_Elsword","animator:Defend_Elsword","animator:Chung","animator:Raven","animator:Ciel","animator:Elsword","theWildCard:Loki+1","animator:Strike_NoGameNoLife","animator:Strike_GATE","animator:Defend_Kancolle","animator:Defend_TenSura+1","animator:Aisha","animator:Demiurge+1","animator:KyokoSakura","animator:Ciel","animator:Ain"],"relics":["animator:LivingPicture","animator:TheMissingPiece","animator:PurgingStone","Happy Flower","Shuriken","War Paint"],"acts_visited":["Exordium"],"potions_floor_usage":[10,12,14],"damage_taken":[{"damage":0,"enemies":"Jaw Worm","floor":1,"turns":5},{"damage":4,"enemies":"Small Slimes","floor":2,"turns":4},{"damage":3,"enemies":"2 Louse","floor":4,"turns":2},{"damage":7,"enemies":"Lots of Slimes","floor":8,"turns":5},{"damage":13,"enemies":"3 Sentries","floor":10,"turns":6},{"damage":6,"enemies":"Looter","floor":11,"turns":3},{"damage":16,"enemies":"Gremlin Nob","floor":12,"turns":3},{"damage":2,"enemies":"Large Slime","floor":13,"turns":6},{"damage":10,"enemies":"Lagavulin","floor":14,"turns":2}],"seed_played":"-276195779970453405","potions_obtained":[{"floor":2,"key":"FearPotion"},{"floor":4,"key":"ColorlessPotion"},{"floor":13,"key":"BlessingOfTheForge"}],"is_trial":false,"path_per_floor":["M","M","?","M","?","R","?","M","T","E","M","E","M","E"],"character_chosen":"THE_ANIMATOR","items_purchased":[],"campfire_rested":0,"item_purchase_floors":[],"current_hp_per_floor":[48,45,45,42,42,42,47,40,40,27,21,5,4,0,0],"gold":234,"neow_bonus":"REMOVE_TWO","is_daily":false,"chose_seed":false,"campfire_upgraded":1,"win_rate":0.0,"timestamp":1613028470,"path_taken":["M","M","?","M","?","R","?","M","T","E","M","E","?","E"],"items_purchased_type":[],"build_version":"2020-12-22","purchased_purges":0,"victory":false,"max_hp_per_floor":[66,67,67,67,67,67,67,67,67,67,67,67,68,68,68],"card_choices":[{"not_picked":["animator:Kazuma","animator:CowGirl"],"picked":"animator:Ciel","floor":1},{"not_picked":["animator:Tatsumaki","animator:Hakurou"],"picked":"animator:Elsword","floor":2},{"not_picked":["animator:Cocytus","animator:Boros"],"picked":"animator:Genos","floor":4},{"not_picked":["animator:Ara","animator:Elsword"],"picked":"animator:Aisha","floor":8},{"not_picked":["animator:Tet","animator:Shizu"],"picked":"animator:Demiurge","floor":10},{"not_picked":["animator:Kazuma","animator:Shigure"],"picked":"animator:KyokoSakura","floor":11},{"not_picked":["animator:Shion","animator:Add"],"picked":"animator:Ciel","floor":12},{"not_picked":["animator:Ara","animator:Rena"],"picked":"animator:Ain","floor":13}],"player_experience":335641,"relics_obtained":[{"floor":9,"key":"Happy Flower"},{"floor":10,"key":"Shuriken"},{"floor":12,"key":"War Paint"}],"event_choices":[{"cards_removed":["animator:Genos"],"damage_healed":5,"gold_gain":0,"player_choice":"Offered Common","damage_taken":0,"max_hp_gain":0,"max_hp_loss":0,"event_name":"Bonfire Elementals","floor":7,"gold_loss":0},{"cards_removed":["animator:Genos"],"damage_healed":5,"gold_gain":0,"player_choice":"Offered Special","damage_taken":0,"max_hp_gain":0,"max_hp_loss":0,"event_name":"Bonfire Elementals","floor":7,"gold_loss":0}],"is_beta":false,"boss_relics":[],"items_purged_floors":[],"is_endless":false,"potions_floor_spawned":[2,4,13],"killed_by":"Lagavulin","ascension_level":0}}