{"host":"d73an99q9oevilk5","time":1613057253,"event":{"mods":["2.2 Compatiblity","AchievementEnabler","Act Like it!","Aspiration","BaseMod","Beaked The Cultist","Better Third Choice","BetterRewards","Colored Map","Colored Powertips","Conspire","Downfall","GifTheSpireLib","GungeonMod","Halation","Hubris","Infinite Spire","Marisa????????","Mimic Mod","Minty Spire (QoL Compilation)","Quick Restart","Relic Sorter","Reliquary","Replay The Spire","Shop Mod","Spikes Relics","StSLib","Stuff the Spire","The Bug Knight","The Cursed","The Jungle","The Necromancer","The Saiyan","Waifu the Spire","egg","slay the spire mod where everything is the same but ironclad has a cowboy hat"],"gold_per_floor":[115,128,128,138,138,165,165,177,177,177,193,225,250,215,215,319,319,338,429,446,478,578,578,606,606,683,683,240,240,240,255,255,353,353,367,382,174,174,174,208,121,121,160,180,180,198,198,213,213,213],"floor_reached":51,"language":"ENG","playtime":2242,"items_purged":[],"score":1011,"play_id":"cd21e6d4-bd02-4fe0-9984-07e61daa449e","local_time":"20210211082733","is_ascension_mode":false,"campfire_choices":[{"data":"Blade Dance","floor":7,"key":"SMITH"},{"data":"Finisher","floor":15,"key":"SMITH"},{"data":"Neutralize","floor":23,"key":"SMITH"},{"data":"Adrenaline","floor":25,"key":"SMITH"},{"data":"Footwork","floor":29,"key":"SMITH"},{"data":"Sadistic Nature","floor":42,"key":"SMITH"},{"floor":49,"key":"REST"}],"circlet_count":0,"master_deck":["Strike_G","Strike_G","Strike_G","Strike_G","Defend_G","Defend_G","Defend_G","Defend_G","Defend_G","Survivor","Neutralize+1","Footwork+1","Finisher+1","Blade Dance+1","Accuracy+1","Cloak And Dagger","Noxious Fumes","Adrenaline+1","Venomology","Prepared+1","Hidden Blade","Deflect+1","Sucker Punch","Footwork+1","Finisher","hubris:EnhanceAbility","Envenom","Skewer","Skewer+1","Dagger Spray","Dagger Spray","Sadistic Nature+1","Madness+1","Madness+1","hubris:Counter+1","Cloak And Dagger+1","Choke","Dodge and Roll+1"],"relics":["Ring of the Snake","BlackRope","Sling","hubris:CuriousFeather","WingedGreaves","infinitespire:Satchel","StuffTheSpire:Rhapsscallions","aspiration:FetidBarrel","Black Star","reliquary:Stiletto","DemoMod:GreenGuonStone","reliquary:TuningFork","reliquary:Knoch","hubris:Metronome","Omamori","hubris:Backtick","conspire:Dentures","halation:EternalFortune","Gremlin Horn","reliquary:FerryPass","Calipers","BicycleWheel","DemoMod:GlassGuonStoneRelic","reliquary:RedPaperclip"],"acts_visited":["Exordium","Exordium","TheBeyond"],"potions_floor_usage":[18,21,33,33,40,50,50,50,50,50],"damage_taken":[{"damage":0,"enemies":"Small Slimes","floor":1,"turns":2},{"damage":0,"enemies":"Cultist","floor":2,"turns":2},{"damage":0,"enemies":"Jaw Worm","floor":4,"turns":1},{"damage":10,"enemies":"3 Sentries","floor":6,"turns":7},{"damage":7,"enemies":"Large Slime","floor":8,"turns":5},{"damage":0,"enemies":"Blue Slaver","floor":11,"turns":3},{"damage":19,"enemies":"Gremlin Nob","floor":12,"turns":4},{"damage":1,"enemies":"3 Sentries","floor":13,"turns":3},{"damage":2,"enemies":"Fading Forest","floor":16,"turns":11},{"damage":0,"enemies":"Shell Parasite","floor":18,"turns":3},{"damage":3,"enemies":"theJungle:Flameango_and_Byrd","floor":20,"turns":5},{"damage":0,"enemies":"theJungle:Snecko_Cultist_And_Trap","floor":21,"turns":7},{"damage":0,"enemies":"theJungle:MamaSnecko","floor":24,"turns":2},{"damage":0,"enemies":"theJungle:Snecko_Cultist_And_Trap","floor":31,"turns":4},{"damage":7,"enemies":"theJungle:TotemBoss","floor":33,"turns":6},{"damage":0,"enemies":"3 Shapes","floor":35,"turns":4},{"damage":0,"enemies":"3 Darklings","floor":36,"turns":5},{"damage":9,"enemies":"Giant Head","floor":40,"turns":6},{"damage":3,"enemies":"Writhing Mass","floor":43,"turns":5},{"damage":0,"enemies":"Writhing Mass","floor":44,"turns":3},{"damage":0,"enemies":"Transient","floor":46,"turns":5},{"damage":0,"enemies":"Spire Growth","floor":48,"turns":2},{"damage":34,"enemies":"infinitespire:MassOfShapes","floor":50,"turns":3}],"seed_played":"-17677155019857450","potions_obtained":[{"floor":8,"key":"Energy Potion"},{"floor":11,"key":"conspire:TimeTravelPotion"},{"floor":13,"key":"GamblersBrew"},{"floor":33,"key":"Regen Potion"},{"floor":40,"key":"EntropicBrew"}],"is_trial":false,"path_per_floor":["M","M","?","M","?","E","R","M","T","T","M","E","E","?","R","B",null,"M","?","M","MIM","?","R","E","R","T","?","$","R","?","M","R_BF","B",null,"M","M","$","?","?","E","$","R","MIM","M","AVR","M","?","M","R","B",null],"character_chosen":"THE_SILENT","items_purchased":["HollowMod:PaleOreRelic","Footwork","Deadly Poison","BlackRope","Sling","Blade Dance","Accuracy","Footwork","Omamori","Finisher","hubris:EnhanceAbility","Dagger Spray","Sadistic Nature","Cloak And Dagger+1","Choke"],"campfire_rested":1,"item_purchase_floors":[0,0,0,0,0,0,0,28,28,28,28,37,37,41,41],"current_hp_per_floor":[70,70,70,70,70,60,60,53,53,53,53,37,36,54,54,66,73,73,55,52,52,47,47,47,47,47,47,47,47,47,47,47,40,73,73,73,73,64,67,58,58,58,55,55,55,55,55,55,76,76],"gold":213,"neow_bonus":"","is_daily":false,"chose_seed":false,"campfire_upgraded":6,"win_rate":0.0,"timestamp":1613057253,"path_taken":["M","M","?","M","?","E","R","?","T","?","M","E","E","?","R","BOSS","M","?","?","?","?","R","E","R","T","?","?","R","?","?","R_BF","BOSS","M","?","$","?","?","E","?","R","MIM","M","AVR","M","?","M","R","BOSS"],"items_purchased_type":["Relic","Card","Card","Relic","Relic","Card","Card","Card","Relic","Card","Card","Card","Card","Card","Card"],"build_version":"2020-12-22","purchased_purges":0,"victory":true,"max_hp_per_floor":[70,70,70,70,70,70,70,70,70,70,70,73,73,73,73,73,73,73,73,73,73,73,73,73,73,73,73,73,73,73,73,73,73,73,73,73,73,73,76,76,76,76,76,76,76,76,76,76,76,76],"card_choices":[{"not_picked":["Masterful Stab","InfectiousVector","Sucker Punch"],"picked":"SKIP","floor":1},{"not_picked":["Acrobatics","Bane","Tactician"],"picked":"SKIP","floor":2},{"not_picked":["StuffTheSpire:Injection","StuffTheSpire:Repulse"],"picked":"Cloak And Dagger","floor":4},{"not_picked":["Malaise","Poison Darts"],"picked":"Noxious Fumes","floor":6},{"not_picked":["ReplayTheSpireMod:Shiv Toss","Deflect"],"picked":"Caltrops","floor":8},{"not_picked":["PiercingWail","Deflect"],"picked":"Adrenaline","floor":11},{"not_picked":["Calculated Gamble","ReplayTheSpireMod:Tripwire","StuffTheSpire:Incursion"],"picked":"SKIP","floor":12},{"not_picked":["StuffTheSpire:ClusterCrunch","Endless Agony","PiercingWail"],"picked":"SKIP","floor":13},{"not_picked":["Atom Bomb","infinitespire:Neurotoxin"],"picked":"Venomology","floor":16},{"not_picked":["Bane","Outmaneuver","StuffTheSpire:Injection"],"picked":"SKIP","floor":18},{"not_picked":["Backflip+1","ReplayTheSpireMod:Tripwire+1"],"picked":"Prepared+1","floor":19},{"not_picked":["Quick Slash","Tactician"],"picked":"Hidden Blade","floor":19},{"not_picked":["Skewer","StuffTheSpire:Python"],"picked":"Deflect+1","floor":20},{"not_picked":["Bouncing Flask","StuffTheSpire:Fury"],"picked":"Sucker Punch","floor":21},{"not_picked":["InfectiousVector+1","Bane","Replay:Poison Smokescreen+1"],"picked":"SKIP","floor":24},{"not_picked":["Backflip+1","StuffTheSpire:Injection","hubris:TrickCloak+1"],"picked":"SKIP","floor":31},{"not_picked":["Glass Knife","Grand Finale"],"picked":"Envenom","floor":33},{"not_picked":["Poisoned Stab+1","Skewer","Quick Slash"],"picked":"SKIP","floor":35},{"not_picked":["Poisoned Stab+1","Quick Slash"],"picked":"Skewer","floor":35},{"not_picked":["Sneak Up+1","StuffTheSpire:ClusterCrunch"],"picked":"Skewer+1","floor":36},{"not_picked":["Atom Bomb","Calculated Gamble+1"],"picked":"hubris:Counter+1","floor":40},{"not_picked":["Deflect+1","Expertise+1"],"picked":"Dodge and Roll+1","floor":44},{"not_picked":["ReplayTheSpireMod:The Works+1","Outmaneuver+1","Dagger Throw"],"picked":"SKIP","floor":46},{"not_picked":["All Out Attack","ReplayTheSpireMod:The Works","Concentrate"],"picked":"SKIP","floor":48}],"player_experience":1895606,"relics_obtained":[{"floor":6,"key":"hubris:CuriousFeather"},{"floor":9,"key":"WingedGreaves"},{"floor":10,"key":"infinitespire:Satchel"},{"floor":12,"key":"StuffTheSpire:Rhapsscallions"},{"floor":13,"key":"aspiration:FetidBarrel"},{"floor":19,"key":"reliquary:Stiletto"},{"floor":21,"key":"DemoMod:GreenGuonStone"},{"floor":21,"key":"reliquary:TuningFork"},{"floor":24,"key":"Toxic Egg 2"},{"floor":24,"key":"reliquary:Knoch"},{"floor":26,"key":"hubris:Metronome"},{"floor":40,"key":"Gremlin Horn"},{"floor":40,"key":"reliquary:FerryPass"},{"floor":43,"key":"Calipers"},{"floor":43,"key":"BicycleWheel"}],"event_choices":[{"damage_healed":0,"gold_gain":0,"player_choice":"Upgraded","damage_taken":0,"max_hp_gain":0,"max_hp_loss":0,"event_name":"Upgrade Shrine","floor":5,"gold_loss":0,"cards_upgraded":["Footwork"]},{"damage_healed":18,"gold_gain":0,"player_choice":"Healed","damage_taken":0,"max_hp_gain":0,"max_hp_loss":0,"event_name":"The Cleric","floor":14,"gold_loss":35},{"damage_healed":0,"gold_gain":0,"player_choice":"Ignored","damage_taken":0,"max_hp_gain":0,"max_hp_loss":0,"event_name":"NoteForYourself","floor":30,"gold_loss":0},{"damage_healed":0,"gold_gain":0,"player_choice":"Embrace Madness","damage_taken":9,"max_hp_gain":0,"max_hp_loss":0,"event_name":"Winding Halls","floor":38,"gold_loss":0,"cards_obtained":["Madness","Madness"]},{"cards_removed":["Caltrops"],"damage_healed":0,"gold_gain":0,"player_choice":"Removed Power","damage_taken":0,"max_hp_gain":0,"max_hp_loss":0,"event_name":"Falling","floor":47,"gold_loss":0}],"is_beta":false,"boss_relics":[{"not_picked":["halation:HeavySnake","Velvet Choker"],"picked":"Black Star"},{"not_picked":["conspire:RunicOctahedron","halation:CatFaceCupcake"],"picked":"hubris:Backtick"}],"items_purged_floors":[],"is_endless":false,"potions_floor_spawned":[8,11,13,24,33,40,46],"ascension_level":0}}