{"host":"jqkewjmybebgw3gd","time":1613055273,"event":{"mods":["AchievementEnabler","BaseMod","Colored Map","DeckTracker","Keyboard Shortcuts","Minty Spire (QoL Compilation)","StSLib","SuperFastMode"],"gold_per_floor":[115,128,148,148,168,168,184,184,184,184,209,228,241,274,274,274,274],"floor_reached":16,"language":"KOR","playtime":897,"items_purged":[],"score":120,"play_id":"9cb58f17-e8d4-4e0a-ab68-f9ce8a260556","local_time":"20210211235433","is_ascension_mode":true,"campfire_choices":[{"data":"Searing Blow","floor":6.0,"key":"SMITH"},{"data":"Searing Blow+1","floor":8.0,"key":"SMITH"},{"data":"Searing Blow+2","floor":10.0,"key":"SMITH"},{"data":"Searing Blow+3","floor":15,"key":"SMITH"}],"circlet_count":0,"master_deck":["Strike_R","Strike_R","Strike_R","Defend_R","Defend_R","Defend_R","Defend_R","Bash","Burning Pact","Wild Strike","Searing Blow+4","Barricade","Exhume","Pommel Strike","Evolve"],"relics":["Burning Blood","Kunai","Regal Pillow","Letter Opener"],"acts_visited":["Exordium"],"potions_floor_usage":[11,11,14,16],"damage_taken":[{"damage":9.0,"enemies":"Small Slimes","floor":1.0,"turns":5.0},{"damage":5.0,"enemies":"Jaw Worm","floor":2.0,"turns":6.0},{"damage":6.0,"enemies":"Cultist","floor":3.0,"turns":3.0},{"damage":15.0,"enemies":"Looter","floor":5.0,"turns":3.0},{"damage":16.0,"enemies":"Blue Slaver","floor":7.0,"turns":4.0},{"damage":3,"enemies":"Gremlin Nob","floor":11,"turns":3},{"damage":0,"enemies":"Large Slime","floor":12,"turns":5},{"damage":10,"enemies":"Looter","floor":13,"turns":3},{"damage":17,"enemies":"3 Sentries","floor":14,"turns":5},{"damage":36,"enemies":"Slime Boss","floor":16,"turns":5}],"seed_played":"1210932785284979628","potions_obtained":[{"floor":1.0,"key":"LiquidBronze"},{"floor":2.0,"key":"Explosive Potion"},{"floor":13,"key":"Explosive Potion"},{"floor":14,"key":"SkillPotion"}],"is_trial":false,"path_per_floor":["M","M","M","?","M","R","M","R","T","R","E","M","M","E","R","B"],"character_chosen":"IRONCLAD","items_purchased":[],"campfire_rested":0,"item_purchase_floors":[],"current_hp_per_floor":[53,54,54,59,50,50,40,40,40,40,43,49,45,34,34,0,0],"gold":274,"neow_bonus":"REMOVE_TWO","is_daily":false,"chose_seed":false,"campfire_upgraded":4,"win_rate":0.0,"timestamp":1613055273,"path_taken":["M","M","M","?","M","R","M","R","T","R","E","M","M","E","R","BOSS"],"items_purchased_type":[],"build_version":"2020-12-22","purchased_purges":0,"victory":false,"max_hp_per_floor":[80,80,80,85,85,85,85,85,85,85,85,85,85,85,85,85,85],"card_choices":[{"not_picked":["Heavy Blade","Perfected Strike"],"picked":"Burning Pact","floor":1.0},{"not_picked":["Rupture","Dual Wield"],"picked":"Wild Strike","floor":2.0},{"not_picked":["True Grit","Shrug It Off"],"picked":"Searing Blow","floor":3.0},{"not_picked":["Iron Wave","Infernal Blade"],"picked":"Barricade","floor":5.0},{"not_picked":["Flex","Perfected Strike","Bloodletting"],"picked":"SKIP","floor":7.0},{"not_picked":["True Grit","Rupture"],"picked":"Exhume","floor":11},{"not_picked":["Thunderclap","Perfected Strike","Metallicize"],"picked":"SKIP","floor":12},{"not_picked":["Heavy Blade","Anger"],"picked":"Pommel Strike","floor":13},{"not_picked":["Sword Boomerang","Flex"],"picked":"Evolve","floor":14}],"player_experience":518733,"relics_obtained":[{"floor":9.0,"key":"Kunai"},{"floor":11,"key":"Regal Pillow"},{"floor":14,"key":"Letter Opener"}],"event_choices":[{"damage_healed":0.0,"max_hp_gain":5.0,"max_hp_loss":0.0,"gold_gain":0.0,"event_name":"Big Fish","player_choice":"Donut","floor":4.0,"gold_loss":0.0,"damage_taken":0.0}],"is_beta":false,"boss_relics":[],"items_purged_floors":[],"is_endless":false,"potions_floor_spawned":[1,2,13,14],"killed_by":"Slime Boss","ascension_level":1}}