{"host":"91blwi3hgehj6ch9","time":1613056461,"event":{"mods":["2.2 Compatiblity","AchievementEnabler","BaseMod","Colored Map","DeckTracker","Keyboard Shortcuts","Minty Spire (QoL Compilation)","Permanent Neow","Quick Restart","StSLib","SuperFastMode","everything is the same but u backflip on backflip"],"gold_per_floor":[15,15,30,30,48,77,77,102,102,132,132,146,20,36,36,140,140,157,67,79,79,79],"floor_reached":21,"language":"KOR","playtime":848,"items_purged":["Strike_R"],"score":259,"play_id":"18bd3bd7-78b1-463d-8886-d623edd2fb4b","local_time":"20210212001421","is_ascension_mode":true,"campfire_choices":[{"data":"Carnage","floor":7,"key":"SMITH"},{"floor":15,"key":"REST"}],"circlet_count":0,"master_deck":["Defend_R+1","Defend_R","Defend_R","Defend_R","Bash+1","Twin Strike","Carnage+1","Battle Trance","Limit Break+1","Flex","Pommel Strike","Demon Form","Armaments+1","Sword Boomerang"],"relics":["Burning Blood","Mango","InkBottle","Matryoshka","War Paint","Runic Cube"],"acts_visited":["Exordium","TheCity"],"potions_floor_usage":[12,14],"damage_taken":[{"damage":3,"enemies":"Jaw Worm","floor":1,"turns":5},{"damage":1,"enemies":"2 Louse","floor":3,"turns":4},{"damage":1,"enemies":"Cultist","floor":5,"turns":3},{"damage":40,"enemies":"Lagavulin","floor":6,"turns":5},{"damage":30,"enemies":"3 Sentries","floor":8,"turns":7},{"damage":20,"enemies":"Lagavulin","floor":10,"turns":4},{"damage":12,"enemies":"Gremlin Gang","floor":12,"turns":4},{"damage":0,"enemies":"3 Louse","floor":14,"turns":2},{"damage":14,"enemies":"The Guardian","floor":16,"turns":9},{"damage":38,"enemies":"3 Byrds","floor":18,"turns":6},{"damage":30,"enemies":"2 Thieves","floor":20,"turns":5},{"damage":34,"enemies":"Centurion and Healer","floor":21,"turns":7}],"seed_played":"3113584416310351887","potions_obtained":[{"floor":3,"key":"Dexterity Potion"},{"floor":6,"key":"FearPotion"},{"floor":10,"key":"BlessingOfTheForge"},{"floor":12,"key":"SneckoOil"},{"floor":16,"key":"PowerPotion"},{"floor":20,"key":"Regen Potion"}],"is_trial":false,"path_per_floor":["M","?","M","$","M","E","R","E","T","E","?","M","$","M","R","B",null,"M","?","M","M"],"character_chosen":"IRONCLAD","items_purchased":["Flex"],"campfire_rested":1,"item_purchase_floors":[13],"current_hp_per_floor":[75,75,80,80,80,60,60,36,36,22,22,16,16,22,50,42,81,49,49,25,0,0],"gold":79,"neow_bonus":"REMOVE_TWO","is_daily":false,"chose_seed":false,"campfire_upgraded":1,"win_rate":0.0,"timestamp":1613056461,"path_taken":["M","?","M","$","M","E","R","E","T","E","?","M","$","M","R","BOSS","M","?","M","M"],"items_purchased_type":["Card"],"build_version":"2020-12-22","purchased_purges":1,"victory":false,"max_hp_per_floor":[80,80,80,80,80,94,94,94,94,94,94,94,94,94,94,94,94,94,94,94,94,94],"card_choices":[{"not_picked":["Shrug It Off","Intimidate"],"picked":"Twin Strike","floor":1},{"not_picked":["Body Slam","Headbutt"],"picked":"Wild Strike","floor":3},{"not_picked":["Infernal Blade","Disarm"],"picked":"Carnage","floor":5},{"not_picked":["Armaments","Havoc"],"picked":"Battle Trance","floor":6},{"not_picked":["Whirlwind","Thunderclap","Headbutt"],"picked":"SKIP","floor":8},{"not_picked":["Thunderclap","Searing Blow"],"picked":"Limit Break","floor":10},{"not_picked":["Seeing Red","Cleave","Havoc"],"picked":"SKIP","floor":12},{"not_picked":["Clash","Disarm"],"picked":"Pommel Strike","floor":14},{"not_picked":["Corruption","Bludgeon"],"picked":"Demon Form","floor":16},{"not_picked":["Flex+1","Thunderclap"],"picked":"Armaments+1","floor":18},{"not_picked":["Carnage","Cleave"],"picked":"Sword Boomerang","floor":20}],"player_experience":207711,"relics_obtained":[{"floor":6,"key":"Mango"},{"floor":8,"key":"InkBottle"},{"floor":9,"key":"Matryoshka"},{"floor":10,"key":"War Paint"}],"event_choices":[{"cards_removed":["Strike_R"],"damage_healed":0,"gold_gain":0,"player_choice":"Forget","damage_taken":0,"max_hp_gain":0,"max_hp_loss":0,"event_name":"Living Wall","floor":2,"gold_loss":0},{"cards_removed":["Strike_R"],"damage_healed":0,"gold_gain":0,"player_choice":"Offered Basic","damage_taken":0,"max_hp_gain":0,"max_hp_loss":0,"event_name":"Bonfire Elementals","floor":11,"gold_loss":0},{"cards_removed":["Wild Strike"],"damage_healed":0,"gold_gain":0,"player_choice":"Upgrade and Remove","damage_taken":0,"max_hp_gain":0,"max_hp_loss":0,"event_name":"Designer","floor":19,"gold_loss":90,"cards_upgraded":["Bash"]}],"is_beta":false,"boss_relics":[{"not_picked":["Busted Crown","Fusion Hammer"],"picked":"Runic Cube"}],"items_purged_floors":[13],"is_endless":false,"potions_floor_spawned":[3,6,10,12,16,18,20],"killed_by":"Centurion and Healer","ascension_level":6}}