{"host":"c6u7e77myxvw4d0m","time":1613029224,"event":{"mods":["AchievementEnabler","BaseMod","Bestiary","Colored Map","Colored Powertips","Minty Spire (QoL Compilation)","Rare Cards Sparkle","Relic Stats","everything is the same but u backflip on backflip"],"gold_per_floor":[113,38,54,54,67,67,100,100,100,100,111,140,140,157,157,157,157],"floor_reached":16,"language":"ENG","playtime":788,"items_purged":[],"score":220,"play_id":"9e290347-3fa2-438c-abf5-f0b7bd48ff6d","local_time":"20210211094024","is_ascension_mode":true,"campfire_choices":[{"data":"Neutralize","floor":6,"key":"SMITH"},{"data":"Poisoned Stab","floor":8,"key":"SMITH"},{"floor":10,"key":"REST"},{"data":"Wraith Form v2","floor":13,"key":"SMITH"},{"data":"Crippling Poison","floor":15,"key":"SMITH"}],"circlet_count":0,"master_deck":["AscendersBane","Strike_G","Strike_G","Strike_G","Strike_G","Defend_G","Defend_G","Defend_G","Defend_G","Defend_G","Survivor","Neutralize+1","Poisoned Stab+1","Bane","Cloak And Dagger","Wraith Form v2+1","Predator","Envenom","Crippling Poison+1"],"relics":["Ring of the Snake","Centennial Puzzle","The Courier","StrikeDummy"],"acts_visited":["Exordium"],"potions_floor_usage":[14,16,16],"damage_taken":[{"damage":5,"enemies":"Small Slimes","floor":1,"turns":5},{"damage":3,"enemies":"2 Louse","floor":3,"turns":3},{"damage":1,"enemies":"Cultist","floor":5,"turns":3},{"damage":38,"enemies":"Lagavulin","floor":7,"turns":8},{"damage":1,"enemies":"3 Louse","floor":11,"turns":3},{"damage":27,"enemies":"Gremlin Nob","floor":12,"turns":4},{"damage":0,"enemies":"2 Fungi Beasts","floor":14,"turns":4},{"damage":18,"enemies":"Hexaghost","floor":16,"turns":10}],"seed_played":"3413465725261211969","potions_obtained":[{"floor":5,"key":"Dexterity Potion"},{"floor":11,"key":"SteroidPotion"},{"floor":14,"key":"Block Potion"}],"is_trial":false,"path_per_floor":["M","?","M","?","M","R","E","R","T","R","M","E","R","M","R","B"],"character_chosen":"THE_SILENT","items_purchased":[],"campfire_rested":1,"item_purchase_floors":[],"current_hp_per_floor":[60,60,57,62,61,61,23,23,23,46,45,18,18,18,18,0,0],"gold":157,"neow_bonus":"TEN_PERCENT_HP_BONUS","is_daily":false,"chose_seed":false,"campfire_upgraded":4,"win_rate":0.0,"timestamp":1613029224,"path_taken":["M","?","M","?","M","R","E","R","T","R","M","E","R","M","R","BOSS"],"items_purchased_type":[],"build_version":"2020-12-22","purchased_purges":0,"victory":false,"max_hp_per_floor":[72,72,72,77,77,77,77,77,77,77,77,77,77,77,77,77,77],"relic_stats":{"Centennial Puzzle":[9],"counters":[8,40],"obtain_stats":[{"Centennial Puzzle":7,"The Courier":9,"StrikeDummy":12,"Ring of the Snake":0},{"Centennial Puzzle":4,"The Courier":4,"StrikeDummy":6,"Ring of the Snake":0},{"Centennial Puzzle":19,"The Courier":19,"StrikeDummy":26,"Ring of the Snake":0}],"Ring of the Snake":[16]},"card_choices":[{"not_picked":["Distraction","Underhanded Strike"],"picked":"Poisoned Stab","floor":1},{"not_picked":["Concentrate","Escape Plan"],"picked":"Bane","floor":3},{"not_picked":["Underhanded Strike","Tactician"],"picked":"Cloak And Dagger","floor":5},{"not_picked":["Dodge and Roll","Slice"],"picked":"Wraith Form v2","floor":7},{"not_picked":["Underhanded Strike","Slice"],"picked":"Predator","floor":11},{"not_picked":["A Thousand Cuts","Poisoned Stab"],"picked":"Envenom","floor":12},{"not_picked":["Sucker Punch","Noxious Fumes"],"picked":"Crippling Poison","floor":14}],"player_experience":780277,"relics_obtained":[{"floor":7,"key":"Centennial Puzzle"},{"floor":9,"key":"The Courier"},{"floor":12,"key":"StrikeDummy"}],"event_choices":[{"cards_removed":["Strike_G"],"damage_healed":0,"gold_gain":0,"player_choice":"Card Removal","damage_taken":0,"max_hp_gain":0,"max_hp_loss":0,"event_name":"The Cleric","floor":2,"gold_loss":75},{"damage_healed":0,"gold_gain":0,"player_choice":"Donut","damage_taken":0,"max_hp_gain":5,"max_hp_loss":0,"event_name":"Big Fish","floor":4,"gold_loss":0}],"is_beta":false,"boss_relics":[],"items_purged_floors":[],"is_endless":false,"potions_floor_spawned":[5,11,14],"killed_by":"Hexaghost","ascension_level":20}}