{"host":"1c17lcvl7acx821p","time":1613071465,"event":{"mods":["AchievementEnabler","BaseMod","Bestiary","Colored Map","Minty Spire (QoL Compilation)","Quick Restart","Relic Sorter","StSLib","ojb\u0027s Better Paths Mod","ojb\u0027s Info Mod"],"gold_per_floor":[111,124,143,143,16,16,16,16,40,74,84,99,99,124,136,220,232,214,226,238,261,273,285,297,297],"floor_reached":24,"language":"ENG","playtime":752,"items_purged":["Pain"],"score":438,"play_id":"72cfc248-6546-4219-9db7-a1d99e6f7eec","local_time":"20210211212425","is_ascension_mode":true,"campfire_choices":[{"data":"Sunder","floor":6.0,"key":"SMITH"},{"floor":8.0,"key":"REST"},{"data":"Defragment","floor":15.0,"key":"SMITH"},{"floor":23,"key":"REST"}],"circlet_count":0,"master_deck":["AscendersBane","Strike_B","Strike_B","Strike_B","Defend_B","Defend_B+1","Defend_B","Defend_B+1","Zap","Dualcast","Rebound","Sunder+1","Coolheaded","Coolheaded","Recycle","Hologram","Defragment+1","Fission","Gash+1","Blizzard"],"relics":["Cracked Core","WarpedTongs","War Paint","Omamori","Strawberry","MawBank","Inserter"],"acts_visited":["Exordium","TheCity"],"potions_floor_usage":[21,24],"damage_taken":[{"damage":2.0,"enemies":"Cultist","floor":1.0,"turns":4.0},{"damage":12.0,"enemies":"Jaw Worm","floor":2.0,"turns":3.0},{"damage":0.0,"enemies":"2 Louse","floor":3.0,"turns":2.0},{"damage":0.0,"enemies":"Lagavulin","floor":10.0,"turns":7.0},{"damage":11.0,"enemies":"Looter","floor":11.0,"turns":2.0},{"damage":0.0,"enemies":"Blue Slaver","floor":12.0,"turns":3.0},{"damage":22.0,"enemies":"Slime Boss","floor":16.0,"turns":12.0},{"damage":13.0,"enemies":"2 Thieves","floor":18.0,"turns":4.0},{"damage":31,"enemies":"3 Byrds","floor":21,"turns":5},{"damage":57,"enemies":"Gremlin Leader","floor":24,"turns":8}],"seed_played":"-7490032720718121341","potions_obtained":[{"floor":10.0,"key":"FocusPotion"},{"floor":12.0,"key":"Dexterity Potion"},{"floor":18.0,"key":"Strength Potion"}],"is_trial":false,"path_per_floor":["M","M","M","?","$","R","$","R","T","E","M","M","?","T","R","B",null,"M","?","?","M","$","R","E"],"character_chosen":"DEFECT","items_purchased":["Coolheaded"],"campfire_rested":2,"item_purchase_floors":[5],"current_hp_per_floor":[62,50,50,50,50,50,50,71,71,71,60,60,67,67,67,45,70,57,57,57,26,26,49,0,0],"gold":297,"neow_bonus":"REMOVE_CARD","is_daily":false,"chose_seed":false,"campfire_upgraded":2,"win_rate":0.0,"timestamp":1613071465,"path_taken":["M","?","M","?","$","R","?","R","T","E","M","M","?","?","R","BOSS","M","?","?","M","$","R","E"],"items_purchased_type":["Card"],"build_version":"2020-12-22","purchased_purges":1,"victory":false,"max_hp_per_floor":[71,71,71,71,71,71,71,71,71,71,71,71,78,78,78,78,78,78,78,78,78,78,78,78,78],"card_choices":[{"not_picked":["Stack","Conserve Battery"],"picked":"Rebound","floor":1.0},{"not_picked":["Chaos","Beam Cell"],"picked":"Sunder","floor":2.0},{"not_picked":["Rip and Tear","Rebound"],"picked":"Coolheaded","floor":3.0},{"not_picked":["Gash","Fusion"],"picked":"Recycle","floor":10.0},{"not_picked":["Conserve Battery","Rebound"],"picked":"Hologram","floor":11.0},{"not_picked":["Genetic Algorithm","Darkness"],"picked":"Defragment","floor":12.0},{"not_picked":["Creative AI","Machine Learning"],"picked":"Fission","floor":16.0},{"not_picked":["Sweeping Beam","Barrage"],"picked":"Gash+1","floor":18.0},{"not_picked":["Barrage","Stack"],"picked":"Blizzard","floor":21}],"player_experience":318008,"relics_obtained":[{"floor":9.0,"key":"War Paint"},{"floor":10.0,"key":"Omamori"},{"floor":14.0,"key":"MawBank"}],"event_choices":[{"damage_healed":0.0,"max_hp_gain":0.0,"max_hp_loss":0.0,"gold_gain":0.0,"event_name":"Accursed Blacksmith","player_choice":"Rummage","floor":4.0,"gold_loss":0.0,"damage_taken":0.0,"relics_obtained":["WarpedTongs"],"cards_obtained":["Pain"]},{"damage_healed":0.0,"max_hp_gain":0.0,"max_hp_loss":0.0,"gold_gain":0.0,"event_name":"Big Fish","player_choice":"Box","floor":13.0,"gold_loss":0.0,"damage_taken":0.0,"relics_obtained":["Strawberry"],"cards_obtained":["Regret"]},{"damage_healed":0.0,"max_hp_gain":0.0,"max_hp_loss":0.0,"gold_gain":0.0,"event_name":"Vampires","player_choice":"Ignored","floor":19.0,"gold_loss":0.0,"damage_taken":0.0},{"damage_healed":0.0,"max_hp_gain":0.0,"max_hp_loss":0.0,"gold_gain":0.0,"event_name":"Forgotten Altar","player_choice":"Smashed Altar","floor":20.0,"gold_loss":0.0,"damage_taken":0.0,"cards_obtained":["Decay"]}],"is_beta":false,"boss_relics":[{"not_picked":["Black Star","Ectoplasm"],"picked":"Inserter"}],"items_purged_floors":[5],"is_endless":false,"potions_floor_spawned":[10,12,16,18],"killed_by":"Gremlin Leader","ascension_level":20}}