{"host":"c0rqchpxu0yjpthq","time":1613073066,"event":{"mods":["100% Spire Juice","BaseMod","Challenge The Spire","Conspire","Downfall","HololiveMod","Minty Spire (QoL Compilation)","Reimu£®≤©¿ˆ¡È√Œ£©","Relic Stats","Reliquary","Spicy Shops","StSLib","Wide Potions","[GremlinLeader]The Maniac"],"gold_per_floor":[999999,998227,998027,996802,996820,996867,995566,995566,995617,995642,995642,995674,995674,995674,995674,995797,995797,995822,994202,994217,994217,994267,994267,994334,993287,993334,993358,993358,992315,992315,992329,992329,992460,992460,992478,991854,991854,991165,991165,991165,991165,991165],"floor_reached":41,"language":"ZHS","playtime":1248,"items_purged":["Parasite","conspire:SpireCoStock","conspire:SpireCoStock","Normality","conspire:SpireCoStock","conspire:SpireCoStock"],"score":623,"play_id":"2374dace-960d-4f29-890f-727d8fb6310c","local_time":"20210212035106","is_ascension_mode":true,"campfire_choices":[{"floor":8,"key":"RECALL"},{"data":"Moonworks:MetallicMonocoque","floor":11,"key":"SMITH"},{"data":"Moonworks:NicePresent","floor":15,"key":"SMITH"},{"data":"Apotheosis","floor":23,"key":"SMITH"},{"data":"Moonworks:MeltingMemories","floor":28,"key":"SMITH"},{"data":"Moonworks:MeltingMemories","floor":30,"key":"SMITH"},{"data":"Moonworks:AccelHyper","floor":32,"key":"SMITH"},{"data":"Moonworks:PlushieMaster","floor":40,"key":"SMITH"}],"circlet_count":0,"master_deck":["Moonworks:Strike","Moonworks:Strike","Moonworks:Strike","Moonworks:Defend","Moonworks:Defend","Moonworks:Defend","Moonworks:Defend","Moonworks:Ambush+1","Moonworks:LongDistanceShot+1","Moonworks:MetallicMonocoque+1","Moonworks:Flamethrower","Moonworks:PlushieMaster+1","Moonworks:NicePresent+1","Moonworks:MeltingMemories+1","Moonworks:EvilSpyWorkPreparation+1","Apotheosis+1","Moonworks:CloudOfSeagulls+1","Moonworks:JonathanRush+1","Moonworks:Wanted","Moonworks:NicePresent","Moonworks:MeltingMemories+1","Moonworks:AccelHyper+1","Moonworks:CloudOfSeagulls","FantasyMoon:ReiMu+1","Moonworks:CrystalBarrier+1","Moonworks:Gamble+1","Finesse"],"relics":["Moonworks:BrokenBomb","Moonworks:Homemark","Bronze Scales","Bag of Marbles","conspire:Flyswatter","RuthlessExorcism:ReiMu","Sling","Frozen Eye","reliquary:Bookmark","reliquary:PrincelyHelmet","Ginger","Toy Ornithopter","reliquary:Aerogel","ClockworkSouvenir","reliquary:SharkskinSheath","Dream Catcher","Hololive_LightStick","TheAbacus","reliquary:BrokenClock","Matryoshka","Pantograph","conspire:TopHat","Boot","reliquary:TridentHead","reliquary:TuningFork","Lantern","Golden Idol","Hololive_Finger","conspire:DecoderRing","Toy Ornithopter","Meat on the Bone","Lee\u0027s Waffle","TentaclePot:ReiMu","reliquary:WeakTea","Whetstone","Orichalcum","reliquary:Buckler","Ancient Tea Set","reliquary:BoilingFlask","Cauldron","DollysMirror","Mastiff:ReiMu","reliquary:PorcupineQuills","Pen Nib","PreservedInsect","PrismaticShard","White Beast Statue","Membership Card","conspire:SlowCooker","Molten Egg 2","Eternal Feather","conspire:TreasureMap","reliquary:SilkGlove","reliquary:Boomerang","Medical Kit","Centennial Puzzle","Juzu Bracelet","InkBottle","Strange Spoon","Chemical X"],"acts_visited":["Exordium","TheCity","TheBeyond"],"potions_floor_usage":[6],"damage_taken":[{"damage":0.0,"enemies":"Jaw Worm","floor":1.0,"turns":3.0},{"damage":0,"enemies":"2 Louse","floor":5,"turns":1},{"damage":7,"enemies":"Gremlin Nob","floor":6,"turns":3},{"damage":0,"enemies":"Lagavulin","floor":10,"turns":3},{"damage":0,"enemies":"3 Sentries","floor":12,"turns":2},{"damage":0,"enemies":"Slime Boss","floor":16,"turns":3},{"damage":0,"enemies":"3 Byrds","floor":18,"turns":1},{"damage":0,"enemies":"2 Thieves","floor":20,"turns":1},{"damage":0,"enemies":"Centurion and Healer","floor":22,"turns":2},{"damage":0,"enemies":"Gremlin Leader","floor":24,"turns":3},{"damage":0,"enemies":"Snake Plant","floor":27,"turns":2},{"damage":0,"enemies":"Snecko","floor":31,"turns":1},{"damage":13,"enemies":"Champ","floor":33,"turns":4},{"damage":0,"enemies":"3 Darklings","floor":35,"turns":1},{"damage":987,"enemies":"Nemesis","floor":41,"turns":1}],"seed_played":"-2566506878488267300","potions_obtained":[{"floor":5,"key":"PowerPotion"},{"floor":10,"key":"Fire Potion"},{"floor":25,"key":"Slimebound:ThreeZeroPotion"},{"floor":25,"key":"conspire:TimeTravelPotion"}],"is_trial":false,"path_per_floor":["M","$","?","$","M","E","$","R","T","E","R","E","T","?","R","B",null,"M","$","M","?","M","R","E","$","T","M","R","$","R","M","R","B",null,"M","$","?","$","?","R","E"],"character_chosen":"THE_STARBREAKER","items_purchased":["Bronze Scales","Bag of Marbles","conspire:Flyswatter","RuthlessExorcism:ReiMu","Sling","Frozen Eye","SpeedPotion","Dexterity Potion","EssenceOfSteel","reliquary:Bookmark","reliquary:PrincelyHelmet","Ginger","Toy Ornithopter","reliquary:Aerogel","ClockworkSouvenir","Moonworks:Flamethrower","Dream Catcher","Hololive_LightStick","TheAbacus","reliquary:BrokenClock","Matryoshka","Pantograph","Moonworks:OneHundredPercentOrangeJuicePotion","conspire:DecoderRing","reliquary:SculptingSteel","Meat on the Bone","Lee\u0027s Waffle","TentaclePot:ReiMu","reliquary:WeakTea","Apotheosis","Moonworks:CloudOfSeagulls","Moonworks:JonathanRush","Orichalcum","reliquary:Buckler","Ancient Tea Set","reliquary:BoilingFlask","Cauldron","Moonworks:NicePresent","DollysMirror","reliquary:PorcupineQuills","Pen Nib","PreservedInsect","PrismaticShard","White Beast Statue","Membership Card","Moonworks:AccelHyper","Moonworks:CloudOfSeagulls","Molten Egg 2","Eternal Feather","conspire:TreasureMap","reliquary:SilkGlove","reliquary:Boomerang","Medical Kit","Moonworks:Gamble+1","Centennial Puzzle","Juzu Bracelet","InkBottle","Strange Spoon","Chemical X","Finesse"],"campfire_rested":0,"item_purchase_floors":[2,2,2,2,2,2,2,2,2,4,4,4,4,4,4,4,7,7,7,7,7,7,7,19,19,19,19,19,19,19,19,19,25,25,25,25,25,25,25,29,29,29,29,29,29,29,29,36,36,36,36,36,36,36,38,38,38,38,38,38],"current_hp_per_floor":[60,60,60,57,57,50,50,50,50,50,50,50,50,36,36,57,57,57,64,64,64,64,64,64,64,64,64,64,64,64,64,64,51,64,64,64,64,64,64,64,0,0],"gold":991165,"neow_bonus":"ONE_RANDOM_RARE_CARD","is_daily":false,"chose_seed":false,"campfire_upgraded":7,"win_rate":0.0,"timestamp":1613073066,"path_taken":["M","$","?","$","M","E","$","R","T","E","R","E","?","?","R","BOSS","M","$","M","?","M","R","E","$","T","?","R","$","R","M","R","BOSS","M","$","?","$","?","R","E"],"items_purchased_type":["Relic","Relic","Relic","Relic","Relic","Relic","Potion","Potion","Potion","Relic","Relic","Relic","Relic","Relic","Relic","Card","Relic","Relic","Relic","Relic","Relic","Relic","Potion","Relic","Relic","Relic","Relic","Relic","Relic","Card","Card","Card","Relic","Relic","Relic","Relic","Relic","Card","Relic","Relic","Relic","Relic","Relic","Relic","Relic","Card","Card","Relic","Relic","Relic","Relic","Relic","Relic","Card","Relic","Relic","Relic","Relic","Relic","Card"],"build_version":"2020-12-22","purchased_purges":6,"victory":false,"max_hp_per_floor":[60,60,60,57,57,57,57,57,57,57,57,57,57,57,57,57,57,57,64,64,64,64,64,64,64,64,64,64,64,64,64,64,64,64,64,64,64,64,64,64,64,64],"relic_stats":{"Lee\u0027s Waffle":7,"counters":[15,31],"Golden Idol":83,"Eternal Feather":0,"Pen Nib":[2],"PreservedInsect":47,"Juzu Bracelet":0,"Ginger":[2],"Whetstone":["Moonworks:LongDistanceShot","Moonworks:CloudOfSeagulls"],"Orichalcum":[18],"Boot":[270],"Medical Kit":[0],"Strange Spoon":[0],"Dream Catcher":0,"Centennial Puzzle":[0],"TheAbacus":[18],"Bronze Scales":[13],"Pantograph":21,"Chemical X":[1],"obtain_stats":[{"Ginger":4,"Whetstone":24,"Sling":2,"Boot":9,"Centennial Puzzle":38,"DollysMirror":25,"Mastiff:ReiMu":26,"conspire:DecoderRing":19,"Hololive_Finger":17,"reliquary:SharkskinSheath":6,"conspire:TreasureMap":36,"TentaclePot:ReiMu":19,"Eternal Feather":36,"Pen Nib":29,"conspire:SlowCooker":34,"reliquary:WeakTea":19,"reliquary:Bookmark":4,"reliquary:PorcupineQuills":29,"Moonworks:Homemark":0,"Bronze Scales":2,"Molten Egg 2":36,"reliquary:SculptingSteel":19,"reliquary:BrokenClock":7,"conspire:Flyswatter":2,"Meat on the Bone":19,"Lantern":13,"reliquary:SilkGlove":36,"reliquary:Boomerang":36,"reliquary:PrincelyHelmet":4,"reliquary:Aerogel":4,"reliquary:BoilingFlask":25,"Juzu Bracelet":38,"Ancient Tea Set":25,"PrismaticShard":29,"conspire:TopHat":9,"ClockworkSouvenir":4,"Frozen Eye":2,"reliquary:TridentHead":10,"Dream Catcher":7,"TheAbacus":7,"Matryoshka":7,"Pantograph":7,"reliquary:Buckler":25,"Chemical X":38,"InkBottle":38,"Lee\u0027s Waffle":19,"Golden Idol":14,"PreservedInsect":29,"Orichalcum":25,"Medical Kit":36,"White Beast Statue":29,"Cauldron":25,"Strange Spoon":38,"Hololive_LightStick":7,"Bag of Marbles":2,"reliquary:TuningFork":12,"Membership Card":29,"Toy Ornithopter":4,"Moonworks:BrokenBomb":0,"RuthlessExorcism:ReiMu":2},{"Ginger":1,"Whetstone":10,"Sling":1,"Boot":3,"Centennial Puzzle":14,"DollysMirror":10,"Mastiff:ReiMu":10,"conspire:DecoderRing":7,"Hololive_Finger":6,"reliquary:SharkskinSheath":3,"conspire:TreasureMap":14,"TentaclePot:ReiMu":7,"Eternal Feather":14,"Pen Nib":11,"conspire:SlowCooker":13,"reliquary:WeakTea":7,"reliquary:Bookmark":1,"reliquary:PorcupineQuills":11,"Moonworks:Homemark":0,"Bronze Scales":1,"Molten Egg 2":14,"reliquary:SculptingSteel":7,"reliquary:BrokenClock":3,"conspire:Flyswatter":1,"Meat on the Bone":7,"Lantern":5,"reliquary:SilkGlove":14,"reliquary:Boomerang":14,"reliquary:PrincelyHelmet":1,"reliquary:Aerogel":1,"reliquary:BoilingFlask":10,"Juzu Bracelet":14,"Ancient Tea Set":10,"PrismaticShard":11,"conspire:TopHat":3,"ClockworkSouvenir":1,"Frozen Eye":1,"reliquary:TridentHead":4,"Dream Catcher":3,"TheAbacus":3,"Matryoshka":3,"Pantograph":3,"reliquary:Buckler":10,"Chemical X":14,"InkBottle":14,"Lee\u0027s Waffle":7,"Golden Idol":5,"PreservedInsect":11,"Orichalcum":10,"Medical Kit":14,"White Beast Statue":11,"Cauldron":10,"Strange Spoon":14,"Hololive_LightStick":3,"Bag of Marbles":1,"reliquary:TuningFork":5,"Membership Card":11,"Toy Ornithopter":1,"Moonworks:BrokenBomb":0,"RuthlessExorcism:ReiMu":1},{"Ginger":3,"Whetstone":22,"Sling":3,"Boot":7,"Centennial Puzzle":30,"DollysMirror":22,"Mastiff:ReiMu":22,"conspire:DecoderRing":16,"Hololive_Finger":15,"reliquary:SharkskinSheath":7,"conspire:TreasureMap":30,"TentaclePot:ReiMu":16,"Eternal Feather":30,"Pen Nib":24,"conspire:SlowCooker":29,"reliquary:WeakTea":16,"reliquary:Bookmark":3,"reliquary:PorcupineQuills":24,"Moonworks:Homemark":0,"Bronze Scales":3,"Molten Egg 2":30,"reliquary:SculptingSteel":16,"reliquary:BrokenClock":7,"conspire:Flyswatter":3,"Meat on the Bone":16,"Lantern":12,"reliquary:SilkGlove":30,"reliquary:Boomerang":30,"reliquary:PrincelyHelmet":3,"reliquary:Aerogel":3,"reliquary:BoilingFlask":22,"Juzu Bracelet":30,"Ancient Tea Set":22,"PrismaticShard":24,"conspire:TopHat":7,"ClockworkSouvenir":3,"Frozen Eye":3,"reliquary:TridentHead":10,"Dream Catcher":7,"TheAbacus":7,"Matryoshka":7,"Pantograph":7,"reliquary:Buckler":22,"Chemical X":30,"InkBottle":30,"Lee\u0027s Waffle":16,"Golden Idol":12,"PreservedInsect":24,"Orichalcum":22,"Medical Kit":30,"White Beast Statue":24,"Cauldron":22,"Strange Spoon":30,"Hololive_LightStick":7,"Bag of Marbles":3,"reliquary:TuningFork":12,"Membership Card":24,"Toy Ornithopter":3,"Moonworks:BrokenBomb":0,"RuthlessExorcism:ReiMu":3}],"Toy Ornithopter":0,"InkBottle":[0],"Meat on the Bone":0},"card_choices":[{"not_picked":["Moonworks:BigMagnum","Moonworks:ImOnFire","Moonworks:TreasureThief"],"picked":"SKIP","floor":1},{"not_picked":["Moonworks:IndiscriminateFireSupport","Moonworks:DeployBits","Moonworks:JonathanRush"],"picked":"SKIP","floor":5},{"not_picked":["Moonworks:StiffCrystal","Moonworks:ForcedRevival"],"picked":"Moonworks:PlushieMaster","floor":6},{"not_picked":["Moonworks:ReproductionOfRecords","Moonworks:ImOnFire","Moonworks:Assault"],"picked":"SKIP","floor":10},{"not_picked":["Moonworks:LulusLuckyEgg","Moonworks:ImOnFire"],"picked":"Moonworks:NicePresent","floor":12},{"not_picked":["Moonworks:HolyNight","Moonworks:OutOfAmmo"],"picked":"Moonworks:MeltingMemories","floor":16},{"not_picked":["Moonworks:IndiscriminateFireSupport","Moonworks:IntelligenceOfficer"],"picked":"Moonworks:EvilSpyWorkPreparation+1","floor":18},{"not_picked":["Moonworks:CloudOfSeagulls","Moonworks:LuckyCharm","Moonworks:RagingMadness+1"],"picked":"SKIP","floor":20},{"not_picked":["Moonworks:SakisCookie","Moonworks:Heat300Percent","Moonworks:EvilSpyWorkPreparation"],"picked":"SKIP","floor":22},{"not_picked":["Moonworks:MiracleWalker+1","Moonworks:DeployBits"],"picked":"Moonworks:Wanted","floor":24},{"not_picked":["Moonworks:LulusLuckyEgg","Moonworks:UnpaidWork","Moonworks:ImOnFire"],"picked":"SKIP","floor":27},{"not_picked":["Guardian:TemporalShield","Hololive_CallHimemoriLuna"],"picked":"FantasyMoon:ReiMu+1","floor":31},{"not_picked":["Barricade","bronze:BurnOut"],"picked":"Moonworks:CrystalBarrier","floor":33},{"not_picked":["Moonworks:CloudOfSeagulls+1","Guardian:Reroute+1","sneckomod:QuickBite"],"picked":"SKIP","floor":35}],"player_experience":54324,"relics_obtained":[{"floor":6,"key":"reliquary:SharkskinSheath"},{"floor":9,"key":"conspire:TopHat"},{"floor":9,"key":"Boot"},{"floor":10,"key":"reliquary:TridentHead"},{"floor":12,"key":"reliquary:TuningFork"},{"floor":13,"key":"Lantern"},{"floor":24,"key":"Whetstone"},{"floor":26,"key":"Mastiff:ReiMu"}],"event_choices":[{"damage_healed":0,"gold_gain":0,"player_choice":"Invest 4","damage_taken":0,"max_hp_gain":0,"max_hp_loss":0,"event_name":"conspire:Investor","floor":3,"gold_loss":0},{"damage_healed":0,"gold_gain":0,"player_choice":"Take Damage","damage_taken":14,"relics_obtained":["Golden Idol"],"max_hp_gain":0,"max_hp_loss":0,"event_name":"Golden Idol","floor":14,"gold_loss":0},{"damage_healed":0,"gold_gain":0,"player_choice":"Got Potions","damage_taken":0,"max_hp_gain":0,"max_hp_loss":0,"event_name":"Lab","floor":21,"gold_loss":0},{"cards_removed":["Moonworks:Strike"],"damage_healed":0,"gold_gain":0,"player_choice":"Removed Attack","damage_taken":0,"max_hp_gain":0,"max_hp_loss":0,"event_name":"Falling","floor":37,"gold_loss":0},{"damage_healed":0,"gold_gain":0,"player_choice":"Upgraded","damage_taken":0,"max_hp_gain":0,"max_hp_loss":0,"event_name":"Upgrade Shrine","floor":39,"gold_loss":0,"cards_upgraded":["Moonworks:CrystalBarrier"]}],"is_beta":false,"boss_relics":[{"not_picked":["Calling Bell","RedLine:ReiMu"],"picked":"Hololive_Finger"},{"not_picked":["Runic Pyramid","Velvet Choker"],"picked":"conspire:SlowCooker"}],"items_purged_floors":[4,7,19,29,38,38],"is_endless":false,"potions_floor_spawned":[5,10,16,22,24,27,31,33,35],"killed_by":"Nemesis","ascension_level":1}}