{"host":"8is2j71l4wmybkoi","time":1613043097,"event":{"mods":["AchievementEnabler","BaseMod","Colored Map","Minty Spire (QoL Compilation)","Rare Cards Sparkle","StSLib","SuperFastMode"],"gold_per_floor":[115,115,6,23,39,67,67,95,118,143,143,177,187,76,76,153,153,168,168,83,133,33,33,62,62,89,100,134,151,51,51,51,130,130,145,35,50,63,79,79,113,113,113,113,129,4,36,54,54,54,54,54,12,39,39,39],"floor_reached":55,"language":"KOR","playtime":2411,"items_purged":["Strike_R","Clash","Warcry"],"score":1516,"play_id":"76c98e01-9815-4ed1-a151-d46792c635fe","local_time":"20210211203137","is_ascension_mode":true,"campfire_choices":[{"floor":7.0,"key":"REST"},{"floor":11.0,"key":"REST"},{"data":"Blood for Blood","floor":15.0,"key":"SMITH"},{"data":"Berserk","floor":23.0,"key":"SMITH"},{"data":"Corruption","floor":25.0,"key":"SMITH"},{"data":"Evolve","floor":32.0,"key":"SMITH"},{"data":"Body Slam","floor":40.0,"key":"SMITH"},{"floor":42.0,"key":"RECALL"},{"data":"Entrench","floor":44.0,"key":"SMITH"},{"data":"Burning Pact","floor":49.0,"key":"SMITH"},{"data":"Power Through","floor":52.0,"key":"SMITH"}],"circlet_count":0,"master_deck":["AscendersBane","Bash","Disarm+1","Blood for Blood+1","Second Wind","Power Through+1","Shrug It Off","Bludgeon","Entrench+1","Fire Breathing","Berserk+1","Bloodletting","Corruption+1","Shrug It Off","Evolve+1","Feel No Pain+1","Battle Trance","Fiend Fire","Exhume","Body Slam+1","Shrug It Off+1","Burning Pact+1","Entrench"],"relics":["Burning Blood","Centennial Puzzle","Red Skull","Lantern","Pen Nib","Bag of Preparation","Pandora\u0027s Box","Happy Flower","Meat on the Bone","PreservedInsect","The Courier","Runic Pyramid","Du-Vu Doll","OrangePellets","Bag of Marbles","Toy Ornithopter"],"acts_visited":["Exordium","TheCity","TheBeyond","TheEnding"],"potions_floor_usage":[55,55],"damage_taken":[{"damage":5.0,"enemies":"Cultist","floor":1.0,"turns":4.0},{"damage":3.0,"enemies":"2 Louse","floor":4.0,"turns":3.0},{"damage":2.0,"enemies":"Small Slimes","floor":5.0,"turns":4.0},{"damage":57.0,"enemies":"3 Sentries","floor":6.0,"turns":13.0},{"damage":32.0,"enemies":"Lagavulin","floor":8.0,"turns":9.0},{"damage":24.0,"enemies":"3 Sentries","floor":10.0,"turns":8.0},{"damage":20.0,"enemies":"Lagavulin","floor":12.0,"turns":4.0},{"damage":0.0,"enemies":"Looter","floor":13.0,"turns":2.0},{"damage":12.0,"enemies":"Slime Boss","floor":16.0,"turns":9.0},{"damage":3.0,"enemies":"2 Thieves","floor":18.0,"turns":3.0},{"damage":46.0,"enemies":"Gremlin Leader","floor":24.0,"turns":8.0},{"damage":9.0,"enemies":"Spheric Guardian","floor":27.0,"turns":4.0},{"damage":0.0,"enemies":"Book of Stabbing","floor":28.0,"turns":5.0},{"damage":6.0,"enemies":"Chosen and Byrds","floor":29.0,"turns":5.0},{"damage":52.0,"enemies":"Champ","floor":33.0,"turns":7.0},{"damage":7.0,"enemies":"3 Shapes","floor":35.0,"turns":4.0},{"damage":3.0,"enemies":"Orb Walker","floor":37.0,"turns":2.0},{"damage":27.0,"enemies":"Writhing Mass","floor":38.0,"turns":5.0},{"damage":18.0,"enemies":"Jaw Worm Horde","floor":39.0,"turns":3.0},{"damage":9.0,"enemies":"Nemesis","floor":41.0,"turns":5.0},{"damage":24.0,"enemies":"3 Darklings","floor":45.0,"turns":7.0},{"damage":9.0,"enemies":"Giant Head","floor":47.0,"turns":5.0},{"damage":9.0,"enemies":"Maw","floor":48.0,"turns":5.0},{"damage":3.0,"enemies":"Time Eater","floor":50.0,"turns":9.0},{"damage":35.0,"enemies":"Shield and Spear","floor":54.0,"turns":6.0},{"damage":65,"enemies":"The Heart","floor":55,"turns":5}],"seed_played":"-9148108374442979774","potions_obtained":[{"floor":4.0,"key":"Explosive Potion"},{"floor":10.0,"key":"Strength Potion"},{"floor":16.0,"key":"Weak Potion"},{"floor":27.0,"key":"EntropicBrew"},{"floor":33.0,"key":"SmokeBomb"},{"floor":35.0,"key":"HeartOfIron"},{"floor":39.0,"key":"ColorlessPotion"},{"floor":47.0,"key":"BlessingOfTheForge"},{"floor":54.0,"key":"Ancient Potion"}],"is_trial":false,"path_per_floor":["M","?","$","M","M","E","R","E","T","E","R","E","M","$","R","B",null,"M","?","?","?","$","R","E","R","T","M","E","M","$","?","R","B",null,"M","?","M","M","M","R","E","R","T","R","M","$","E","M","R","B",null,"R","$","E","B"],"character_chosen":"IRONCLAD","items_purchased":["Blood for Blood","Second Wind","Fire Breathing","OrangePellets","Strength Potion"],"campfire_rested":2,"item_purchase_floors":[3,3,14,46,53],"current_hp_per_floor":[76,76,76,79,82,31,55,29,29,11,35,21,27,27,27,21,67,70,70,70,62,62,62,22,22,22,31,49,49,49,49,49,31,69,68,68,71,50,50,50,59,59,59,59,53,53,50,59,59,62,77,77,77,48,0,0],"gold":39,"neow_bonus":"TEN_PERCENT_HP_BONUS","is_daily":false,"chose_seed":false,"campfire_upgraded":8,"win_rate":0.0,"timestamp":1613043097,"path_taken":["M","?","?","M","M","E","R","E","T","E","R","E","?","$","R","BOSS","M","?","?","?","$","R","E","R","T","M","E","?","?","?","R","BOSS","M","?","?","M","M","R","E","R","T","R","M","$","E","M","R","BOSS","R","$","E","BOSS"],"items_purchased_type":["Card","Card","Card","Relic","Potion"],"build_version":"2020-12-22","purchased_purges":3,"victory":false,"max_hp_per_floor":[82,82,82,82,82,82,82,82,82,82,82,82,82,82,82,82,82,82,82,82,82,82,82,82,82,82,82,82,82,82,82,82,82,82,82,82,82,82,82,82,82,82,82,82,82,82,82,82,82,82,82,82,82,82,82,82],"card_choices":[{"not_picked":["Heavy Blade","True Grit","Warcry"],"picked":"SKIP","floor":1.0},{"not_picked":["Pommel Strike","Cleave"],"picked":"Power Through","floor":4.0},{"not_picked":["Dropkick","Iron Wave"],"picked":"Shrug It Off","floor":5.0},{"not_picked":["Anger","Havoc"],"picked":"Bludgeon","floor":6.0},{"not_picked":["Searing Blow","Whirlwind","True Grit"],"picked":"SKIP","floor":8.0},{"not_picked":["Wild Strike","Dual Wield","Entrench"],"picked":"SKIP","floor":10.0},{"not_picked":["Iron Wave","Clothesline","Perfected Strike"],"picked":"SKIP","floor":12.0},{"not_picked":["True Grit","Clothesline"],"picked":"Entrench","floor":13.0},{"not_picked":["Bludgeon","Limit Break"],"picked":"Berserk","floor":16.0},{"not_picked":["Flame Barrier","Flex"],"picked":"Feel No Pain+1","floor":18.0},{"not_picked":["Hemokinesis","Sword Boomerang"],"picked":"Battle Trance","floor":24.0},{"not_picked":["Havoc","Hemokinesis","Warcry"],"picked":"SKIP","floor":27.0},{"not_picked":["True Grit","Intimidate"],"picked":"Fiend Fire","floor":28.0},{"not_picked":["Warcry","Searing Blow","Wild Strike"],"picked":"SKIP","floor":29.0},{"not_picked":["Fiend Fire","Corruption"],"picked":"Exhume","floor":33.0},{"not_picked":["Seeing Red","Bloodletting+1"],"picked":"Body Slam","floor":35.0},{"not_picked":["Infernal Blade","Twin Strike","Clash+1"],"picked":"SKIP","floor":37.0},{"not_picked":["Power Through","Warcry"],"picked":"Shrug It Off+1","floor":38.0},{"not_picked":["Whirlwind","Fire Breathing","Cleave"],"picked":"SKIP","floor":39.0},{"not_picked":["Warcry","Iron Wave+1","Power Through"],"picked":"SKIP","floor":41.0},{"not_picked":["Spot Weakness+1","Iron Wave+1","Perfected Strike"],"picked":"SKIP","floor":45.0},{"not_picked":["Immolate","Pummel"],"picked":"Burning Pact","floor":47.0},{"not_picked":["Thunderclap","Perfected Strike","Flame Barrier"],"picked":"SKIP","floor":48.0},{"not_picked":["Rampage+1","Body Slam+1"],"picked":"Entrench","floor":54.0}],"player_experience":1137194,"relics_obtained":[{"floor":6.0,"key":"Centennial Puzzle"},{"floor":8.0,"key":"Red Skull"},{"floor":9.0,"key":"Lantern"},{"floor":10.0,"key":"Pen Nib"},{"floor":12.0,"key":"Bag of Preparation"},{"floor":24.0,"key":"Meat on the Bone"},{"floor":26.0,"key":"PreservedInsect"},{"floor":28.0,"key":"The Courier"},{"floor":41.0,"key":"Du-Vu Doll"},{"floor":47.0,"key":"Bag of Marbles"},{"floor":54.0,"key":"Toy Ornithopter"}],"event_choices":[{"damage_healed":0.0,"max_hp_gain":0.0,"max_hp_loss":0.0,"gold_gain":0.0,"cards_transformed":["Strike_R"],"event_name":"Transmorgrifier","player_choice":"Transformed","floor":2.0,"gold_loss":0.0,"damage_taken":0.0,"cards_obtained":["Disarm"]},{"damage_healed":0.0,"max_hp_gain":0.0,"max_hp_loss":0.0,"gold_gain":0.0,"event_name":"The Mausoleum","player_choice":"Ignored","floor":19.0,"gold_loss":0.0,"damage_taken":0.0},{"damage_healed":0.0,"max_hp_gain":0.0,"max_hp_loss":0.0,"gold_gain":0.0,"event_name":"Addict","player_choice":"Obtained Relic","floor":20.0,"gold_loss":85.0,"damage_taken":0.0,"relics_obtained":["Happy Flower"]},{"damage_healed":0.0,"max_hp_gain":0.0,"max_hp_loss":0.0,"gold_gain":50.0,"event_name":"FaceTrader","player_choice":"Touch","floor":21.0,"gold_loss":0.0,"damage_taken":8.0},{"damage_healed":0.0,"max_hp_gain":0.0,"max_hp_loss":0.0,"gold_gain":0.0,"event_name":"Ghosts","player_choice":"Ignored","floor":31.0,"gold_loss":0.0,"damage_taken":0.0},{"cards_removed":["Dual Wield"],"damage_healed":0.0,"max_hp_gain":0.0,"max_hp_loss":0.0,"gold_gain":0.0,"event_name":"Designer","player_choice":"Upgrade and Remove","floor":36.0,"gold_loss":110.0,"damage_taken":0.0,"cards_upgraded":["Disarm"]}],"is_beta":false,"boss_relics":[{"not_picked":["Runic Cube","Empty Cage"],"picked":"Pandora\u0027s Box"},{"not_picked":["Astrolabe","SacredBark"],"picked":"Runic Pyramid"}],"items_purged_floors":[14,22,30],"is_endless":false,"potions_floor_spawned":[4,10,16,18,27,33,35,39,47,54],"killed_by":"The Heart","ascension_level":15}}