{"host":"1c17lcvl7acx821p","time":1613072933,"event":{"mods":["AchievementEnabler","BaseMod","Bestiary","Colored Map","Minty Spire (QoL Compilation)","Quick Restart","Relic Sorter","StSLib","ojb\u0027s Better Paths Mod","ojb\u0027s Info Mod"],"gold_per_floor":[111,124,124,200,213,213,230,265,340,340,340,340,368,385,385,460,460,476,350,370,384,81,81,81,97,123,142,142,142],"floor_reached":28,"language":"ENG","playtime":938,"items_purged":["Strike_B","Defend_B"],"score":460,"play_id":"260b8727-1271-4f36-8d0a-bdd83944ce23","local_time":"20210211214853","is_ascension_mode":true,"campfire_choices":[{"data":"Zap","floor":6,"key":"SMITH"},{"data":"Beam Cell","floor":10,"key":"SMITH"},{"data":"Lockon","floor":12,"key":"SMITH"},{"data":"Undo","floor":15,"key":"SMITH"},{"floor":23,"key":"REST"}],"circlet_count":0,"master_deck":["AscendersBane","Strike_B","Defend_B","Zap+1","Dualcast","Tempest","Lockon+1","Leap","Leap","Beam Cell+1","Chill","Undo+1","Fission","Go for the Eyes","Rebound","Defragment","Sweeping Beam","Seek"],"relics":["Cracked Core","Bag of Marbles","Mummified Hand","Strawberry","Cables","Shovel","Empty Cage","Membership Card","Boot","CeramicFish"],"acts_visited":["Exordium","TheCity"],"potions_floor_usage":[7,8,16,21,28],"damage_taken":[{"damage":8,"enemies":"Cultist","floor":1,"turns":5},{"damage":2,"enemies":"Jaw Worm","floor":2,"turns":4},{"damage":1,"enemies":"2 Louse","floor":5,"turns":3},{"damage":7,"enemies":"Gremlin Gang","floor":7,"turns":3},{"damage":8,"enemies":"Gremlin Nob","floor":8,"turns":3},{"damage":18,"enemies":"3 Sentries","floor":13,"turns":6},{"damage":0,"enemies":"Blue Slaver","floor":14,"turns":2},{"damage":3,"enemies":"The Guardian","floor":16,"turns":10},{"damage":16,"enemies":"Chosen","floor":18,"turns":5},{"damage":10,"enemies":"Spheric Guardian","floor":20,"turns":5},{"damage":24,"enemies":"Snecko","floor":21,"turns":7},{"damage":5,"enemies":"Sentry and Sphere","floor":25,"turns":8},{"damage":20,"enemies":"Shelled Parasite and Fungi","floor":27,"turns":4},{"damage":5,"enemies":"Snake Plant","floor":28,"turns":1}],"seed_played":"6054808062839944352","potions_obtained":[{"floor":1,"key":"Fire Potion"},{"floor":5,"key":"SneckoOil"},{"floor":11,"key":"Dexterity Potion"},{"floor":11,"key":"SpeedPotion"},{"floor":13,"key":"ColorlessPotion"},{"floor":20,"key":"GamblersBrew"},{"floor":21,"key":"Energy Potion"},{"floor":27,"key":"Energy Potion"}],"is_trial":false,"path_per_floor":["M","M","T","T","M","R","M","E","T","R","?","R","E","M","R","B",null,"M","$","M","M","$","R","?","M","T","M","M"],"character_chosen":"DEFECT","items_purchased":["Go for the Eyes","Defragment","Membership Card","Sweeping Beam"],"campfire_rested":1,"item_purchase_floors":[19,22,22,22],"current_hp_per_floor":[56,54,54,54,53,53,46,45,45,45,45,45,27,27,27,24,59,43,43,33,9,9,30,30,25,25,5,0,0],"gold":142,"neow_bonus":"REMOVE_TWO","is_daily":false,"chose_seed":false,"campfire_upgraded":4,"win_rate":0.0,"timestamp":1613072933,"path_taken":["M","M","?","?","M","R","M","E","T","R","?","R","E","M","R","BOSS","M","$","M","?","$","R","?","M","T","M","M"],"items_purchased_type":["Card","Card","Relic","Card"],"build_version":"2020-12-22","purchased_purges":2,"victory":false,"max_hp_per_floor":[64,64,64,64,64,64,64,71,71,71,71,71,71,71,71,71,71,71,71,71,71,71,71,71,71,71,71,71,71],"card_choices":[{"not_picked":["Loop","Go for the Eyes"],"picked":"Tempest","floor":1},{"not_picked":["Melter","Scrape"],"picked":"Lockon","floor":2},{"not_picked":["Cold Snap","Coolheaded"],"picked":"Leap","floor":5},{"not_picked":["Stack","Streamline"],"picked":"Leap","floor":7},{"not_picked":["Sweeping Beam","Compile Driver"],"picked":"Beam Cell","floor":8},{"not_picked":["Leap","Consume"],"picked":"Chill","floor":13},{"not_picked":["Multi-Cast","Beam Cell"],"picked":"Undo","floor":14},{"not_picked":["Reboot","Rainbow"],"picked":"Fission","floor":16},{"not_picked":["Aggregate","Ball Lightning","Redo"],"picked":"SKIP","floor":18},{"not_picked":["Redo","Compile Driver+1"],"picked":"Rebound","floor":20},{"not_picked":["Cold Snap","Steam+1","Go for the Eyes"],"picked":"SKIP","floor":21},{"not_picked":["Sweeping Beam","Beam Cell","Ball Lightning"],"picked":"SKIP","floor":25},{"not_picked":["Recycle+1","Leap+1"],"picked":"Seek","floor":27}],"player_experience":318008,"relics_obtained":[{"floor":3,"key":"Bag of Marbles"},{"floor":4,"key":"Mummified Hand"},{"floor":8,"key":"Strawberry"},{"floor":9,"key":"Cables"},{"floor":13,"key":"Shovel"},{"floor":26,"key":"CeramicFish"}],"event_choices":[{"damage_healed":0,"gold_gain":0,"player_choice":"Got Potions","damage_taken":0,"max_hp_gain":0,"max_hp_loss":0,"event_name":"Lab","floor":11,"gold_loss":0},{"damage_healed":0,"gold_gain":0,"player_choice":"Gave Potion","damage_taken":0,"relics_obtained":["Boot"],"max_hp_gain":0,"max_hp_loss":0,"event_name":"WeMeetAgain","floor":24,"gold_loss":0}],"is_beta":false,"boss_relics":[{"not_picked":["Ectoplasm","Philosopher\u0027s Stone"],"picked":"Empty Cage"}],"items_purged_floors":[19,22],"is_endless":false,"potions_floor_spawned":[1,5,13,20,21,27],"killed_by":"Snake Plant","ascension_level":20}}