{"host":"zsnmfqgcm92hlreo","time":1613010527,"event":{"mods":["AchievementEnabler","BaseMod","Bestiary","Block Reminder","Colored Map","Colored Powertips","Filter the Spire","Minty Spire (QoL Compilation)","Permanent Neow","Quick Restart","Relic Stats","StSLib","Weighted Paths"],"gold_per_floor":[116,136,156,174,174,206,206,240,240,256,287,287,287,305,305,384,384,401,419,344,259,272,272,272],"floor_reached":23,"language":"ENG","playtime":1168,"items_purged":["Strike_R"],"score":476,"play_id":"9ee79ee1-af21-42bd-8097-ba814c031288","local_time":"20210210202847","is_ascension_mode":true,"campfire_choices":[{"floor":12.0,"key":"REST"},{"data":"Offering","floor":15.0,"key":"SMITH"}],"circlet_count":0,"master_deck":["AscendersBane","Strike_R","Strike_R","Strike_R","Strike_R","Defend_R","Defend_R","Defend_R","Defend_R","Bash","Perfected Strike","Perfected Strike","Clothesline","Fire Breathing","Heavy Blade","Offering+1","Shrug It Off","Juggernaut+1","Demon Form+1","Twin Strike"],"relics":["Snecko Eye","Bronze Scales","Eternal Feather","Letter Opener","Frozen Egg 2","Mark of Pain","Calipers"],"acts_visited":["Exordium","TheCity"],"potions_floor_usage":[23],"damage_taken":[{"damage":5.0,"enemies":"2 Louse","floor":1.0,"turns":4.0},{"damage":3.0,"enemies":"Small Slimes","floor":2.0,"turns":2.0},{"damage":2.0,"enemies":"Jaw Worm","floor":3.0,"turns":3.0},{"damage":10.0,"enemies":"Exordium Thugs","floor":4.0,"turns":3.0},{"damage":8.0,"enemies":"Gremlin Nob","floor":6.0,"turns":3.0},{"damage":20.0,"enemies":"3 Sentries","floor":8.0,"turns":4.0},{"damage":6.0,"enemies":"Large Slime","floor":10.0,"turns":3.0},{"damage":6.0,"enemies":"Gremlin Nob","floor":11.0,"turns":2.0},{"damage":0.0,"enemies":"Red Slaver","floor":14.0,"turns":1.0},{"damage":12.0,"enemies":"Slime Boss","floor":16.0,"turns":4.0},{"damage":8.0,"enemies":"2 Thieves","floor":18.0,"turns":2.0},{"damage":10.0,"enemies":"3 Byrds","floor":19.0,"turns":3.0},{"damage":35.0,"enemies":"Sentry and Sphere","floor":22.0,"turns":4.0},{"damage":22,"enemies":"Slavers","floor":23,"turns":2}],"seed_played":"-4296920602055573588","potions_obtained":[{"floor":6.0,"key":"SteroidPotion"},{"floor":8.0,"key":"BloodPotion"},{"floor":11.0,"key":"CultistPotion"},{"floor":19.0,"key":"SpeedPotion"}],"is_trial":false,"path_per_floor":["M","M","M","M","?","E","$","E","T","M","E","R","?","M","R","B",null,"M","M","$","?","M","E"],"character_chosen":"IRONCLAD","items_purchased":[],"campfire_rested":1,"item_purchase_floors":[],"current_hp_per_floor":[63,60,58,48,48,40,40,20,20,29,23,54,59,59,68,56,74,66,56,56,56,21,0,0],"gold":272,"neow_bonus":"BOSS_RELIC","is_daily":false,"chose_seed":false,"campfire_upgraded":1,"win_rate":0.0,"timestamp":1613010527,"path_taken":["M","M","M","M","?","E","$","E","T","M","E","R","?","M","R","BOSS","M","M","$","?","M","E"],"items_purchased_type":[],"build_version":"2020-12-22","purchased_purges":1,"victory":false,"max_hp_per_floor":[75,75,75,75,75,75,75,75,75,75,75,75,80,80,80,80,80,80,80,80,80,80,80,80],"relic_stats":{"counters":[14,40],"Bronze Scales":[101],"Snecko Eye":[68,63,74,70],"Eternal Feather":18,"Letter Opener":[10],"obtain_stats":[{"Calipers":21,"Bronze Scales":6,"Snecko Eye":0,"Eternal Feather":8,"Mark of Pain":17,"Letter Opener":9,"Frozen Egg 2":11,"Burning Blood":0},{"Calipers":12,"Bronze Scales":5,"Snecko Eye":0,"Eternal Feather":6,"Mark of Pain":10,"Letter Opener":6,"Frozen Egg 2":8,"Burning Blood":0},{"Calipers":34,"Bronze Scales":15,"Snecko Eye":0,"Eternal Feather":19,"Mark of Pain":29,"Letter Opener":19,"Frozen Egg 2":24,"Burning Blood":0}]},"card_choices":[{"not_picked":["Body Slam","Pommel Strike"],"picked":"Perfected Strike","floor":1.0},{"not_picked":["Cleave","Infernal Blade"],"picked":"Perfected Strike","floor":2.0},{"not_picked":["Anger","Shrug It Off"],"picked":"Clothesline","floor":3.0},{"not_picked":["Rampage","Shrug It Off"],"picked":"Fire Breathing","floor":4.0},{"not_picked":["Second Wind","Battle Trance"],"picked":"Heavy Blade","floor":6.0},{"not_picked":["Warcry","Twin Strike"],"picked":"Offering","floor":8.0},{"not_picked":["Havoc","True Grit"],"picked":"Shrug It Off","floor":10.0},{"not_picked":["Armaments","Warcry"],"picked":"Juggernaut+1","floor":11.0},{"not_picked":["Wild Strike","Infernal Blade","Headbutt"],"picked":"SKIP","floor":14.0},{"not_picked":["Corruption+1","Limit Break"],"picked":"Demon Form+1","floor":16.0},{"not_picked":["Dropkick","Rampage","Flex"],"picked":"SKIP","floor":18.0},{"not_picked":["Ghostly Armor","Cleave"],"picked":"Twin Strike","floor":19.0},{"not_picked":["Feel No Pain+1","Intimidate","Wild Strike"],"picked":"SKIP","floor":22.0}],"player_experience":1076088,"relics_obtained":[{"floor":6.0,"key":"Bronze Scales"},{"floor":8.0,"key":"Eternal Feather"},{"floor":9.0,"key":"Letter Opener"},{"floor":11.0,"key":"Frozen Egg 2"}],"event_choices":[{"damage_healed":0.0,"max_hp_gain":0.0,"max_hp_loss":0.0,"gold_gain":0.0,"event_name":"Shining Light","player_choice":"Ignored","floor":5.0,"gold_loss":0.0,"damage_taken":0.0},{"damage_healed":0.0,"max_hp_gain":5.0,"max_hp_loss":0.0,"gold_gain":0.0,"event_name":"Big Fish","player_choice":"Donut","floor":13.0,"gold_loss":0.0,"damage_taken":0.0},{"damage_healed":0.0,"max_hp_gain":0.0,"max_hp_loss":0.0,"gold_gain":0.0,"event_name":"Addict","player_choice":"Obtained Relic","floor":21.0,"gold_loss":85.0,"damage_taken":0.0,"relics_obtained":["Calipers"]}],"is_beta":false,"boss_relics":[{"not_picked":["Runic Cube","Black Star"],"picked":"Mark of Pain"}],"items_purged_floors":[20],"is_endless":false,"potions_floor_spawned":[6,8,11,14,16,19],"killed_by":"Slavers","ascension_level":20}}