{"host":"j4g6ia6asvpyu2b0","time":1613041949,"event":{"mods":["BaseMod","Colored Map","Infinite Spire","Minty Spire (QoL Compilation)","Permanent Neow","Quick Restart","Relic Stats","StSLib","Unceasing Turn Reminder"],"gold_per_floor":[111,111,71,84,97,97,122,137,137,165,175,189,200,234,234,329,329,344,344,344,358,378,405,405,439,465,485,518,518,518,544,544,645,645,658,708,724,528,528,528,556,556,556,570,585,585,985,1020,1020,1020,1020,1020,158,190,190],"floor_reached":56,"language":"ENG","playtime":2541,"items_purged":["Strike_G+1","Strike_G+1"],"score":1510,"play_id":"79268f4b-3eda-473c-b7b4-f1db7c86882a","local_time":"20210211041229","is_ascension_mode":true,"campfire_choices":[{"data":"Well Laid Plans","floor":6.0,"key":"SMITH"},{"data":"Noxious Fumes","floor":15.0,"key":"SMITH"},{"data":"Catalyst","floor":24.0,"key":"SMITH"},{"data":"Footwork","floor":30.0,"key":"SMITH"},{"data":"Footwork","floor":32.0,"key":"SMITH"},{"data":"Bouncing Flask","floor":40.0,"key":"SMITH"},{"floor":42.0,"key":"DIG"},{"floor":46.0,"key":"RECALL"},{"floor":49,"key":"DIG"},{"data":"infinitespire:Collect","floor":52,"key":"SMITH"}],"circlet_count":0,"master_deck":["Strike_G+1","Defend_G+1","Defend_G+1","Defend_G+1","Defend_G+1","Survivor+1","Neutralize+1","Well Laid Plans+1","Well Laid Plans+1","Dagger Throw","Deadly Poison","Cloak And Dagger","Tactician","Noxious Fumes+1","Blade Dance","Dash+1","Cloak And Dagger","Doppelganger","Bouncing Flask+1","Distraction+1","Catalyst+1","Footwork+1","Blade Dance","Footwork+1","Leg Sweep","Corpse Explosion","Noxious Fumes","Bouncing Flask+1","Noxious Fumes+1","Footwork","Escape Plan+1","Sucker Punch","Outmaneuver","Outmaneuver+1","PiercingWail+1","infinitespire:Collect+1","Catalyst+1","Night Terror","Infinite Blades+1","infinitespire:Collect+1","Escape Plan","Outmaneuver","Master of Strategy","Cloak And Dagger"],"relics":["Coffee Dripper","Gremlin Horn","infinitespire:EmpoweringShard","Letter Opener","Smiling Mask","infinitespire:Cupcake","Shovel","Whetstone","Lantern","Bag of Preparation","Lizard Tail","Runic Pyramid","Bird Faced Urn","Bag of Marbles","infinitespire:Satchel","Thread and Needle","Old Coin","infinitespire:BottledMercury","Bottled Tornado","Calipers","DollysMirror","War Paint"],"acts_visited":["Exordium","TheCity","TheBeyond","TheEnding"],"potions_floor_usage":[55,55],"damage_taken":[{"damage":8.0,"enemies":"Jaw Worm","floor":1.0,"turns":6.0},{"damage":0.0,"enemies":"Small Slimes","floor":4.0,"turns":4.0},{"damage":0.0,"enemies":"Cultist","floor":5.0,"turns":4.0},{"damage":0.0,"enemies":"Lagavulin","floor":7.0,"turns":6.0},{"damage":2.0,"enemies":"Exordium Thugs","floor":8.0,"turns":4.0},{"damage":0.0,"enemies":"3 Sentries","floor":10.0,"turns":1.0},{"damage":5.0,"enemies":"Looter","floor":11.0,"turns":3.0},{"damage":0.0,"enemies":"Gremlin Gang","floor":12.0,"turns":3.0},{"damage":8.0,"enemies":"Exordium Wildlife","floor":13.0,"turns":4.0},{"damage":2.0,"enemies":"Lagavulin","floor":14.0,"turns":5.0},{"damage":15.0,"enemies":"Slime Boss","floor":16.0,"turns":9.0},{"damage":0.0,"enemies":"3 Byrds","floor":18.0,"turns":2.0},{"damage":6.0,"enemies":"Chosen","floor":21.0,"turns":3.0},{"damage":1.0,"enemies":"Snecko","floor":22.0,"turns":4.0},{"damage":12.0,"enemies":"Book of Stabbing","floor":23.0,"turns":5.0},{"damage":0.0,"enemies":"Gremlin Leader","floor":25.0,"turns":3.0},{"damage":0.0,"enemies":"Centurion and Healer","floor":27.0,"turns":5.0},{"damage":18.0,"enemies":"Slavers","floor":28.0,"turns":3.0},{"damage":0.0,"enemies":"Book of Stabbing","floor":31.0,"turns":4.0},{"damage":20.0,"enemies":"Collector","floor":33.0,"turns":6.0},{"damage":0.0,"enemies":"3 Darklings","floor":35.0,"turns":3.0},{"damage":0.0,"enemies":"Mind Bloom Boss Battle","floor":36.0,"turns":5.0},{"damage":0.0,"enemies":"3 Shapes","floor":37.0,"turns":2.0},{"damage":21.0,"enemies":"Nightmare","floor":41.0,"turns":6.0},{"damage":0.0,"enemies":"Jaw Worm Horde","floor":44.0,"turns":3.0},{"damage":13.0,"enemies":"Writhing Mass","floor":45.0,"turns":4.0},{"damage":0.0,"enemies":"infinitespire:Three Voidlings","floor":47.0,"turns":3.0},{"damage":16.0,"enemies":"Nightmare_Alpha","floor":47.0,"turns":7.0},{"damage":4,"enemies":"Giant Head","floor":48,"turns":5},{"damage":24,"enemies":"Donu and Deca","floor":50,"turns":6},{"damage":48,"enemies":"Shield and Spear","floor":54,"turns":6},{"damage":41,"enemies":"The Heart","floor":55,"turns":8}],"seed_played":"2384010250871560184","potions_obtained":[{"floor":3.0,"key":"CultistPotion"},{"floor":3.0,"key":"infinitespire:BlackPotion"},{"floor":3.0,"key":"AttackPotion"},{"floor":5.0,"key":"PowerPotion"},{"floor":8.0,"key":"Fire Potion"},{"floor":11.0,"key":"Strength Potion"},{"floor":13.0,"key":"SpeedPotion"},{"floor":14.0,"key":"BlessingOfTheForge"},{"floor":16.0,"key":"DistilledChaos"},{"floor":18.0,"key":"ColorlessPotion"},{"floor":22.0,"key":"ColorlessPotion"},{"floor":31.0,"key":"PowerPotion"},{"floor":35.0,"key":"Strength Potion"},{"floor":54,"key":"FairyPotion"}],"is_trial":false,"path_per_floor":["M","?","?","M","M","R","E","M","T","E","M","M","M","E","R","B",null,"M","?","?","M","M","E","R","E","T","M","E","?","R","E","R","B",null,"M","?","M","$","?","R","NM","R","T","M","M","R","?","E","R","B",null,"R","$","E","B",null],"character_chosen":"THE_SILENT","items_purchased":["Footwork","Escape Plan","Calipers","DollysMirror","Escape Plan","Outmaneuver","Master of Strategy","Dexterity Potion"],"campfire_rested":0,"item_purchase_floors":[38,38,53,53,53,53,53,53],"current_hp_per_floor":[62,55,55,55,55,55,55,53,53,53,48,48,40,38,38,23,70,70,70,70,64,63,51,51,51,51,51,33,33,33,33,33,13,70,70,70,70,70,70,70,57,57,57,63,54,54,56,62,62,50,70,70,70,30,3],"gold":190,"neow_bonus":"BOSS_RELIC","is_daily":false,"chose_seed":false,"campfire_upgraded":7,"win_rate":0.0,"timestamp":1613041949,"path_taken":["M","?","?","M","M","R","E","?","T","E","M","M","M","E","R","BOSS","M","?","?","?","M","E","R","E","T","M","E","?","R","E","R","BOSS","M","?","M","$","?","R","NM","R","T","M","?","R","?","E","R","BOSS","R","$","E","BOSS"],"items_purchased_type":["Card","Card","Relic","Relic","Card","Card","Card","Potion"],"build_version":"2020-12-22","purchased_purges":2,"victory":true,"max_hp_per_floor":[70,70,70,70,70,70,70,70,70,70,70,70,70,70,70,70,70,70,70,70,70,70,70,70,70,70,70,70,70,70,70,70,70,70,70,70,70,70,70,70,70,70,70,70,70,70,70,70,70,70,70,70,70,70,70],"relic_stats":{"Lizard Tail":0,"Shovel":2,"Gremlin Horn":[27,27],"counters":[32,142],"Bird Faced Urn":[80],"Bag of Preparation":[28],"Letter Opener":[435],"Whetstone":["Neutralize","Dash"],"War Paint":["Escape Plan","Survivor"],"Smiling Mask":75,"obtain_stats":[{"infinitespire:BottledMercury":48,"Lantern":25,"Calipers":53,"Gremlin Horn":7,"Thread and Needle":43,"Bag of Preparation":28,"Letter Opener":10,"Whetstone":23,"Bottled Tornado":49,"War Paint":54,"Smiling Mask":14,"Old Coin":47,"Lizard Tail":31,"Shovel":20,"DollysMirror":53,"Bird Faced Urn":36,"infinitespire:Satchel":42,"Coffee Dripper":0,"infinitespire:EmpoweringShard":9,"Bag of Marbles":41,"Ring of the Snake":0,"infinitespire:Cupcake":17,"Runic Pyramid":34},{"infinitespire:BottledMercury":29,"Lantern":16,"Calipers":30,"Gremlin Horn":4,"Thread and Needle":24,"Bag of Preparation":18,"Letter Opener":6,"Whetstone":15,"Bottled Tornado":29,"War Paint":31,"Smiling Mask":10,"Old Coin":28,"Lizard Tail":19,"Shovel":12,"DollysMirror":30,"Bird Faced Urn":22,"infinitespire:Satchel":24,"Coffee Dripper":0,"infinitespire:EmpoweringShard":5,"Bag of Marbles":24,"Ring of the Snake":0,"infinitespire:Cupcake":11,"Runic Pyramid":20},{"infinitespire:BottledMercury":122,"Lantern":66,"Calipers":128,"Gremlin Horn":20,"Thread and Needle":100,"Bag of Preparation":74,"Letter Opener":25,"Whetstone":63,"Bottled Tornado":122,"War Paint":134,"Smiling Mask":40,"Old Coin":117,"Lizard Tail":78,"Shovel":51,"DollysMirror":128,"Bird Faced Urn":92,"infinitespire:Satchel":100,"Coffee Dripper":0,"infinitespire:EmpoweringShard":24,"Bag of Marbles":100,"Ring of the Snake":0,"infinitespire:Cupcake":49,"Runic Pyramid":84}]},"card_choices":[{"not_picked":["Dagger Throw","Dagger Spray"],"picked":"Well Laid Plans","floor":1.0},{"not_picked":["Dagger Throw","Dagger Spray"],"picked":"Well Laid Plans","floor":1.0},{"not_picked":["Quick Slash","Escape Plan"],"picked":"Dagger Throw","floor":4.0},{"not_picked":["Cloak And Dagger","Dodge and Roll"],"picked":"Deadly Poison","floor":5.0},{"not_picked":["Bane","Deflect"],"picked":"Cloak And Dagger","floor":7.0},{"not_picked":["Slice","Sucker Punch"],"picked":"Tactician","floor":8.0},{"not_picked":["Footwork","Venomology"],"picked":"Noxious Fumes","floor":10.0},{"not_picked":["Slice","Concentrate","Underhanded Strike"],"picked":"SKIP","floor":11.0},{"not_picked":["All Out Attack","Acrobatics"],"picked":"Blade Dance","floor":12.0},{"not_picked":["Outmaneuver","Bane"],"picked":"Dash","floor":13.0},{"not_picked":["Deflect","Sucker Punch"],"picked":"Cloak And Dagger","floor":14.0},{"not_picked":["Bullet Time","Venomology"],"picked":"Doppelganger","floor":16.0},{"not_picked":["Dodge and Roll","Cloak And Dagger+1"],"picked":"Bouncing Flask+1","floor":18.0},{"not_picked":["PiercingWail","Bane+1"],"picked":"Distraction+1","floor":21.0},{"not_picked":["PiercingWail","Cloak And Dagger+1"],"picked":"Catalyst","floor":22.0},{"not_picked":["Heel Hook","Blade Dance+1"],"picked":"Footwork","floor":23.0},{"not_picked":["Sucker Punch+1","Deflect+1"],"picked":"Blade Dance","floor":25.0},{"not_picked":["Slice","Deadly Poison+1"],"picked":"Footwork","floor":27.0},{"not_picked":["Slice","Skewer"],"picked":"Leg Sweep","floor":28.0},{"not_picked":["Concentrate+1","Accuracy","Sucker Punch"],"picked":"SKIP","floor":31.0},{"not_picked":["Bullet Time","Storm of Steel"],"picked":"Corpse Explosion","floor":33.0},{"not_picked":["Dodge and Roll","All Out Attack+1"],"picked":"Noxious Fumes","floor":35.0},{"not_picked":["Slice","Dodge and Roll"],"picked":"Bouncing Flask","floor":36.0},{"not_picked":["Finisher+1","Dagger Throw+1"],"picked":"Noxious Fumes+1","floor":37.0},{"not_picked":["Backflip","Bane+1"],"picked":"Outmaneuver","floor":41.0},{"not_picked":["Underhanded Strike+1","Reflex+1"],"picked":"Outmaneuver+1","floor":44.0},{"not_picked":["Tools of the Trade","Dodge and Roll"],"picked":"PiercingWail+1","floor":45.0},{"not_picked":["infinitespire:Execution","infinitespire:DeathsTouch"],"picked":"infinitespire:Collect","floor":47},{"not_picked":["Sucker Punch","PiercingWail+1"],"picked":"Catalyst+1","floor":47},{"not_picked":["Phantasmal Killer","Setup+1"],"picked":"Infinite Blades+1","floor":48},{"not_picked":["Unload","Outmaneuver"],"picked":"Cloak And Dagger","floor":54}],"player_experience":1224893,"relics_obtained":[{"floor":7.0,"key":"Gremlin Horn"},{"floor":9.0,"key":"infinitespire:EmpoweringShard"},{"floor":10.0,"key":"Letter Opener"},{"floor":14.0,"key":"Smiling Mask"},{"floor":23.0,"key":"Whetstone"},{"floor":25.0,"key":"Lantern"},{"floor":28.0,"key":"Bag of Preparation"},{"floor":31.0,"key":"Lizard Tail"},{"floor":36.0,"key":"Bird Faced Urn"},{"floor":41.0,"key":"Bag of Marbles"},{"floor":42.0,"key":"infinitespire:Satchel"},{"floor":43.0,"key":"Thread and Needle"},{"floor":47,"key":"Old Coin"},{"floor":48,"key":"infinitespire:BottledMercury"},{"floor":49,"key":"Bottled Tornado"},{"floor":54,"key":"War Paint"}],"event_choices":[{"cards_removed":["Defend_G"],"damage_healed":0.0,"max_hp_gain":0.0,"max_hp_loss":0.0,"gold_gain":0.0,"event_name":"Golden Wing","player_choice":"Card Removal","floor":2.0,"gold_loss":0.0,"damage_taken":7.0},{"damage_healed":0.0,"max_hp_gain":0.0,"max_hp_loss":0.0,"gold_gain":0.0,"event_name":"The Woman in Blue","player_choice":"Bought 3 Potions","floor":3.0,"gold_loss":0.0,"damage_taken":0.0},{"damage_healed":0.0,"max_hp_gain":0.0,"max_hp_loss":0.0,"gold_gain":0.0,"event_name":"Back to Basics","player_choice":"Simplicity","floor":19.0,"gold_loss":0.0,"damage_taken":0.0,"cards_upgraded":["Strike_G","Strike_G","Strike_G","Strike_G","Strike_G","Defend_G","Defend_G","Defend_G","Defend_G"]},{"damage_healed":0.0,"max_hp_gain":0.0,"max_hp_loss":0.0,"gold_gain":0.0,"event_name":"WeMeetAgain","player_choice":"Gave Potion","floor":20.0,"gold_loss":0.0,"damage_taken":0.0,"relics_obtained":["Shovel"]},{"damage_healed":0.0,"max_hp_gain":0.0,"max_hp_loss":0.0,"gold_gain":0.0,"event_name":"Vampires","player_choice":"Ignored","floor":29.0,"gold_loss":0.0,"damage_taken":0.0},{"damage_healed":0.0,"max_hp_gain":0.0,"max_hp_loss":0.0,"gold_gain":0.0,"event_name":"MindBloom","player_choice":"Fight","floor":36.0,"gold_loss":0.0,"damage_taken":0.0},{"damage_healed":0.0,"max_hp_gain":0.0,"max_hp_loss":0.0,"gold_gain":0.0,"cards_transformed":["Strike_G"],"event_name":"Transmorgrifier","player_choice":"Transformed","floor":39.0,"gold_loss":0.0,"damage_taken":0.0,"cards_obtained":["Sucker Punch"]},{"damage_healed":0,"gold_gain":0,"cards_transformed":["Strike_G"],"player_choice":"Transformed","damage_taken":0,"max_hp_gain":0,"max_hp_loss":0,"event_name":"Transmorgrifier","floor":47,"gold_loss":0,"cards_obtained":["Night Terror"]}],"is_beta":false,"boss_relics":[{"not_picked":["Fusion Hammer","Velvet Choker"],"picked":"infinitespire:Cupcake"},{"not_picked":["Snecko Eye","Runic Dome"],"picked":"Runic Pyramid"}],"items_purged_floors":[38,53],"is_endless":false,"potions_floor_spawned":[5,8,11,13,14,16,18,22,27,31,33,35,44,48,54],"ascension_level":1}}