{"host":"j05tanvorlbs2t7f","time":1613050660,"event":{"mods":["2.2 Compatiblity","AchievementEnabler","BaseMod","BetterRewards","Card Forge","Colored Powertips","Conspire","Minty Spire (QoL Compilation)","Permanent Neow","Replay The Spire","Shade Mod","StSLib","The Bug Knight","The Construct","The Cursed","The Forsaken","The Hierophant","The Sage","TheHeartMod"],"gold_per_floor":[112,112,45,66,87,87,125,139,139,139,160,160,203,203,203,203,203,296,296,316,330,330,348,364,364,389,427,505,505,523,177,215,236,236,332,332,355,355,11,77,427,427,465,465,489,534,660,660,704,743,743,755,759,759,759,594,657,669],"floor_reached":59,"language":"POL","playtime":3828,"items_purged":["Writhe"],"score":3996,"play_id":"e8118921-6c32-4d40-8fe2-5a788c419fa7","local_time":"20210211143740","is_ascension_mode":true,"campfire_choices":[{"floor":6.0,"key":"REST"},{"floor":12.0,"key":"REST"},{"floor":17.0,"key":"REST"},{"floor":25,"key":"REST"},{"data":"Defragment","floor":29,"key":"SMITH"},{"data":"Zap","floor":29,"key":"SMITH"},{"floor":34,"key":"REST"},{"floor":42,"key":"RECALL"},{"data":"Sunder","floor":44,"key":"SMITH"},{"data":"Streamline","floor":44,"key":"SMITH"},{"data":"Ball Lightning","floor":48,"key":"SMITH"},{"data":"Coolheaded","floor":48,"key":"SMITH"},{"floor":51,"key":"REST"},{"data":"Aggregate","floor":55,"key":"SMITH"},{"data":"Coolheaded","floor":55,"key":"SMITH"}],"circlet_count":0,"master_deck":["AscendersBane","Strike_B+1","Strike_B+1","Strike_B+1","Strike_B+1","Defend_B+1","Defend_B+1","Defend_B+1","Zap+1","Dualcast+1","Defragment+1","Heatsinks+1","Streamline+1","Cold Snap","Electrodynamics+1","Defragment+1","Loop+1","Gash+1","Sunder+1","Thunder Strike+1","Stack+1","Lockon+1","BootSequence+1","Hologram+1","Redo+1","Turbo+1","Chill+1","ReplayTheSpireMod:Calculation Training+1","Rebound+1","Ball Lightning+1","ReplayTheSpireMod:Omega Cannon+1","Coolheaded+1","ReplayTheSpireMod:Calculation Training+1","Capacitor+1","Coolheaded+1","Coolheaded+1","Stack+1","Languid","Ball Lightning+1","Aggregate+1","Double Energy"],"relics":["Cracked Core","Hammer of Thor","Seething Fire","Anvil of the Gods","CaptainsWheel","Membership Card","construct:BoolHorns","construct:RocketBooster","Replay:Kaleidoscope","Replay:Frozen Program","Counterbalance","Replay:Arrowhead","Replay:PocketPolymizer","FossilizedHelix","Golden Idol","Replay:Accelerometer","Golden Egg","Replay:WaspNest","theForsaken:PaleLantern","Durian","Strange Spoon","Unceasing Top","MealTicket","SacredBark","Runic Capacitor","Ornamental Fan","Gambling Chip","ReplayTheSpireMod:Ring of Collecting","Ring of Greed","Tiny Chest","Old Coin","Smiling Mask","Ring of Peace","Replay:Bandana","Nunchaku","Omamori","Carrot","HandDrill","Boot","Replay:Mystery Machine"],"acts_visited":["Exordium","TheCity","TheBeyond","TheEnding"],"potions_floor_usage":[18,20,24,26,43,57,58,58,58,58],"damage_taken":[{"damage":0.0,"enemies":"Jaw Worm","floor":1.0,"turns":3.0},{"damage":0.0,"enemies":"conspire:RoseBush","floor":4.0,"turns":3.0},{"damage":0.0,"enemies":"Cultist","floor":5.0,"turns":3.0},{"damage":7.0,"enemies":"3 Sentries","floor":7.0,"turns":4.0},{"damage":0.0,"enemies":"Blue Slaver","floor":8.0,"turns":2.0},{"damage":19.0,"enemies":"Gremlin Gang","floor":11.0,"turns":3.0},{"damage":0.0,"enemies":"Gremlin Nob","floor":13.0,"turns":3.0},{"damage":0,"enemies":"Fading Forest","floor":18,"turns":13},{"damage":12,"enemies":"Shell Parasite","floor":20,"turns":5},{"damage":17,"enemies":"2 Thieves","floor":21,"turns":3},{"damage":10,"enemies":"conspire:HollyBat","floor":23,"turns":8},{"damage":0,"enemies":"Snake Plant","floor":24,"turns":4},{"damage":0,"enemies":"Centurion and Healer","floor":26,"turns":4},{"damage":9,"enemies":"Replay:Snechameleon","floor":27,"turns":5},{"damage":11,"enemies":"3 Cultists","floor":30,"turns":4},{"damage":14,"enemies":"Book of Stabbing","floor":32,"turns":4},{"damage":2,"enemies":"Snecko","floor":33,"turns":5},{"damage":0,"enemies":"Champ","floor":35,"turns":12},{"damage":0,"enemies":"3 Darklings","floor":37,"turns":2},{"damage":0,"enemies":"2 Orb Walkers","floor":40,"turns":4},{"damage":0,"enemies":"HollowMod:StalkingDevout","floor":43,"turns":6},{"damage":0,"enemies":"Giant Head","floor":46,"turns":9},{"damage":0,"enemies":"Reptomancer","floor":49,"turns":4},{"damage":0,"enemies":"Orb Walker","floor":50,"turns":3},{"damage":0,"enemies":"Time Eater","floor":52,"turns":8},{"damage":23,"enemies":"conspire:OrnateMirror","floor":53,"turns":9},{"damage":30,"enemies":"Shield and Spear","floor":57,"turns":6},{"damage":42,"enemies":"The Heart","floor":58,"turns":10}],"seed_played":"1415081009069450794","potions_obtained":[{"floor":5.0,"key":"Milkshake"},{"floor":10.0,"key":"Flashbang"},{"floor":10.0,"key":"Elixir"},{"floor":21,"key":"PowerPotion"},{"floor":32,"key":"ColorlessPotion"},{"floor":33,"key":"DistilledChaos"},{"floor":35,"key":"AttackPotion"},{"floor":40,"key":"SkillPotion"},{"floor":46,"key":"Flashbang"},{"floor":57,"key":"FearPotion"}],"is_trial":false,"path_per_floor":["M","?","?","M","M","R","E","M","T","?","M","R","E","PTL","PTL","?","R","B",null,"M","M","?","M","M","R","M","E","T","R","M","$","E","M","R","B",null,"M","?","$","?","?","R","E","R","T","E","?","R","E","M","R","B","B",null,"R","$","E","B",null],"character_chosen":"DEFECT","items_purchased":["Defragment","Membership Card","construct:BoolHorns","construct:RocketBooster","Replay:Frozen Program","Heatsinks","Replay:Arrowhead","FossilizedHelix","Strange Spoon","Unceasing Top","EntropicBrew","ReplayTheSpireMod:Calculation Training","Runic Capacitor","Ornamental Fan","ReplayTheSpireMod:Calculation Training","Capacitor","Coolheaded","HandDrill","Boot"],"campfire_rested":6,"item_purchase_floors":[0,0,0,0,0,0,0,0,31,31,31,31,39,39,39,39,39,56,56],"current_hp_per_floor":[22,22,22,22,22,43,36,36,36,36,17,38,38,38,38,38,59,67,70,58,41,37,27,27,48,48,44,44,44,33,33,19,17,39,39,67,67,76,76,76,76,76,76,76,76,76,51,51,51,51,73,73,50,70,70,76,46,4],"gold":669,"neow_bonus":"","is_daily":false,"chose_seed":false,"campfire_upgraded":8,"win_rate":0.0,"timestamp":1613050660,"path_taken":["M","?","?","M","M","R","E","M","T","?","?","R","E","PTL","PTL","?","R","BOSS","M","?","?","M","M","R","M","E","T","R","M","$","E","M","R","BOSS","M","?","$","?","?","R","E","R","T","E","?","R","E","M","R","BOSS","BOSS","R","$","E","BOSS"],"items_purchased_type":["Card","Relic","Relic","Relic","Relic","Card","Relic","Relic","Relic","Relic","Potion","Card","Relic","Relic","Card","Card","Card","Relic","Relic"],"build_version":"2020-12-22","purchased_purges":1,"victory":true,"max_hp_per_floor":[71,71,71,71,71,71,71,71,71,71,71,71,71,71,71,71,71,71,71,71,71,71,71,71,71,71,76,76,76,76,76,76,76,76,76,76,76,76,76,76,76,76,76,76,76,76,76,76,76,76,76,76,76,76,76,76,76,76],"card_choices":[{"not_picked":["Turbo","Gash"],"picked":"Streamline","floor":1.0},{"not_picked":["Compile Driver","ReplayTheSpireMod:Dual Polarity"],"picked":"Cold Snap","floor":4.0},{"not_picked":["ReplayTheSpireMod:Dual Polarity","Turbo"],"picked":"Electrodynamics","floor":5.0},{"not_picked":["Sunder","ReplayGash"],"picked":"Defragment","floor":7.0},{"not_picked":["Hologram","BasicCrystalCard"],"picked":"Loop","floor":8.0},{"not_picked":["Steam","FIFO Queue"],"picked":"Gash","floor":11.0},{"not_picked":["Darkness","Tempest"],"picked":"Sunder","floor":13.0},{"not_picked":["Biased Cognition","Amplify"],"picked":"Thunder Strike","floor":18},{"not_picked":["Heatsinks","Reprogram"],"picked":"Stack","floor":20},{"not_picked":["Skim","Gash"],"picked":"Lockon+1","floor":21},{"not_picked":["Skim","Static Discharge"],"picked":"BootSequence+1","floor":23},{"not_picked":["Streamline","Redo"],"picked":"Hologram","floor":24},{"not_picked":["ReplayTheSpireMod:Reroute Power","ReplaySolidLightProjector"],"picked":"Redo","floor":26},{"not_picked":["Recycle","Crystallizer"],"picked":"Turbo+1","floor":27},{"not_picked":["Go for the Eyes+1","Beam Cell+1"],"picked":"Chill","floor":30},{"not_picked":["conspire:Rain+1","Melter"],"picked":"Rebound","floor":32},{"not_picked":["Stack","Compile Driver"],"picked":"Ball Lightning","floor":33},{"not_picked":["Fission","Electrodynamics"],"picked":"ReplayTheSpireMod:Omega Cannon","floor":35},{"not_picked":["Undo","Stack"],"picked":"Coolheaded","floor":37},{"not_picked":["Redo","BasicCrystalCard"],"picked":"Coolheaded","floor":40},{"not_picked":["BasicCrystalCard","Ball Lightning"],"picked":"Stack","floor":43},{"not_picked":["Streamline","FTL","Steam Power"],"picked":"SKIP","floor":46},{"not_picked":["Fusion","Chaos"],"picked":"Ball Lightning+1","floor":47},{"not_picked":["Steam Power+1","Reinforced Body","Auto Shields"],"picked":"SKIP","floor":49},{"not_picked":["All For One","Beam Cell"],"picked":"Aggregate","floor":50},{"not_picked":["Panic Button+1","ReplayTheSpireMod:Repulse"],"picked":"Double Energy","floor":57}],"player_experience":449743,"relics_obtained":[{"floor":7.0,"key":"Replay:Accelerometer"},{"floor":9.0,"key":"Golden Egg"},{"floor":13.0,"key":"Replay:WaspNest"},{"floor":27,"key":"Durian"},{"floor":32,"key":"MealTicket"},{"floor":40,"key":"Gambling Chip"},{"floor":41,"key":"ReplayTheSpireMod:Ring of Collecting"},{"floor":41,"key":"Ring of Greed"},{"floor":41,"key":"Tiny Chest"},{"floor":41,"key":"Old Coin"},{"floor":43,"key":"Smiling Mask"},{"floor":45,"key":"Ring of Peace"},{"floor":45,"key":"Replay:Bandana"},{"floor":46,"key":"Nunchaku"},{"floor":47,"key":"Omamori"},{"floor":49,"key":"Carrot"},{"floor":57,"key":"Replay:Mystery Machine"}],"event_choices":[{"damage_healed":0.0,"max_hp_gain":0.0,"max_hp_loss":0.0,"gold_gain":0.0,"event_name":"Golden Idol","player_choice":"Take Wound","floor":2.0,"gold_loss":0.0,"damage_taken":0.0,"relics_obtained":["Golden Idol"],"cards_obtained":["Injury"]},{"damage_healed":0.0,"max_hp_gain":0.0,"max_hp_loss":0.0,"gold_gain":0.0,"event_name":"World of Goop","player_choice":"Left Gold","floor":3.0,"gold_loss":67.0,"damage_taken":0.0},{"damage_healed":0.0,"max_hp_gain":0.0,"max_hp_loss":0.0,"gold_gain":0.0,"event_name":"Lab","player_choice":"Got Potions","floor":10.0,"gold_loss":0.0,"damage_taken":0.0},{"damage_healed":0.0,"max_hp_gain":0.0,"max_hp_loss":0.0,"gold_gain":0.0,"event_name":"Accursed Blacksmith","player_choice":"Forge","floor":16.0,"gold_loss":0.0,"damage_taken":0.0,"cards_upgraded":["Defragment"]},{"damage_healed":0,"gold_gain":0,"player_choice":"Leave","damage_taken":0,"max_hp_gain":0,"max_hp_loss":0,"event_name":"conspire:Investor","floor":22,"gold_loss":0},{"damage_healed":15,"gold_gain":0,"player_choice":"Writhe","damage_taken":0,"max_hp_gain":0,"max_hp_loss":0,"event_name":"Winding Halls","floor":38,"gold_loss":0,"cards_obtained":["Writhe"]},{"damage_healed":0,"gold_gain":0,"player_choice":"Fight","damage_taken":0,"max_hp_gain":0,"max_hp_loss":0,"event_name":"Mysterious Sphere","floor":40,"gold_loss":0}],"is_beta":false,"boss_relics":[{"not_picked":["ReplayTheSpireMod:DimensionalGlitch","Abe\u0027s Treasure"],"picked":"theForsaken:PaleLantern"},{"not_picked":["Replay:Drink Me","sagemod:Falmels_Amulet"],"picked":"SacredBark"}],"items_purged_floors":[39],"is_endless":false,"potions_floor_spawned":[5,13,18,21,23,32,33,35,40,46,50,57],"ascension_level":20}}