{"host":"snhgf1tbc52ohml4","time":1613031931,"event":{"mods":["ATMod(°¢èªMod)","BaseMod","Dota2Spire","Minty Spire (QoL Compilation)","Replay The Spire","StSLib","The Bug Knight","The Servant 0.9.4"],"gold_per_floor":[116,136,147,173,190,225,240,266,266,279,279,310,55,75,75,172,172,172,172,187,199,149,174,174,209,258,258,284,284,300,14,14,116,116,126,59,0,14,14,44,95,123,175,175,194,194,204,204,204,204],"floor_reached":51,"language":"ZHS","playtime":4298,"items_purged":["Strike_S","Shame"],"score":1110,"play_id":"85773044-6094-46fe-b812-9cd713136453","local_time":"20210211162531","is_ascension_mode":false,"campfire_choices":[{"data":"PendulumOfEternity","floor":11,"key":"SMITH"},{"data":"Exchange","floor":15,"key":"SMITH"},{"data":"BottledTime","floor":24,"key":"SMITH"},{"data":"AT_MachinaRedman","floor":27,"key":"SMITH"},{"data":"Deny","floor":32,"key":"SMITH"},{"data":"ReplayTheSpireMod:Doomed","floor":44,"key":"PURGE"},{"data":"Defend_S","floor":46,"key":"PURGE"},{"data":"Defend_S","floor":49,"key":"PURGE"}],"circlet_count":0,"master_deck":["Strike_S","Strike_S","Strike_S+1","Defend_S","Defend_S","KidneyShot","Exchange+1","AT_MachinaRedman+1","ShatteredReality","TimeWarp","BottledTime","Replace","PendulumOfEternity+1","TimeWarp","Potential+1","Reset","Advance","Foresight","SpecialFormula","FloweringNight","BottledTime+1","Potential+1","Deny+1","Revamp+1","Comet","Initiator","InstantArmor","Luminosity+1","RealityMarble+1","Alleviate+1","Replace+1","Advance+1"],"relics":["Uniform","AT_ATBox","NeowsBlessing","Juzu Bracelet","AT_GoldPhoenixTree","Pear","AT_BladeRuinedKing","Philosopher\u0027s Stone","Nilry\u0027s Codex","AT_Kusabimaru","Whetstone","Dota2Spire:Vanguard","AT_Manta","ReplayTheSpireMod:CursedCoin","Dota2Spire:OrchidMalevolence","Cursed Key","Red Mask","AT_ForceNature","Peace Pipe","TungstenRod","Dota2Spire:ArmletOfMordiggian"],"acts_visited":["Exordium","TheCity","TheBeyond"],"potions_floor_usage":[6,8,12,12,12,12,12,12,13,16,16,18,20,23,28,30,47,50,50],"damage_taken":[{"damage":0,"enemies":"Cultist","floor":1,"turns":1},{"damage":0,"enemies":"Small Slimes","floor":2,"turns":1},{"damage":0,"enemies":"Jaw Worm","floor":3,"turns":1},{"damage":0,"enemies":"3 Louse","floor":5,"turns":2},{"damage":8,"enemies":"Lagavulin","floor":6,"turns":5},{"damage":2,"enemies":"Looter","floor":7,"turns":2},{"damage":1,"enemies":"3 Sentries","floor":8,"turns":4},{"damage":7,"enemies":"Red Slaver","floor":10,"turns":3},{"damage":0,"enemies":"Lagavulin","floor":12,"turns":2},{"damage":0,"enemies":"Large Slime","floor":14,"turns":3},{"damage":0,"enemies":"Fading Forest","floor":16,"turns":11},{"damage":0,"enemies":"2 Thieves","floor":18,"turns":1},{"damage":18,"enemies":"Shell Parasite","floor":20,"turns":3},{"damage":4,"enemies":"Chosen and Byrds","floor":21,"turns":2},{"damage":0,"enemies":"Gremlin Leader","floor":23,"turns":4},{"damage":4,"enemies":"Replay:Snechameleon","floor":25,"turns":2},{"damage":0,"enemies":"Gremlin Leader","floor":28,"turns":2},{"damage":0,"enemies":"Snake Plant","floor":30,"turns":1},{"damage":0,"enemies":"Automaton","floor":33,"turns":3},{"damage":8,"enemies":"3 Darklings","floor":35,"turns":1},{"damage":0,"enemies":"Orb Walker","floor":38,"turns":1},{"damage":0,"enemies":"HollowMod:StalkingDevout","floor":40,"turns":1},{"damage":0,"enemies":"2 Orb Walkers","floor":41,"turns":1},{"damage":0,"enemies":"Reptomancer","floor":42,"turns":1},{"damage":0,"enemies":"Spire Growth","floor":45,"turns":2},{"damage":0,"enemies":"Jaw Worm Horde","floor":47,"turns":2},{"damage":0,"enemies":"Donu and Deca","floor":50,"turns":2}],"seed_played":"-396790144345117683","potions_obtained":[{"floor":1,"key":"ColorlessPotion"},{"floor":4,"key":"Strength Potion"},{"floor":4,"key":"LiquidMemories"},{"floor":6,"key":"EntropicBrew"},{"floor":14,"key":"SmokeBomb"},{"floor":16,"key":"Energy Potion"},{"floor":20,"key":"GamblersBrew"},{"floor":25,"key":"Adrenaline Potion"},{"floor":28,"key":"Regen Potion"},{"floor":33,"key":"Doom Potion"},{"floor":38,"key":"FearPotion"},{"floor":41,"key":"PowerPotion"},{"floor":42,"key":"AttackPotion"}],"is_trial":false,"path_per_floor":["M","M","M","?","M","E","M","E","T","M","R","E","$","M","R","B",null,"M","?","M","M","?","E","R","E","T","R","E","?","M","$","R","B",null,"M","$","?","M","?","E","?","E","T","R","M","R","M","?","R","B",null],"character_chosen":"THE_SERVANT","items_purchased":["Foresight","Fruit Juice","ReplayTheSpireMod:CursedCoin","Comet","Dota2Spire:OrchidMalevolence","Luminosity"],"campfire_rested":0,"item_purchase_floors":[13,13,31,31,31,36],"current_hp_per_floor":[65,65,65,65,65,57,55,54,64,57,57,57,62,62,62,77,80,80,56,43,44,44,49,49,50,50,50,55,55,55,55,55,65,80,72,72,72,72,72,72,72,72,72,72,72,72,72,72,72,80],"gold":204,"neow_bonus":"THREE_ENEMY_KILL","is_daily":false,"chose_seed":false,"campfire_upgraded":5,"win_rate":0.0,"timestamp":1613031931,"path_taken":["M","?","M","?","M","E","M","E","T","M","R","E","$","M","R","BOSS","M","?","M","M","?","E","R","E","T","R","E","?","M","$","R","BOSS","M","$","?","M","?","E","?","E","T","R","M","R","M","?","R","BOSS"],"items_purchased_type":["Card","Potion","Relic","Card","Relic","Card"],"build_version":"2020-12-22","purchased_purges":2,"victory":true,"max_hp_per_floor":[65,65,65,65,65,65,65,65,75,75,75,75,80,80,80,80,80,80,80,80,80,80,80,80,80,80,80,80,80,80,80,80,80,80,80,80,80,80,80,80,80,80,80,80,80,80,80,80,80,80],"card_choices":[{"not_picked":["Shuttle","Replace"],"picked":"ShatteredReality","floor":1},{"not_picked":["BestPractice","Unruled"],"picked":"TimeWarp","floor":2},{"not_picked":["Replace","Unruled"],"picked":"BottledTime","floor":3},{"not_picked":["Rearm","BottledTime"],"picked":"Replace","floor":4},{"not_picked":["BestPractice","Alleviate"],"picked":"PendulumOfEternity","floor":5},{"not_picked":["Alleviate","Dilation"],"picked":"TimeWarp","floor":6},{"not_picked":["Alleviate","Defy"],"picked":"Potential","floor":7},{"not_picked":["Ricochet","SoulSculpture"],"picked":"Reset","floor":8},{"not_picked":["Alleviate","Shuttle"],"picked":"Advance","floor":10},{"not_picked":["Defy","Gouge","Alleviate"],"picked":"SKIP","floor":12},{"not_picked":["Hightail","Potential"],"picked":"SpecialFormula","floor":14},{"not_picked":["Sunlight","LightFlow"],"picked":"FloweringNight","floor":16},{"not_picked":["Ricochet","Defy"],"picked":"BottledTime","floor":20},{"not_picked":["SpecialFormula+1","DoubleEdge","Read"],"picked":"SKIP","floor":21},{"not_picked":["DoubleEdge+1","Sabotage","Spin"],"picked":"SKIP","floor":23},{"not_picked":["GearUp","Spin+1"],"picked":"Potential+1","floor":25},{"not_picked":["Potential","Alleviate"],"picked":"Deny","floor":28},{"not_picked":["BottledTime","Starlight"],"picked":"Revamp+1","floor":30},{"not_picked":["Duplication","SoulSculpture"],"picked":"Initiator","floor":33},{"not_picked":["MoonPhase","Unruled"],"picked":"InstantArmor","floor":35},{"not_picked":["ShatteredReality","Revamp+1"],"picked":"RealityMarble+1","floor":38},{"not_picked":["BottledTime+1","Luminosity"],"picked":"Alleviate+1","floor":40},{"not_picked":["DoubleEdge+1","SilverBlades+1"],"picked":"Replace+1","floor":41},{"not_picked":["Hightail","Moonlight","Read+1"],"picked":"SKIP","floor":42},{"not_picked":["Defy","InstantArmor","Unruled+1"],"picked":"SKIP","floor":45},{"not_picked":["ForgedInTime","Starlight"],"picked":"Advance+1","floor":47}],"player_experience":14185,"relics_obtained":[{"floor":6,"key":"Juzu Bracelet"},{"floor":8,"key":"AT_GoldPhoenixTree"},{"floor":9,"key":"Pear"},{"floor":12,"key":"AT_BladeRuinedKing"},{"floor":19,"key":"Nilry\u0027s Codex"},{"floor":23,"key":"AT_Kusabimaru"},{"floor":25,"key":"Whetstone"},{"floor":26,"key":"Dota2Spire:Vanguard"},{"floor":28,"key":"AT_Manta"},{"floor":40,"key":"AT_ForceNature"},{"floor":41,"key":"Peace Pipe"},{"floor":42,"key":"TungstenRod"},{"floor":43,"key":"Dota2Spire:ArmletOfMordiggian"}],"event_choices":[{"damage_healed":0,"gold_gain":0,"player_choice":"Obtained Book","damage_taken":16,"max_hp_gain":0,"max_hp_loss":0,"event_name":"Cursed Tome","floor":19,"gold_loss":0},{"damage_healed":0,"gold_gain":0,"player_choice":"Bet on Owner","damage_taken":0,"max_hp_gain":0,"max_hp_loss":0,"event_name":"The Joust","floor":22,"gold_loss":50},{"damage_healed":0,"gold_gain":0,"player_choice":"Ignored","damage_taken":0,"max_hp_gain":0,"max_hp_loss":0,"event_name":"Vampires","floor":29,"gold_loss":0},{"damage_healed":0,"gold_gain":0,"player_choice":"Paid","damage_taken":0,"relics_obtained":["Red Mask"],"max_hp_gain":0,"max_hp_loss":0,"event_name":"Tomb of Lord Red Mask","floor":37,"gold_loss":59},{"damage_healed":0,"gold_gain":0,"player_choice":"Ignored","damage_taken":0,"max_hp_gain":0,"max_hp_loss":0,"event_name":"SecretPortal","floor":39,"gold_loss":0},{"damage_healed":0,"gold_gain":0,"player_choice":"Fight","damage_taken":0,"max_hp_gain":0,"max_hp_loss":0,"event_name":"Mysterious Sphere","floor":41,"gold_loss":0},{"damage_healed":0,"gold_gain":0,"player_choice":"Forge","damage_taken":0,"max_hp_gain":0,"max_hp_loss":0,"event_name":"Accursed Blacksmith","floor":48,"gold_loss":0,"cards_upgraded":["Luminosity"]}],"is_beta":false,"boss_relics":[{"not_picked":["Replay:Wanted Poster","Painkiller Herb"],"picked":"Philosopher\u0027s Stone"},{"not_picked":["MysterySword","ChewingGum"],"picked":"Cursed Key"}],"items_purged_floors":[13,31],"is_endless":false,"potions_floor_spawned":[1,6,7,14,16,20,25,28,33,38,41,42,45],"ascension_level":0}}