{"host":"tzz1a4lp7gkxiavd","time":1613029619,"event":{"mods":["BaseMod","Marisa£®ÏF”Í°°ƒß¿Ì…≥£©","Minty Spire (QoL Compilation)","Remilia£®¿Ÿ√◊¿Ú—«£©","The Servant 0.9.4","Youmu£®ªÍ∆«—˝√Œ£©","Yuyuko","°æπ¶ƒ‹Mod°øNeowΩ±¿¯"],"gold_per_floor":[116,291,291,307,232,264,264,264,289,289,301,335,353,372,372,372,372],"floor_reached":16,"language":"ZHS","playtime":600,"items_purged":["Doubt"],"score":138,"play_id":"96699f40-06f7-4b8c-924b-db5d0d262ee2","local_time":"20210211154659","is_ascension_mode":true,"campfire_choices":[{"floor":7.0,"key":"DIG"},{"floor":10.0,"key":"REST"},{"floor":15.0,"key":"REST"}],"circlet_count":0,"master_deck":["Strike_B","Strike_B","Strike_B","Strike_B","Defend_B","Defend_B","Defend_B","Defend_B","Zap","Dualcast","All For One","BootSequence","Defragment"],"relics":["Cracked Core","Shovel","DataDisk","PreservedInsect","Blood Vial"],"acts_visited":["Exordium"],"potions_floor_usage":[16],"damage_taken":[{"damage":3.0,"enemies":"2 Louse","floor":1.0,"turns":2.0},{"damage":1.0,"enemies":"Cultist","floor":4.0,"turns":3.0},{"damage":58.0,"enemies":"Gremlin Nob","floor":6.0,"turns":5.0},{"damage":0.0,"enemies":"Jaw Worm","floor":11.0,"turns":4.0},{"damage":25.0,"enemies":"Lagavulin","floor":12.0,"turns":5.0},{"damage":7.0,"enemies":"Large Slime","floor":13.0,"turns":5.0},{"damage":5.0,"enemies":"Exordium Wildlife","floor":14.0,"turns":5.0},{"damage":0,"enemies":"Slime Boss","floor":16,"turns":3}],"seed_played":"5341472360488115644","potions_obtained":[{"floor":4.0,"key":"Ancient Potion"},{"floor":6.0,"key":"Swift Potion"},{"floor":13.0,"key":"Explosive Potion"}],"is_trial":false,"path_per_floor":["M","?","?","M","$","E","R","?","T","R","M","E","M","M","R","B"],"character_chosen":"DEFECT","items_purchased":[],"campfire_rested":2,"item_purchase_floors":[],"current_hp_per_floor":[72,72,72,71,71,13,13,13,13,35,35,10,5,2,24,26,26],"gold":372,"neow_bonus":"THREE_RARE_CARDS","is_daily":false,"chose_seed":false,"campfire_upgraded":0,"win_rate":0.0,"timestamp":1613029619,"path_taken":["M","?","?","?","$","E","R","?","T","R","M","E","?","M","R","BOSS"],"items_purchased_type":[],"build_version":"2020-12-22","purchased_purges":1,"victory":false,"max_hp_per_floor":[75,75,75,75,75,75,75,75,75,75,75,75,75,75,75,75,75],"card_choices":[{"not_picked":["Reboot","Machine Learning"],"picked":"All For One","floor":0.0},{"not_picked":["Ball Lightning","Cold Snap","Hologram"],"picked":"SKIP","floor":1.0},{"not_picked":["Rebound","Conserve Battery","Reinforced Body"],"picked":"SKIP","floor":4.0},{"not_picked":["Redo","Rip and Tear"],"picked":"BootSequence","floor":6.0},{"not_picked":["Stack","Compile Driver","Static Discharge"],"picked":"SKIP","floor":11.0},{"not_picked":["Sweeping Beam","Consume"],"picked":"Defragment","floor":12.0},{"not_picked":["Steam","Ball Lightning","Aggregate"],"picked":"SKIP","floor":13.0},{"not_picked":["Sunder","Coolheaded","Reprogram"],"picked":"SKIP","floor":14.0}],"player_experience":140527,"relics_obtained":[{"floor":6.0,"key":"Shovel"},{"floor":7.0,"key":"DataDisk"},{"floor":9.0,"key":"PreservedInsect"},{"floor":12.0,"key":"Blood Vial"}],"event_choices":[{"damage_healed":0.0,"max_hp_gain":0.0,"max_hp_loss":0.0,"gold_gain":175.0,"event_name":"Liars Game","player_choice":"AGREE","floor":2.0,"gold_loss":0.0,"damage_taken":0.0,"cards_obtained":["Doubt"]},{"cards_removed":["Shame"],"damage_healed":0.0,"max_hp_gain":0.0,"max_hp_loss":0.0,"gold_gain":0.0,"event_name":"Purifier","player_choice":"Purged","floor":3.0,"gold_loss":0.0,"damage_taken":0.0},{"damage_healed":0.0,"max_hp_gain":0.0,"max_hp_loss":0.0,"gold_gain":0.0,"event_name":"The Woman in Blue","player_choice":"Bought 0 Potions","floor":8.0,"gold_loss":0.0,"damage_taken":0.0}],"is_beta":false,"boss_relics":[],"items_purged_floors":[5],"is_endless":false,"potions_floor_spawned":[4,6,13],"killed_by":"Slime Boss","ascension_level":5}}