{"host":"jbubmcmth9zhx5x0","time":1613068806,"event":{"mods":["BaseMod","Minty Spire (QoL Compilation)","StSLib","The Construct","Wandering Minibosses"],"gold_per_floor":[119,44,44,63,63,63,98,98,121,121,144,160,193,213,213,344,344,1102,1202,1217,1241,1260,1260,760,779,779,820,844,193,193,217,217,343,343,364,364,58,121,136,136,156,156,156,0,0,21,57,57,57,57,57,57,9,42,42],"floor_reached":56,"language":"ENG","playtime":2203,"items_purged":["construct:Strike_Gold","construct:Strike_Gold","construct:Strike_Gold","construct:Strike_Gold"],"score":1432,"play_id":"319712a9-2c78-4c27-aa35-3d61ffd630e2","local_time":"20210211194006","is_ascension_mode":true,"campfire_choices":[{"data":"construct:Autoturret","floor":6,"key":"SMITH"},{"data":"construct:GatlingGun+1","floor":10,"key":"SMITH"},{"data":"construct:Autoturret+1","floor":15,"key":"SMITH"},{"data":"construct:BatteryCore","floor":23,"key":"SMITH"},{"data":"construct:BatteryCore+1","floor":30,"key":"SMITH"},{"data":"construct:ModeShift","floor":32,"key":"SMITH"},{"floor":40,"key":"RECALL"},{"data":"construct:ModeShift+1","floor":42,"key":"SMITH"},{"data":"construct:AttackMode","floor":45,"key":"SMITH"},{"data":"construct:Zapper+1","floor":49,"key":"SMITH"},{"data":"construct:AttackMode+1","floor":52,"key":"SMITH"}],"circlet_count":0,"master_deck":["construct:Defend_Gold","construct:Defend_Gold","construct:Defend_Gold","construct:Defend_Gold","construct:AttackMode+2","construct:DefenseMode","construct:Autoturret+2","construct:GatlingGun+2","construct:ModeShift+2","construct:Versatility","construct:BatteryCore+2","construct:GatlingGun+2","construct:BatteryCore","construct:Zapper+2","construct:Zapper+1"],"relics":["construct:ClockworkPhoenix","NeowsBlessing","Golden Idol","Pear","Vajra","InkBottle","Runic Pyramid","wanderingMiniBosses:MasterThiefsPresence","Singing Bowl","DollysMirror","Pocketwatch","Mango","Mercury Hourglass","Coffee Dripper","Orrery","White Beast Statue","Red Mask","MealTicket","Sundial"],"acts_visited":["Exordium","TheCity","TheBeyond","TheEnding"],"potions_floor_usage":[13,27,27,55,55],"damage_taken":[{"damage":0,"enemies":"Jaw Worm","floor":1,"turns":1},{"damage":0,"enemies":"Cultist","floor":4,"turns":1},{"damage":0,"enemies":"Lagavulin","floor":7,"turns":2},{"damage":0,"enemies":"2 Louse","floor":11,"turns":1},{"damage":10,"enemies":"Exordium Thugs","floor":12,"turns":3},{"damage":18,"enemies":"3 Sentries","floor":13,"turns":4},{"damage":10,"enemies":"Lots of Slimes","floor":14,"turns":3},{"damage":16,"enemies":"Slime Boss","floor":16,"turns":8},{"damage":15,"enemies":"Shell Parasite","floor":18,"turns":5},{"damage":14,"enemies":"2 Thieves","floor":20,"turns":2},{"damage":9,"enemies":"3 Cultists","floor":21,"turns":4},{"damage":0,"enemies":"Chosen and Byrds","floor":22,"turns":4},{"damage":15,"enemies":"Cultist and Chosen","floor":25,"turns":5},{"damage":28,"enemies":"Slavers","floor":27,"turns":3},{"damage":1,"enemies":"Snake Plant","floor":28,"turns":3},{"damage":0,"enemies":"Shelled Parasite and Fungi","floor":31,"turns":3},{"damage":0,"enemies":"Champ","floor":33,"turns":6},{"damage":0,"enemies":"Orb Walker","floor":35,"turns":3},{"damage":0,"enemies":"Mind Bloom Boss Battle","floor":38,"turns":2},{"damage":0,"enemies":"3 Darklings","floor":39,"turns":3},{"damage":0,"enemies":"Writhing Mass","floor":41,"turns":3},{"damage":9,"enemies":"Jaw Worm Horde","floor":46,"turns":4},{"damage":0,"enemies":"Nemesis","floor":47,"turns":3},{"damage":15,"enemies":"Time Eater","floor":50,"turns":4},{"damage":0,"enemies":"Shield and Spear","floor":54,"turns":2},{"damage":72,"enemies":"The Heart","floor":55,"turns":7}],"seed_played":"6865004795070715102","potions_obtained":[{"floor":4,"key":"AttackPotion"},{"floor":12,"key":"BlessingOfTheForge"},{"floor":13,"key":"CultistPotion"},{"floor":16,"key":"LiquidBronze"},{"floor":27,"key":"PowerPotion"},{"floor":35,"key":"PowerPotion"},{"floor":46,"key":"DistilledChaos"}],"is_trial":false,"path_per_floor":["M","$","?","M","?","R","E","?","T","R","M","M","E","M","R","B",null,"M","?","M","M","M","R","$","M","T","E","M","$","R","M","R","B",null,"M","?","$","?","M","R","M","R","T","?","R","M","E","?","R","B",null,"R","$","E","B",null],"character_chosen":"THE_CONSTRUCT_MOD","items_purchased":["Singing Bowl","DollysMirror","Mango","Mercury Hourglass","Orrery","Strength Potion"],"campfire_rested":0,"item_purchase_floors":[24,24,29,29,37,53],"current_hp_per_floor":[85,85,85,85,64,64,74,74,74,74,74,64,46,36,36,20,95,80,80,66,57,57,57,57,44,44,18,19,33,33,35,35,37,119,121,123,131,133,135,135,137,137,137,137,137,128,130,130,130,115,139,139,139,139,67],"gold":42,"neow_bonus":"THREE_ENEMY_KILL","is_daily":false,"chose_seed":false,"campfire_upgraded":10,"win_rate":0.0,"timestamp":1613068806,"path_taken":["M","$","?","?","?","R","E","?","T","R","M","M","E","M","R","BOSS","M","?","?","M","M","R","$","M","T","E","M","$","R","M","R","BOSS","M","?","$","?","M","R","M","R","T","?","R","M","E","?","R","BOSS","R","$","E","BOSS"],"items_purchased_type":["Relic","Relic","Relic","Relic","Relic","Potion"],"build_version":"2020-12-22","purchased_purges":4,"victory":true,"max_hp_per_floor":[85,85,85,85,85,85,95,95,95,95,95,95,95,95,95,95,95,95,95,95,95,95,95,95,97,97,99,101,115,115,117,117,119,119,121,123,131,133,135,135,137,137,137,137,137,137,139,139,139,139,139,139,139,139,139],"card_choices":[{"not_picked":["construct:Forcefield","construct:ScrapCannon"],"picked":"construct:Autoturret","floor":1},{"not_picked":["construct:FlashFreeze","construct:Accumulate","construct:BlazingSpeed"],"picked":"SKIP","floor":4},{"not_picked":["construct:ScrapCannon","construct:PowerUp"],"picked":"construct:GatlingGun","floor":7},{"not_picked":["construct:Disrupt","construct:Accumulate"],"picked":"construct:ModeShift","floor":11},{"not_picked":["construct:HeavyBolt","construct:BlazingSpeed","construct:ChargeShot"],"picked":"SKIP","floor":12},{"not_picked":["construct:Anticipate","construct:Missile"],"picked":"construct:Versatility","floor":13},{"not_picked":["construct:BatteryAcid","construct:Analyze","construct:ClusterMines"],"picked":"SKIP","floor":14},{"not_picked":["construct:ShieldBurst","construct:MassProduction"],"picked":"construct:BatteryCore","floor":16},{"not_picked":["construct:FierceBash+1","construct:Versatility+1","construct:Accumulate"],"picked":"SKIP","floor":18},{"not_picked":["construct:SaveState","construct:BatteryAcid+1","construct:Forcefield+1"],"picked":"SKIP","floor":20},{"not_picked":["construct:ReactiveShield","construct:BatteryAcid","construct:QuickAttack+1"],"picked":"SKIP","floor":21},{"not_picked":["construct:CriticalHit","construct:Accumulate","construct:Disrupt"],"picked":"SKIP","floor":22},{"not_picked":["construct:ChargeShot","construct:HammerDown","construct:SyphonStrike"],"picked":"Singing Bowl","floor":25},{"not_picked":["construct:Isolate+1","construct:VentSteam","construct:Disrupt+1"],"picked":"Singing Bowl","floor":27},{"not_picked":["construct:SaveState+1","construct:HardReboot+1","construct:FocusedBeam"],"picked":"Singing Bowl","floor":28},{"not_picked":["construct:HardReboot","construct:ReactiveShield+1","construct:Reinforce+1"],"picked":"Singing Bowl","floor":31},{"not_picked":["construct:SiegeForm","construct:GoldenBullet","construct:BatteryCore"],"picked":"Singing Bowl","floor":33},{"not_picked":["construct:Anticipate+1","construct:VentSteam+1","construct:Reinforce+1"],"picked":"Singing Bowl","floor":35},{"not_picked":["Purity","Trip","Blind"],"picked":"Singing Bowl","floor":36},{"not_picked":["construct:FlammableFog+1","construct:Missile","construct:Synchronize"],"picked":"Singing Bowl","floor":37},{"not_picked":["construct:SaveState+1","construct:OmegaCannon+1","construct:ShiftStrike+1"],"picked":"Singing Bowl","floor":37},{"not_picked":["construct:HeavyBolt+1","construct:Forcefield+1"],"picked":"construct:BatteryCore","floor":37},{"not_picked":["construct:FierceBash","construct:ClusterMines","construct:VentSteam"],"picked":"Singing Bowl","floor":37},{"not_picked":["construct:MassProduction","construct:ModeShift","construct:Analyze"],"picked":"Singing Bowl","floor":37},{"not_picked":["construct:ClusterMines+1","construct:Isolate","construct:SuppressiveFire"],"picked":"Singing Bowl","floor":38},{"not_picked":["construct:CreateCores+1","construct:ChargeShot","construct:ElectricArmor"],"picked":"Singing Bowl","floor":39},{"not_picked":["construct:Autoturret","construct:Accumulate","construct:Reinforce"],"picked":"Singing Bowl","floor":41},{"not_picked":["construct:CriticalHit+1","construct:Implosion"],"picked":"construct:Zapper+1","floor":46},{"not_picked":["construct:HeavyBolt","construct:PhosphorStorm+1","construct:SaveState+1"],"picked":"Singing Bowl","floor":47},{"not_picked":["construct:VentSteam+1","construct:Meltdown"],"picked":"construct:Zapper+1","floor":54}],"player_experience":362744,"relics_obtained":[{"floor":7,"key":"Pear"},{"floor":9,"key":"Vajra"},{"floor":13,"key":"InkBottle"},{"floor":18,"key":"wanderingMiniBosses:MasterThiefsPresence"},{"floor":27,"key":"Pocketwatch"},{"floor":43,"key":"White Beast Statue"},{"floor":47,"key":"MealTicket"},{"floor":54,"key":"Sundial"}],"event_choices":[{"cards_removed":["construct:Defend_Gold"],"damage_healed":0,"gold_gain":0,"player_choice":"Purged","damage_taken":0,"max_hp_gain":0,"max_hp_loss":0,"event_name":"Purifier","floor":3,"gold_loss":0},{"damage_healed":0,"gold_gain":0,"player_choice":"Take Damage","damage_taken":21,"relics_obtained":["Golden Idol"],"max_hp_gain":0,"max_hp_loss":0,"event_name":"Golden Idol","floor":5,"gold_loss":0},{"damage_healed":0,"gold_gain":0,"player_choice":"Grow","damage_taken":0,"max_hp_gain":0,"max_hp_loss":0,"event_name":"Living Wall","floor":8,"gold_loss":0,"cards_upgraded":["construct:GatlingGun"]},{"damage_healed":0,"gold_gain":100,"player_choice":"Pray","damage_taken":0,"max_hp_gain":0,"max_hp_loss":0,"event_name":"Golden Shrine","floor":19,"gold_loss":0},{"damage_healed":0,"gold_gain":0,"player_choice":"Memory 1","damage_taken":0,"max_hp_gain":0,"max_hp_loss":0,"event_name":"SensoryStone","floor":36,"gold_loss":0},{"damage_healed":0,"gold_gain":0,"player_choice":"Fight","damage_taken":0,"max_hp_gain":0,"max_hp_loss":0,"event_name":"MindBloom","floor":38,"gold_loss":0},{"damage_healed":0,"gold_gain":0,"player_choice":"Paid","damage_taken":0,"relics_obtained":["Red Mask"],"max_hp_gain":0,"max_hp_loss":0,"event_name":"Tomb of Lord Red Mask","floor":44,"gold_loss":156},{"cards_removed":["construct:Strike_Gold"],"damage_healed":0,"gold_gain":0,"player_choice":"Removed Attack","damage_taken":0,"max_hp_gain":0,"max_hp_loss":0,"event_name":"Falling","floor":48,"gold_loss":0}],"is_beta":false,"boss_relics":[{"not_picked":["Velvet Choker","Calling Bell"],"picked":"Runic Pyramid"},{"not_picked":["construct:WeddingRing","Astrolabe"],"picked":"Coffee Dripper"}],"items_purged_floors":[2,24,29,37],"is_endless":false,"potions_floor_spawned":[4,12,13,16,25,27,35,39,41,46,47,54],"ascension_level":1}}