{"host":"91blwi3hgehj6ch9","time":1613073591,"event":{"mods":["2.2 Compatiblity","AchievementEnabler","BaseMod","Colored Map","DeckTracker","Keyboard Shortcuts","Minty Spire (QoL Compilation)","Permanent Neow","Quick Restart","StSLib","SuperFastMode","everything is the same but u backflip on backflip"],"gold_per_floor":[112,112,112,192,192,224,224,238,293,305,322,322,352,368,368,368,368],"floor_reached":16,"language":"KOR","playtime":472,"items_purged":[],"score":204,"play_id":"94ee3360-cf00-4ff2-95b7-d3fd4234a255","local_time":"20210212045951","is_ascension_mode":true,"campfire_choices":[{"floor":7.0,"key":"REST"},{"floor":12,"key":"REST"},{"floor":15,"key":"REST"}],"circlet_count":0,"master_deck":["AscendersBane","Strike_G","Strike_G","Strike_G","Strike_G","Defend_G","Defend_G+1","Defend_G","Defend_G","Defend_G","Survivor","Neutralize","Skewer","Tactician","Acrobatics","Backflip+1","Dagger Throw","Blade Dance"],"relics":["Ring of the Snake","Orichalcum","Sundial","Singing Bowl","Kunai","PreservedInsect","War Paint"],"acts_visited":["Exordium"],"potions_floor_usage":[],"damage_taken":[{"damage":1.0,"enemies":"2 Louse","floor":1.0,"turns":4.0},{"damage":38.0,"enemies":"Gremlin Nob","floor":6.0,"turns":5.0},{"damage":7,"enemies":"Jaw Worm","floor":8,"turns":6},{"damage":3,"enemies":"Small Slimes","floor":10,"turns":3},{"damage":1,"enemies":"Exordium Wildlife","floor":11,"turns":3},{"damage":27,"enemies":"Lagavulin","floor":13,"turns":5},{"damage":0,"enemies":"3 Louse","floor":14,"turns":4},{"damage":39,"enemies":"Hexaghost","floor":16,"turns":16}],"seed_played":"4803563877318873844","potions_obtained":[{"floor":1.0,"key":"SneckoOil"},{"floor":14,"key":"FearPotion"}],"is_trial":false,"path_per_floor":["M","?","?","T","?","E","R","M","T","M","M","R","E","M","R","B"],"character_chosen":"THE_SILENT","items_purchased":[],"campfire_rested":3,"item_purchase_floors":[],"current_hp_per_floor":[58,47,52,52,45,7,28,21,21,18,17,38,13,13,34,0,0],"gold":368,"neow_bonus":"RANDOM_COMMON_RELIC","is_daily":false,"chose_seed":false,"campfire_upgraded":0,"win_rate":0.0,"timestamp":1613073591,"path_taken":["M","?","?","?","?","E","R","M","T","M","M","R","E","M","R","BOSS"],"items_purchased_type":[],"build_version":"2020-12-22","purchased_purges":0,"victory":false,"max_hp_per_floor":[66,66,71,71,71,71,71,71,71,71,71,71,73,73,73,73,73],"card_choices":[{"not_picked":["Expertise","Acrobatics"],"picked":"Skewer","floor":1.0},{"not_picked":["PiercingWail","Slice"],"picked":"Tactician","floor":6.0},{"not_picked":["Riddle With Holes","Catalyst"],"picked":"Acrobatics","floor":8},{"not_picked":["Expertise","Flying Knee"],"picked":"Backflip","floor":10},{"not_picked":["All Out Attack","Setup"],"picked":"Dagger Throw","floor":11},{"not_picked":["Predator","Slice","Dash"],"picked":"Singing Bowl","floor":13},{"not_picked":["Slice","Footwork"],"picked":"Blade Dance","floor":14}],"player_experience":210336,"relics_obtained":[{"floor":4.0,"key":"Singing Bowl"},{"floor":6.0,"key":"Kunai"},{"floor":9,"key":"PreservedInsect"},{"floor":13,"key":"War Paint"}],"event_choices":[{"damage_healed":0.0,"max_hp_gain":0.0,"max_hp_loss":0.0,"gold_gain":0.0,"event_name":"Scrap Ooze","player_choice":"Success","floor":2.0,"gold_loss":0.0,"damage_taken":11.0,"relics_obtained":["Sundial"]},{"damage_healed":0.0,"max_hp_gain":5.0,"max_hp_loss":0.0,"gold_gain":0.0,"event_name":"Big Fish","player_choice":"Donut","floor":3.0,"gold_loss":0.0,"damage_taken":0.0},{"cards_removed":["Strike_G"],"damage_healed":0.0,"max_hp_gain":0.0,"max_hp_loss":0.0,"gold_gain":0.0,"event_name":"Golden Wing","player_choice":"Card Removal","floor":5.0,"gold_loss":0.0,"damage_taken":7.0}],"is_beta":false,"boss_relics":[],"items_purged_floors":[],"is_endless":false,"potions_floor_spawned":[1,14],"killed_by":"Hexaghost","ascension_level":17}}