{"host":"clf2hd4adhiiw0zf","time":1613032902,"event":{"mods":["AchievementEnabler","BaseMod","Beaked The Cultist","Bestiary","Dark Map","Downfall","Gremlin Mod","Hermit","Jorbs\u0027s Wanderer Trilogy","Marisa????????","Minty Spire (QoL Compilation)","Shop Mod","StSLib","The Cursed","The Servant 0.9.4","Wide Potions"],"gold_per_floor":[99,110,123,123,398,398,421,25,43,43,56,87,87,103,116,116,116,116],"floor_reached":16,"language":"ENG","playtime":504,"items_purged":["Regret"],"score":159,"play_id":"744fee03-52b3-4be6-b4cd-3fdad9f6ec5f","local_time":"20210211014142","is_ascension_mode":true,"campfire_choices":[{"data":"Guardian:TwinSlam","floor":1,"key":"SMITH"},{"floor":6,"key":"RECALL"},{"data":"Guardian:RevengeProtocol","floor":13,"key":"SMITH"}],"circlet_count":0,"master_deck":["Guardian:Strike_Guardian","Guardian:Strike_Guardian","Guardian:Strike_Guardian","Guardian:Defend_Guardian","Guardian:Defend_Guardian","Guardian:Defend_Guardian","Guardian:Defend_Guardian","Guardian:CurlUp","Guardian:TwinSlam+1","Guardian:Reroute","Guardian:WalkerClaw","Guardian:RevengeProtocol+1","Guardian:ShieldCharger","Guardian:Clone","Guardian:StasisEngine","Guardian:PolyBeam"],"relics":["Sozu","downfall:ShatteredFragment","Mango","Pantograph"],"acts_visited":["Exordium"],"potions_floor_usage":[],"damage_taken":[{"damage":0,"enemies":"Small Slimes","floor":2,"turns":3},{"damage":9,"enemies":"2 Louse","floor":3,"turns":2},{"damage":11,"enemies":"downfall:FleeingMerchant","floor":8,"turns":4},{"damage":0,"enemies":"Cultist","floor":9,"turns":3},{"damage":7,"enemies":"2 Fungi Beasts","floor":11,"turns":3},{"damage":0,"enemies":"Lagavulin","floor":12,"turns":7},{"damage":10,"enemies":"Gremlin Gang","floor":14,"turns":4},{"damage":1,"enemies":"3 Louse","floor":15,"turns":2},{"damage":60,"enemies":"WA_ARCHETYPE_RETAIN","floor":16,"turns":7}],"seed_played":"6745895840244178138","potions_obtained":[],"is_trial":false,"path_per_floor":["R","M","M","?","?","R","T","$","M","?","M","E","R","M","M","B"],"character_chosen":"GUARDIAN","items_purchased":["Mango"],"campfire_rested":0,"item_purchase_floors":[8],"current_hp_per_floor":[80,80,71,47,47,47,47,50,50,50,43,43,43,33,32,0,0,0],"gold":116,"neow_bonus":"BOSS_RELIC","is_daily":false,"chose_seed":false,"campfire_upgraded":2,"win_rate":0.0,"timestamp":1613032902,"path_taken":["R","M","M","?","?","R","T","$","?","?","?","E","R","M","M","BOSS"],"items_purchased_type":["Relic"],"build_version":"2020-12-22","purchased_purges":1,"victory":false,"max_hp_per_floor":[80,80,80,80,80,80,80,94,94,94,94,94,94,94,94,94,94,94],"card_choices":[{"not_picked":["Guardian:Recover","Guardian:Incinerate"],"picked":"Guardian:Reroute","floor":2},{"not_picked":["Guardian:Gem_Red","Guardian:Incinerate"],"picked":"Guardian:WalkerClaw","floor":3},{"not_picked":["Guardian:AncientConstruct","Guardian:Gem_Red"],"picked":"Guardian:RevengeProtocol","floor":8},{"not_picked":["Guardian:Incinerate","Guardian:ChargeCore"],"picked":"Guardian:ShieldCharger","floor":9},{"not_picked":["Guardian:TemporalStrike","Guardian:Reroute"],"picked":"Guardian:Clone","floor":11},{"not_picked":["Guardian:GuardianWhirl","Guardian:BodySlam","Guardian:Planning"],"picked":"SKIP","floor":12},{"not_picked":["Guardian:Gem_Green","Guardian:ChargeCore"],"picked":"Guardian:StasisEngine","floor":14},{"not_picked":["Guardian:Recover","Guardian:Clone"],"picked":"Guardian:PolyBeam","floor":15}],"player_experience":217471,"relics_obtained":[{"floor":12,"key":"Pantograph"}],"event_choices":[{"cards_removed":["Guardian:Strike_Guardian"],"damage_healed":0,"gold_gain":0,"player_choice":"Offered Basic","damage_taken":0,"max_hp_gain":0,"max_hp_loss":0,"event_name":"Bonfire Elementals","floor":10,"gold_loss":0}],"is_beta":false,"boss_relics":[],"items_purged_floors":[8],"is_endless":false,"potions_floor_spawned":[3,11,14],"killed_by":"WA_ARCHETYPE_RETAIN","ascension_level":5}}