{"host":"p5axfb00mxhraew6","time":1613051510,"event":{"mods":["100% Spire Juice","Abigail Mod","Act Like it!","BaseMod","CapriCore","Friendly Minions","GifTheSpireLib","Jedi Mod","KomeijiMod","Lobotomy","MarisaÅiñ∂âJÅ@ñÇóùçπÅj","Minty Spire (QoL Compilation)","Prisma Mod","ReimuÅiîé??öÎÅj","RemiliaÅiÂQïƒ‰ª?Åj","SOSÅiézîb?îVéqÅj","StSLib","Td1madao Mod","The Alterego","The Immortal","The Problem Sleuth","Yakumo Yukari mod"],"gold_per_floor":[252,252,311,328,379,444,444,499,526,545,597,597,654,666,666,753,753,693,715,45,45,45,76,76,98,98,98,109,109,109,109,109,118,118,157,924,904,924,557,557,590,604,604,604,604,634,681,706,706,706,762,762,762,762,64,64,71],"floor_reached":58,"language":"ENG","playtime":3522,"items_purged":["Shoot","Weaponchange+1","Defend_Dante+1","Shoot+1"],"score":3332,"play_id":"258d903e-77cd-47cf-8786-dfd3571958cf","local_time":"20210211225150","is_ascension_mode":true,"campfire_choices":[{"data":"Swordmaster","floor":7.0,"key":"SMITH"},{"data":"Rebellion","floor":12.0,"key":"SMITH"},{"floor":15.0,"key":"REST"},{"data":"Weaponchange","floor":24.0,"key":"SMITH"},{"floor":27.0,"key":"REST"},{"data":"Apotheosis","floor":29.0,"key":"SMITH"},{"data":"Attack_b","floor":32.0,"key":"SMITH"},{"floor":40,"key":"RECALL"},{"data":"Millionstab","floor":49,"key":"SMITH"},{"floor":54,"key":"REST"}],"circlet_count":0,"master_deck":["Attack_a+1","Attack_a+1","Attack_b+1","Provocation+1","Defend_Dante+1","Defend_Dante+1","Defend_Dante+1","Redorb+1","LucifercomboC+1","Dash2+1","Dash2+1","Swordmaster+1","Trickster+1","Rebellion+1","Millionstab+1","Stinger+1","Millionstab+1","Airtrick+1","Dash1+1","Trickster+1","Apotheosis+1","Weaponchange+1","Airtrick+1","Royaldefend+1","Airtrick+1","Millionstab+1","Millionstab+1","Millionstab+1","Stinger","SSScard+1","Stinger","Royaldefend","Swordcombo"],"relics":["SSS","Combocheck","jedi:shrinkray","Bronze Scales","HoshigumaDish","Ancient Tea Set","Ectoplasm","Lizard Tail","Pantograph","KyoryuNoHagoromo","Question Card","Letter Opener","Shuriken","Tiny Chest","Philosopher\u0027s Stone","jedi:cryingmask","jedi:Pinwheel","Anchor","Oddly Smooth Stone","HornCleat","Happy Flower"],"acts_visited":["Exordium","TheCity","TheBeyond","TheEnding"],"potions_floor_usage":[36,41,42,42,42,46,57,57],"damage_taken":[{"damage":0.0,"enemies":"Cultist","floor":1.0,"turns":2.0},{"damage":0.0,"enemies":"2 Louse","floor":3.0,"turns":2.0},{"damage":3.0,"enemies":"Small Slimes","floor":4.0,"turns":2.0},{"damage":10.0,"enemies":"3 Louse","floor":5.0,"turns":4.0},{"damage":26.0,"enemies":"Lagavulin","floor":6.0,"turns":9.0},{"damage":0.0,"enemies":"Gremlin Nob","floor":8.0,"turns":2.0},{"damage":0.0,"enemies":"Lots of Slimes","floor":10.0,"turns":1.0},{"damage":0.0,"enemies":"Lagavulin","floor":11.0,"turns":4.0},{"damage":16.0,"enemies":"Gremlin Gang","floor":13.0,"turns":4.0},{"damage":0.0,"enemies":"Exordium Wildlife","floor":14.0,"turns":1.0},{"damage":11.0,"enemies":"Hexaghost","floor":16.0,"turns":5.0},{"damage":19.0,"enemies":"2 Thieves","floor":18.0,"turns":3.0},{"damage":0.0,"enemies":"Shell Parasite","floor":19.0,"turns":2.0},{"damage":11.0,"enemies":"Shelled Parasite and Fungi","floor":21.0,"turns":3.0},{"damage":0.0,"enemies":"Gremlin Leader","floor":23.0,"turns":3.0},{"damage":30.0,"enemies":"Slavers","floor":25.0,"turns":2.0},{"damage":0.0,"enemies":"Book of Stabbing","floor":28.0,"turns":2.0},{"damage":0.0,"enemies":"Centurion and Healer","floor":30.0,"turns":2.0},{"damage":0.0,"enemies":"Gremlin Leader","floor":31.0,"turns":2.0},{"damage":0.0,"enemies":"Collector","floor":33.0,"turns":1.0},{"damage":0,"enemies":"3 Shapes","floor":35,"turns":3},{"damage":0,"enemies":"3 Shapes","floor":36,"turns":5},{"damage":11,"enemies":"Orb Walker","floor":38,"turns":2},{"damage":0,"enemies":"Sphere and 2 Shapes","floor":41,"turns":2},{"damage":19,"enemies":"Transient","floor":42,"turns":4},{"damage":0,"enemies":"3 Darklings","floor":45,"turns":1},{"damage":0,"enemies":"Reptomancer","floor":46,"turns":2},{"damage":0,"enemies":"Spire Growth","floor":47,"turns":2},{"damage":0,"enemies":"Jaw Worm Horde","floor":48,"turns":2},{"damage":52,"enemies":"Time Eater","floor":50,"turns":7},{"damage":0,"enemies":"Donu and Deca","floor":51,"turns":2},{"damage":0,"enemies":"Shield and Spear","floor":56,"turns":1},{"damage":6,"enemies":"The Heart","floor":57,"turns":6}],"seed_played":"-5150737253205732605","potions_obtained":[{"floor":1.0,"key":"Explosive Potion"},{"floor":2.0,"key":"EssenceOfSteel"},{"floor":3.0,"key":"Fire Potion"},{"floor":6.0,"key":"FearPotion"},{"floor":8.0,"key":"Dexterity Potion"},{"floor":16.0,"key":"jedi:wingpotion"},{"floor":18.0,"key":"Dexterity Potion"},{"floor":23.0,"key":"Dexterity Potion"},{"floor":33,"key":"jedi:tentaclejuice"},{"floor":37,"key":"EntropicBrew"},{"floor":38,"key":"AttackPotion"},{"floor":41,"key":"FearPotion"},{"floor":45,"key":"jedi:tentaclejuice"},{"floor":56,"key":"DuplicationPotion"}],"is_trial":false,"path_per_floor":["M","?","M","M","M","E","R","E","T","M","E","R","M","M","R","B",null,"M","M","$","M","T","E","R","E","T","R","E","R","M","E","R","B",null,"M","?","?","M","$","R","M","M","T","T","M","E","M","M","R","B","B",null,null,"R","$","E","B",null],"character_chosen":"DANTE","items_purchased":["Weaponchange","Apotheosis","Lizard Tail","jedi:cryingmask","Oddly Smooth Stone","HornCleat","Royaldefend","Strength Potion"],"campfire_rested":3,"item_purchase_floors":[20,20,20,39,55,55,55,55],"current_hp_per_floor":[68,68,68,65,55,29,29,29,29,29,29,29,13,13,35,24,62,43,43,43,32,32,32,32,2,2,24,24,24,24,24,24,49,69,69,75,75,64,64,64,64,45,45,45,45,45,45,45,45,18,43,43,67,75,75,75,69],"gold":71,"neow_bonus":"HUNDRED_GOLD","is_daily":false,"chose_seed":false,"campfire_upgraded":6,"win_rate":0.0,"timestamp":1613051510,"path_taken":["M","?","M","M","M","E","R","E","T","M","E","R","M","M","R","BOSS","M","M","$","?","?","E","R","E","T","R","E","R","M","E","R","BOSS","BOSS","M","?","?","M","$","R","M","?","T","?","M","E","?","M","R","BOSS","BOSS","R","$","E","BOSS"],"items_purchased_type":["Card","Card","Relic","Relic","Relic","Relic","Card","Potion"],"build_version":"2020-12-22","purchased_purges":4,"victory":true,"max_hp_per_floor":[75,75,75,75,75,75,75,75,75,75,75,75,75,75,75,75,75,75,75,75,75,75,75,75,75,75,75,75,75,75,75,75,75,75,75,75,75,75,75,75,75,75,75,75,75,75,75,75,75,75,75,75,75,75,75,75,75],"card_choices":[{"not_picked":["Splesh","GilgameshcomboA"],"picked":"LucifercomboC","floor":1.0},{"not_picked":["Doubleshoot","Pandora","DevilstarS"],"picked":"SKIP","floor":3.0},{"not_picked":["GilgameshcomboA","Millionkick"],"picked":"Dash2","floor":4.0},{"not_picked":["LucifercomboC","Kick13"],"picked":"Dash2","floor":5.0},{"not_picked":["BeastUppercut","Kick13"],"picked":"Swordmaster","floor":6.0},{"not_picked":["LucifercomboD","Millionstab"],"picked":"Trickster","floor":8.0},{"not_picked":["LucifercomboD","Chargeshoot2"],"picked":"Rebellion","floor":10.0},{"not_picked":["Airhike","Gunslinger"],"picked":"Millionstab","floor":11.0},{"not_picked":["Dash1","Holywater"],"picked":"Stinger","floor":13.0},{"not_picked":["EbonyIvory","Dash2"],"picked":"Millionstab","floor":14.0},{"not_picked":["Blueorb","Stylechange"],"picked":"Airtrick","floor":16.0},{"not_picked":["Doubleshoot","Fullhouse"],"picked":"Dash1","floor":18.0},{"not_picked":["Unrisingdragon","Weaponupgrade"],"picked":"Trickster","floor":19.0},{"not_picked":["Unrisingdragon","Kick13","LucifercomboD"],"picked":"SKIP","floor":21.0},{"not_picked":["Dash1","Airhike"],"picked":"Weaponchange","floor":23.0},{"not_picked":["Whiteorb","Airhike"],"picked":"Airtrick","floor":25.0},{"not_picked":["Shock","EbonyIvory","LucifercomboC","Millionkick"],"picked":"SKIP","floor":28.0},{"not_picked":["Straight","Splesh","Greenorb","Weaponchange"],"picked":"SKIP","floor":30.0},{"not_picked":["Gunstinger","DT","Millionstab"],"picked":"Royaldefend","floor":31.0},{"not_picked":["Purpleorb","VitalstarL","Enemystep"],"picked":"Airtrick","floor":33},{"not_picked":["Straight+1","Gunslinger","LucifercomboB+1"],"picked":"Millionstab","floor":35},{"not_picked":["Whiteorb","Dash2","Holywater"],"picked":"Millionstab","floor":38},{"not_picked":["DT","Millionkick","SSScard+1"],"picked":"Millionstab+1","floor":41},{"not_picked":["LucifercomboC","Goldorb","LucifercomboB"],"picked":"Stinger","floor":42},{"not_picked":["Straight","Pandora","Weaponupgrade"],"picked":"SSScard+1","floor":45},{"not_picked":["Darkslayer","Weaponchange","Honeycombofire","Pandora"],"picked":"SKIP","floor":46},{"not_picked":["CoyoteA","BeastUppercut","Gunstinger"],"picked":"Stinger","floor":47},{"not_picked":["Rebellion","Kick13","LucifercomboB+1","GilgameshcomboA"],"picked":"SKIP","floor":48},{"not_picked":["Gunstinger","Dash2","EbonyIvory"],"picked":"Swordcombo","floor":56}],"player_experience":1293312,"relics_obtained":[{"floor":6.0,"key":"jedi:shrinkray"},{"floor":8.0,"key":"Bronze Scales"},{"floor":9.0,"key":"HoshigumaDish"},{"floor":11.0,"key":"Ancient Tea Set"},{"floor":22.0,"key":"Pantograph"},{"floor":23.0,"key":"KyoryuNoHagoromo"},{"floor":25.0,"key":"Question Card"},{"floor":26.0,"key":"Letter Opener"},{"floor":28.0,"key":"Shuriken"},{"floor":31.0,"key":"Tiny Chest"},{"floor":44,"key":"jedi:Pinwheel"},{"floor":46,"key":"Anchor"},{"floor":56,"key":"Happy Flower"}],"event_choices":[{"damage_healed":0.0,"max_hp_gain":0.0,"max_hp_loss":0.0,"gold_gain":0.0,"event_name":"Lab","player_choice":"Got Potions","floor":2.0,"gold_loss":0.0,"damage_taken":0.0},{"damage_healed":0,"gold_gain":0,"player_choice":"Bought 1 Potion","damage_taken":0,"max_hp_gain":0,"max_hp_loss":0,"event_name":"The Woman in Blue","floor":37,"gold_loss":0}],"is_beta":false,"boss_relics":[{"not_picked":["Tiny House","Astrolabe"],"picked":"Ectoplasm"},{"not_picked":["Calling Bell","jedi:paperlyon"],"picked":"Philosopher\u0027s Stone"}],"items_purged_floors":[20,39,39,55],"is_endless":false,"potions_floor_spawned":[1,3,6,8,16,18,23,28,33,38,41,45,56],"ascension_level":20}}