{"host":"yans4pr1zf0lm9bx","time":1613007983,"event":{"mods":["AchievementEnabler","BaseMod","Minty Spire (QoL Compilation)","Replay The Spire","StSLib","SuperFastMode","slay the spire mod where everything is the same but ironclad has a cowboy hat"],"gold_per_floor":[114,189,189,206,381,409,420,448,448,468,493,154,154,174,174,270,270,282,282,282,296,310,310,345,364,364,364,364,364,289,111,210,222,222,327,327,338,388,408,408,408,437,437,437,437],"floor_reached":44,"language":"ENG","playtime":2995,"items_purged":["Doubt","Strike_B"],"score":659,"play_id":"52bb051c-9df8-4e68-b144-5b9202c12ac1","local_time":"20210210204623","is_ascension_mode":true,"campfire_choices":[{"floor":13,"key":"REST"},{"floor":15,"key":"REST"},{"data":"Coolheaded","floor":23,"key":"SMITH"},{"floor":29,"key":"REST"},{"floor":34,"key":"REST"},{"floor":43,"key":"RECALL"}],"circlet_count":0,"master_deck":["Zap","Dualcast","Redo","Coolheaded+1","Skim","Streamline","Fission","Steam Power","Consume","FIFO Queue","Gash+1","Gash+1","Steam Power","Mirror Shield","Leap+1","Defragment","Mirror Shield","Scrape","Force Field","Defragment","Gash","Rainbow","Aggregate","Skim","Echo Form","ReplayGash","Glacier","ReplaySolidLightProjector+1","Darkness+1","Compile Driver+1"],"relics":["Cracked Core","NeowsBlessing","Pet Ghost","Shuriken","Art of War","PreservedInsect","DollysMirror","Nuclear Battery","DataDisk","Pandora\u0027s Box","Replay:Kaleidoscope","Snack Pack","Bag of Marbles"],"acts_visited":["Exordium","TheCity","TheBeyond"],"potions_floor_usage":[11,11,11,24,37,44],"damage_taken":[{"damage":0,"enemies":"2 Louse","floor":1,"turns":1},{"damage":0,"enemies":"Small Slimes","floor":4,"turns":1},{"damage":0,"enemies":"Gremlin Nob","floor":6,"turns":1},{"damage":8,"enemies":"Jaw Worm","floor":7,"turns":6},{"damage":44,"enemies":"Lagavulin","floor":8,"turns":8},{"damage":3,"enemies":"Exordium Wildlife","floor":10,"turns":3},{"damage":11,"enemies":"Gremlin Nob","floor":11,"turns":3},{"damage":0,"enemies":"2 Fungi Beasts","floor":14,"turns":3},{"damage":43,"enemies":"Slime Boss","floor":16,"turns":8},{"damage":39,"enemies":"3 Byrds","floor":18,"turns":6},{"damage":0,"enemies":"Spheric Guardian","floor":21,"turns":5},{"damage":0,"enemies":"Snecko","floor":22,"turns":6},{"damage":30,"enemies":"Slavers","floor":24,"turns":5},{"damage":6,"enemies":"Shelled Parasite and Fungi","floor":25,"turns":4},{"damage":20,"enemies":"Cultist and Chosen","floor":33,"turns":9},{"damage":0,"enemies":"Champ","floor":35,"turns":11},{"damage":10,"enemies":"Orb Walker","floor":37,"turns":4},{"damage":10,"enemies":"Mind Bloom Boss Battle","floor":38,"turns":5},{"damage":21,"enemies":"3 Shapes","floor":39,"turns":6},{"damage":33,"enemies":"Giant Head","floor":42,"turns":7},{"damage":55,"enemies":"Reptomancer","floor":44,"turns":3}],"seed_played":"5383090666837463220","potions_obtained":[{"floor":4,"key":"FearPotion"},{"floor":7,"key":"EssenceOfSteel"},{"floor":10,"key":"Toxic Potion"},{"floor":18,"key":"PowerPotion"},{"floor":25,"key":"Strength Potion"},{"floor":35,"key":"Flashbang"},{"floor":37,"key":"Cursed Concoction"},{"floor":42,"key":"Fire Potion"}],"is_trial":false,"path_per_floor":["M","?","?","M","?","E","M","E","T","M","E","$","R","M","R","B",null,"M","?","?","M","M","R","E","M","T","PTL","PTL","R","?","$","?","M","R","B",null,"M","?","M","T","?","E","R","E"],"character_chosen":"DEFECT","items_purchased":["FIFO Queue","Gash+1","DollysMirror","Defragment"],"campfire_rested":4,"item_purchase_floors":[12,12,12,31],"current_hp_per_floor":[75,64,69,69,69,69,61,17,17,14,3,3,27,27,51,8,80,41,41,41,41,41,41,11,5,5,5,5,29,29,29,29,9,33,33,80,70,60,39,39,70,41,41,0,0],"gold":437,"neow_bonus":"THREE_ENEMY_KILL","is_daily":false,"chose_seed":false,"campfire_upgraded":1,"win_rate":0.0,"timestamp":1613007983,"path_taken":["M","?","?","M","?","E","M","E","T","M","E","$","R","M","R","BOSS","M","?","?","M","?","R","E","M","T","PTL","PTL","R","?","$","?","M","R","BOSS","M","?","M","?","?","E","R","E"],"items_purchased_type":["Card","Card","Relic","Card"],"build_version":"2020-12-22","purchased_purges":2,"victory":false,"max_hp_per_floor":[75,75,80,80,80,80,80,80,80,80,80,80,80,80,80,80,80,80,80,80,80,80,80,80,80,80,80,80,80,80,80,80,80,80,80,80,80,80,80,80,70,70,70,70,70],"card_choices":[{"not_picked":["Hologram","Barrage"],"picked":"Redo","floor":1},{"not_picked":["BasicCrystalCard","Steam"],"picked":"Coolheaded","floor":4},{"not_picked":["Stack","Compile Driver"],"picked":"Skim","floor":6},{"not_picked":["Heatsinks","Sweeping Beam"],"picked":"Streamline","floor":7},{"not_picked":["Go for the Eyes","Ball Lightning"],"picked":"Fission","floor":8},{"not_picked":["Beam Cell","BasicCrystalCard"],"picked":"Steam Power","floor":10},{"not_picked":["Steam","Gash"],"picked":"Consume","floor":11},{"not_picked":["Gash","Streamline"],"picked":"Steam Power","floor":14},{"not_picked":["Meteor Strike","ReplayTheSpireMod:Omega Cannon"],"picked":"Mirror Shield","floor":16},{"not_picked":["Steam","Barrage"],"picked":"Leap+1","floor":18},{"not_picked":["Doom and Gloom","Compile Driver"],"picked":"Scrape","floor":21},{"not_picked":["Beam Cell","Rebound","White Noise"],"picked":"SKIP","floor":22},{"not_picked":["Echo Form","Melter","Reprogram"],"picked":"SKIP","floor":24},{"not_picked":["BasicCrystalCard","Compile Driver"],"picked":"Force Field","floor":25},{"not_picked":["Stack","ReplayTheSpireMod:System Scan"],"picked":"Gash","floor":33},{"not_picked":["Machine Learning","All For One"],"picked":"Rainbow","floor":35},{"not_picked":["Skim","Beam Cell"],"picked":"Glacier","floor":37},{"not_picked":["Reprogram+1","Doom and Gloom"],"picked":"ReplaySolidLightProjector+1","floor":38},{"not_picked":["Sweeping Beam+1","Cold Snap"],"picked":"Darkness+1","floor":39},{"not_picked":["Streamline+1","Stack+1"],"picked":"Compile Driver+1","floor":42}],"player_experience":269098,"relics_obtained":[{"floor":6,"key":"Pet Ghost"},{"floor":8,"key":"Shuriken"},{"floor":9,"key":"Art of War"},{"floor":11,"key":"PreservedInsect"},{"floor":24,"key":"DataDisk"},{"floor":38,"key":"Replay:Kaleidoscope"},{"floor":40,"key":"Snack Pack"},{"floor":42,"key":"Bag of Marbles"}],"event_choices":[{"damage_healed":0,"gold_gain":75,"player_choice":"Gather Gold","damage_taken":11,"max_hp_gain":0,"max_hp_loss":0,"event_name":"World of Goop","floor":2,"gold_loss":0},{"damage_healed":0,"gold_gain":0,"player_choice":"Donut","damage_taken":0,"max_hp_gain":5,"max_hp_loss":0,"event_name":"Big Fish","floor":3,"gold_loss":0},{"damage_healed":0,"gold_gain":175,"player_choice":"AGREE","damage_taken":0,"max_hp_gain":0,"max_hp_loss":0,"event_name":"Liars Game","floor":5,"gold_loss":0,"cards_obtained":["Doubt"]},{"damage_healed":0,"gold_gain":0,"cards_transformed":["Strike_B","Strike_B"],"player_choice":"Became Test Subject","damage_taken":0,"max_hp_gain":0,"max_hp_loss":0,"event_name":"Drug Dealer","floor":19,"gold_loss":0,"cards_obtained":["Defragment","Mirror Shield"]},{"damage_healed":0,"gold_gain":0,"player_choice":"Ignored","damage_taken":0,"max_hp_gain":0,"max_hp_loss":0,"event_name":"Vampires","floor":20,"gold_loss":0},{"cards_removed":["Strike_B"],"damage_healed":0,"gold_gain":0,"player_choice":"Gave Gold","damage_taken":0,"max_hp_gain":0,"max_hp_loss":0,"event_name":"Beggar","floor":30,"gold_loss":75},{"damage_healed":0,"gold_gain":99,"player_choice":"Stole From Cult","damage_taken":0,"max_hp_gain":0,"max_hp_loss":0,"event_name":"Nest","floor":32,"gold_loss":0},{"damage_healed":0,"gold_gain":0,"player_choice":"Fight","damage_taken":0,"max_hp_gain":0,"max_hp_loss":0,"event_name":"MindBloom","floor":38,"gold_loss":0},{"damage_healed":70,"gold_gain":0,"player_choice":"Heal","damage_taken":0,"max_hp_gain":0,"max_hp_loss":10,"event_name":"The Moai Head","floor":41,"gold_loss":0}],"is_beta":false,"boss_relics":[{"not_picked":["Fusion Hammer","Replay:Bronze Core"],"picked":"Nuclear Battery"},{"not_picked":["SacredBark","Runic Pyramid"],"picked":"Pandora\u0027s Box"}],"items_purged_floors":[12,31],"is_endless":false,"potions_floor_spawned":[4,7,10,18,25,35,37,42],"killed_by":"Reptomancer","ascension_level":4}}