{"host":"5m2js577gj4e7pak","time":1613053771,"event":{"mods":["AchievementEnabler","BaseMod","Better Match","BetterRewards","Colored Map","Colored Powertips","Googly Eyes","Highlight Path","Lobotomy","LobotomyExtend","Minty Spire (QoL Compilation)","Quick Restart","Relic Filter","StSLib"],"gold_per_floor":[119,135,85,85,85,111,111,144,169,185,185,185,203,28,63,63,222,248,78,90,17,27,47,47,144,144,160,160,32,32,45,70,70,70],"floor_reached":24,"language":"ENG","playtime":1240,"items_purged":["Variant","QueenBee"],"score":303,"play_id":"584fea91-1936-45fe-88c6-19c6a7dba8ab","local_time":"20210211152931","is_ascension_mode":true,"campfire_choices":[{"data":"1","floor":15,"key":"LIFT"}],"circlet_count":0,"master_deck":["SpecialBullet","SpecialBullet","SpecialBullet","SpecialBullet","SpecialBullet","SpecialBullet","SpecialBullet","SpecialBullet","ControlCode","SecurityCode","Noise+1","SingingMachine","ShedSkin+1","WristCuter","WristCuter","Wellcheers","Horn","Wingbeat","Noise","RedEyes","RedEyes","Soda","Logging","GreenStem","TrainingCode","RedEyes","Adoration","Writhe","Wingbeat","ShyLook","Horn"],"relics":["CogitoBucket","HornCleat","Ancient Tea Set","PreservedInsect","LetterFromLob","RedMistMask","BackwardClock","Ginger","Girya","Lizard Tail","Blood Vial","Membership Card","SkinProphecy","Fusion Hammer","Shuriken","Strawberry","Happy Flower"],"acts_visited":["Exordium","TheCity"],"potions_floor_usage":[8,8,14,14,23,24,24],"damage_taken":[{"damage":7,"enemies":"2 Louse","floor":1,"turns":2},{"damage":0,"enemies":"Small Slimes","floor":2,"turns":2},{"damage":40,"enemies":"Lagavulin","floor":6,"turns":4},{"damage":4,"enemies":"3 Sentries","floor":8,"turns":6},{"damage":5,"enemies":"Jaw Worm","floor":10,"turns":9},{"damage":0,"enemies":"Small Slimes","floor":1,"turns":2},{"damage":13,"enemies":"2 Louse","floor":4,"turns":3},{"damage":5,"enemies":"2 Louse","floor":5,"turns":7},{"damage":4,"enemies":"Lagavulin","floor":6,"turns":3},{"damage":3,"enemies":"Jaw Worm","floor":8,"turns":2},{"damage":10,"enemies":"Looter","floor":11,"turns":2},{"damage":8,"enemies":"Large Slime","floor":13,"turns":4},{"damage":23,"enemies":"Exordium Wildlife","floor":14,"turns":15},{"damage":57,"enemies":"The Guardian","floor":16,"turns":9},{"damage":27,"enemies":"3 Byrds","floor":18,"turns":5},{"damage":3,"enemies":"Chosen","floor":22,"turns":3},{"damage":119,"enemies":"Slavers","floor":23,"turns":6},{"damage":17,"enemies":"Snake Plant","floor":24,"turns":1}],"seed_played":"-6655240342234960260","potions_obtained":[{"floor":2,"key":"Block Potion"},{"floor":6,"key":"Explosive Potion"},{"floor":1,"key":"Swift Potion"},{"floor":11,"key":"ColorlessPotion"},{"floor":14,"key":"Ancient Potion"},{"floor":18,"key":"SkillPotion"},{"floor":23,"key":"Swift Potion"}],"is_trial":false,"path_per_floor":["M","M","?","?","?","E","R","E","T","M","M","$","?","M","?","E","?","M","T","$","M","$","M","M","R","B",null,"M","?","$","?","M","E","M"],"character_chosen":"Angela","items_purchased":["Girya","Membership Card","RedEyes","Logging","Strawberry"],"campfire_rested":0,"item_purchase_floors":[5,10,10,12,20],"current_hp_per_floor":[70,70,70,70,56,24,24,35,35,70,70,70,70,56,70,70,70,70,70,70,70,70,70,70,42,72,64,64,71,71,83,12,0,0],"gold":70,"neow_bonus":"","is_daily":false,"chose_seed":false,"campfire_upgraded":0,"win_rate":0.0,"timestamp":1613053771,"path_taken":["M","M","?","?","?","E","R","E","T","M","M","$","?","M","?","E","?","M","T","?","M","$","M","M","R","BOSS","M","?","$","?","M","E","M"],"items_purchased_type":["Relic","Relic","Card","Card","Relic"],"build_version":"2020-12-22","purchased_purges":2,"victory":false,"max_hp_per_floor":[70,70,70,70,70,70,70,70,70,70,70,70,70,70,70,70,70,70,70,70,70,70,70,70,72,72,74,74,81,81,83,85,89,89],"card_choices":[{"not_picked":["MagicBullet"],"picked":"Noise","floor":1},{"not_picked":["UniverseFragment","Scorched"],"picked":"SingingMachine","floor":2},{"not_picked":["Loneliness","CherryBlossom"],"picked":"SKIP","floor":2},{"not_picked":["Horn"],"picked":"ShedSkin","floor":6},{"not_picked":["DaCapo"],"picked":"WristCuter","floor":8},{"not_picked":["SwordSharpenedByTears"],"picked":"WristCuter","floor":1},{"not_picked":["MHz","WallGazer"],"picked":"Wellcheers","floor":4},{"not_picked":["SolemnVow"],"picked":"Horn","floor":4},{"not_picked":["Wingbeat"],"picked":"Noise","floor":6},{"not_picked":["SomewhereSpear"],"picked":"RedEyes","floor":8},{"not_picked":["BeautyBeast","FairyFestival"],"picked":"Variant","floor":11},{"not_picked":["CherryBlossom"],"picked":"Soda","floor":11},{"not_picked":["Pleasure"],"picked":"GreenStem","floor":13},{"not_picked":["WallGazer","LaLuna"],"picked":"QueenBee","floor":14},{"not_picked":["Discord"],"picked":"RedEyes","floor":14},{"not_picked":["TheSmile"],"picked":"Adoration","floor":16},{"not_picked":["FeatherOfHonor","RapturousDream"],"picked":"SKIP","floor":18},{"not_picked":["Harmony+1"],"picked":"Wingbeat","floor":22},{"not_picked":["Rudolta","LongBird"],"picked":"ShyLook","floor":23},{"not_picked":["Regret_ego"],"picked":"Horn","floor":23}],"player_experience":63038,"relics_obtained":[{"floor":1,"key":"LetterFromLob"},{"floor":6,"key":"HornCleat"},{"floor":8,"key":"Ancient Tea Set"},{"floor":9,"key":"PreservedInsect"},{"floor":1,"key":"LetterFromLob"},{"floor":1,"key":"RedMistMask"},{"floor":6,"key":"Lizard Tail"},{"floor":9,"key":"Blood Vial"},{"floor":23,"key":"Happy Flower"}],"event_choices":[{"cards_removed":["InformationCode"],"damage_healed":0,"gold_gain":0,"player_choice":"Card Removal","damage_taken":0,"max_hp_gain":0,"max_hp_loss":0,"event_name":"The Cleric","floor":3,"gold_loss":50},{"damage_healed":0,"gold_gain":0,"player_choice":"Ignored","damage_taken":0,"max_hp_gain":0,"max_hp_loss":0,"event_name":"Golden Wing","floor":4,"gold_loss":0},{"damage_healed":0,"gold_gain":0,"player_choice":"Entered Light","damage_taken":14,"max_hp_gain":0,"max_hp_loss":0,"event_name":"Shining Light","floor":5,"gold_loss":0,"cards_upgraded":["Noise"]},{"damage_healed":0,"gold_gain":0,"player_choice":"Leave","damage_taken":0,"max_hp_gain":0,"max_hp_loss":0,"event_name":"The Cleric","floor":3,"gold_loss":0},{"damage_healed":0,"gold_gain":0,"player_choice":"Grow","damage_taken":0,"max_hp_gain":0,"max_hp_loss":0,"event_name":"Living Wall","floor":7,"gold_loss":0,"cards_upgraded":["ShedSkin"]},{"damage_healed":0,"gold_gain":0,"player_choice":"Opened","damage_taken":0,"relics_obtained":["Shuriken"],"max_hp_gain":0,"max_hp_loss":0,"event_name":"The Mausoleum","floor":19,"gold_loss":0,"cards_obtained":["Writhe"]},{"damage_healed":0,"gold_gain":0,"player_choice":"Ignored","damage_taken":0,"max_hp_gain":0,"max_hp_loss":0,"event_name":"Vampires","floor":21,"gold_loss":0}],"is_beta":false,"boss_relics":[{"not_picked":["Busted Crown","Astrolabe"],"picked":"Fusion Hammer"}],"items_purged_floors":[12,20],"is_endless":false,"potions_floor_spawned":[2,6,1,11,14,18,23],"killed_by":"Snake Plant","ascension_level":1}}