{"host":"hlz9nytggqnehs39","time":1613067599,"event":{"mods":["BaseMod","Highlight Path","Minty Spire (QoL Compilation)","Relic Stats"],"gold_per_floor":[114,126,139,139,139,164,193,193,193,222,222,253,253,26,26,121,121,133,408,424,30,57,88,122,153,153,153,78,8,40,71,71,168,168,183,58,108,108,330,364,382,412,439,473,473,502,527,234,234,234,234,234,15,44,44],"floor_reached":56,"language":"ENG","playtime":1774,"items_purged":["Strike_R","Regret","Strike_R","Strike_R"],"score":1694,"play_id":"1113622e-9937-4281-b379-bd6b1eb04e2b","local_time":"20210211191959","daily_mods":["Red Cards","Heirloom","Time Dilation","Flight"],"is_ascension_mode":true,"campfire_choices":[{"floor":8,"key":"REST"},{"floor":11,"key":"REST"},{"data":"Whirlwind","floor":13,"key":"SMITH"},{"data":"Spot Weakness","floor":15,"key":"SMITH"},{"data":"Offering","floor":27,"key":"SMITH"},{"data":"True Grit","floor":32,"key":"SMITH"},{"floor":45,"key":"RECALL"},{"data":"Disarm","floor":49,"key":"SMITH"},{"data":"Exhume","floor":52,"key":"SMITH"}],"circlet_count":0,"master_deck":["Strike_R","Defend_R","Defend_R","Defend_R","Defend_R","Bash","Carnage","Spot Weakness+1","Disarm+1","True Grit+1","Whirlwind+1","Immolate+1","Offering+1","Headbutt+1","Armaments+1","Feed+1","Uppercut+1","Exhume+1","Whirlwind+1","Immolate+1","Reaper+1","Burning Pact+1","Shockwave+1","Burning Pact+1","Master of Strategy","Burning Pact+1"],"relics":["Burning Blood","Turnip","Mercury Hourglass","Lizard Tail","Gremlin Horn","Molten Egg 2","Meat on the Bone","ClockworkSouvenir","Philosopher\u0027s Stone","Chemical X","Red Mask","StrikeDummy","Paper Frog","Vajra","Letter Opener","Pen Nib","White Beast Statue","Coffee Dripper","Ginger","Omamori","Nunchaku","Orichalcum","Mummified Hand","Regal Pillow","Boot","PreservedInsect","Pantograph"],"acts_visited":["Exordium","TheCity","TheBeyond","TheEnding"],"potions_floor_usage":[23,24,31,37,50,55],"damage_taken":[{"damage":5,"enemies":"Small Slimes","floor":1,"turns":4},{"damage":5,"enemies":"2 Louse","floor":2,"turns":3},{"damage":6,"enemies":"Jaw Worm","floor":3,"turns":2},{"damage":28,"enemies":"Gremlin Nob","floor":6,"turns":4},{"damage":38,"enemies":"Lagavulin","floor":7,"turns":7},{"damage":27,"enemies":"Gremlin Nob","floor":10,"turns":4},{"damage":6,"enemies":"3 Sentries","floor":12,"turns":3},{"damage":30,"enemies":"Hexaghost","floor":16,"turns":9},{"damage":21,"enemies":"Shell Parasite","floor":18,"turns":3},{"damage":6,"enemies":"Chosen","floor":20,"turns":1},{"damage":0,"enemies":"Masked Bandits","floor":22,"turns":1},{"damage":16,"enemies":"Book of Stabbing","floor":23,"turns":3},{"damage":21,"enemies":"Gremlin Leader","floor":24,"turns":3},{"damage":11,"enemies":"Slavers","floor":25,"turns":3},{"damage":8,"enemies":"Gremlin Leader","floor":30,"turns":5},{"damage":14,"enemies":"Slavers","floor":31,"turns":3},{"damage":12,"enemies":"Champ","floor":33,"turns":5},{"damage":6,"enemies":"3 Shapes","floor":35,"turns":1},{"damage":39,"enemies":"Mind Bloom Boss Battle","floor":37,"turns":4},{"damage":21,"enemies":"Nemesis","floor":40,"turns":3},{"damage":12,"enemies":"Orb Walker","floor":41,"turns":2},{"damage":22,"enemies":"Giant Head","floor":42,"turns":6},{"damage":14,"enemies":"Reptomancer","floor":44,"turns":3},{"damage":6,"enemies":"Nemesis","floor":46,"turns":1},{"damage":6,"enemies":"Reptomancer","floor":47,"turns":2},{"damage":59,"enemies":"Awakened One","floor":50,"turns":6},{"damage":14,"enemies":"Shield and Spear","floor":54,"turns":3},{"damage":104,"enemies":"The Heart","floor":55,"turns":8}],"seed_played":"4144873494248949635","potions_obtained":[{"floor":7,"key":"LiquidMemories"},{"floor":10,"key":"Ancient Potion"},{"floor":12,"key":"LiquidMemories"},{"floor":18,"key":"SkillPotion"},{"floor":23,"key":"Explosive Potion"},{"floor":33,"key":"AttackPotion"},{"floor":35,"key":"BloodPotion"},{"floor":37,"key":"Explosive Potion"},{"floor":40,"key":"PowerPotion"}],"is_trial":true,"path_per_floor":["M","M","M","?","?","E","E","R","T","E","R","E","R","$","R","B",null,"M","?","M","$","?","E","E","E","T","R","?","$","E","E","R","B",null,"M","$","?","?","?","E","M","E","T","E","R","E","E","$","R","B",null,"R","$","E","B",null],"character_chosen":"IRONCLAD","items_purchased":["ClockworkSouvenir","Feed+1","Chemical X","Whirlwind+1","PreservedInsect","Master of Strategy","Swift Potion"],"campfire_rested":2,"item_purchase_floors":[14,21,21,29,48,53,53],"current_hp_per_floor":[80,80,80,77,82,60,28,53,53,32,57,57,57,57,57,45,85,70,70,70,70,80,74,63,62,62,62,62,62,64,68,68,66,109,113,113,84,84,84,114,108,108,108,104,104,104,108,108,108,67,129,129,129,125,84],"gold":44,"neow_bonus":"","is_daily":false,"chose_seed":false,"campfire_upgraded":6,"win_rate":0.0,"timestamp":1613067599,"path_taken":["M","M","M","?","?","E","E","R","T","E","R","E","R","$","R","BOSS","M","?","?","$","?","E","E","E","T","R","?","$","E","E","R","BOSS","M","$","?","?","?","E","M","E","T","E","R","E","E","$","R","BOSS","R","$","E","BOSS"],"items_purchased_type":["Relic","Card","Relic","Card","Relic","Card","Potion"],"build_version":"2020-12-22","purchased_purges":4,"victory":true,"max_hp_per_floor":[80,80,80,80,85,85,85,85,85,85,85,85,85,85,85,85,85,85,85,85,85,89,93,97,101,101,101,101,101,105,105,105,109,109,113,113,117,117,117,117,117,121,121,125,125,125,129,129,129,129,129,129,129,133,137],"relic_stats":{"Regal Pillow":0,"Gremlin Horn":[24,24],"counters":[28,101],"Pen Nib":[7],"PreservedInsect":68,"Letter Opener":[150],"Ginger":[5],"Orichalcum":[42],"Boot":[0],"Burning Blood":166,"Mercury Hourglass":[351],"Lizard Tail":0,"Nunchaku":[3],"Mummified Hand":[2],"Pantograph":8,"Turnip":[4],"Chemical X":[25],"obtain_stats":[{"Regal Pillow":46,"Gremlin Horn":7,"Vajra":25,"Ginger":37,"Boot":47,"Burning Blood":0,"ClockworkSouvenir":14,"Lizard Tail":6,"Nunchaku":42,"Mummified Hand":44,"Pantograph":54,"Philosopher\u0027s Stone":17,"Red Mask":22,"Chemical X":21,"Paper Frog":24,"Pen Nib":30,"PreservedInsect":48,"Omamori":40,"Letter Opener":26,"Orichalcum":43,"White Beast Statue":31,"Mercury Hourglass":4,"Molten Egg 2":10,"Turnip":0,"Coffee Dripper":34,"StrikeDummy":23,"Meat on the Bone":12},{"Regal Pillow":24,"Gremlin Horn":5,"Vajra":14,"Ginger":19,"Boot":25,"Burning Blood":0,"ClockworkSouvenir":7,"Lizard Tail":4,"Nunchaku":22,"Mummified Hand":23,"Pantograph":27,"Philosopher\u0027s Stone":8,"Red Mask":11,"Chemical X":10,"Paper Frog":13,"Pen Nib":15,"PreservedInsect":25,"Omamori":20,"Letter Opener":14,"Orichalcum":22,"White Beast Statue":16,"Mercury Hourglass":3,"Molten Egg 2":6,"Turnip":0,"Coffee Dripper":17,"StrikeDummy":12,"Meat on the Bone":7},{"Regal Pillow":82,"Gremlin Horn":20,"Vajra":50,"Ginger":68,"Boot":84,"Burning Blood":0,"ClockworkSouvenir":27,"Lizard Tail":13,"Nunchaku":78,"Mummified Hand":81,"Pantograph":93,"Philosopher\u0027s Stone":36,"Red Mask":41,"Chemical X":40,"Paper Frog":47,"Pen Nib":55,"PreservedInsect":84,"Omamori":71,"Letter Opener":50,"Orichalcum":78,"White Beast Statue":58,"Mercury Hourglass":9,"Molten Egg 2":24,"Turnip":0,"Coffee Dripper":63,"StrikeDummy":44,"Meat on the Bone":27}],"Meat on the Bone":36},"card_choices":[{"not_picked":["Armaments","Wild Strike"],"picked":"Carnage","floor":1},{"not_picked":["Perfected Strike","Havoc"],"picked":"Spot Weakness","floor":2},{"not_picked":["Second Wind","Headbutt"],"picked":"Disarm","floor":3},{"not_picked":["Sentinel","Carnage"],"picked":"True Grit","floor":6},{"not_picked":["Perfected Strike","Twin Strike"],"picked":"Whirlwind","floor":7},{"not_picked":["Flex","Spot Weakness"],"picked":"Immolate+1","floor":10},{"not_picked":["Warcry","Body Slam+1"],"picked":"Inflame","floor":12},{"not_picked":["Brutality","Berserk"],"picked":"Offering","floor":16},{"not_picked":["Power Through","Whirlwind+1"],"picked":"Headbutt+1","floor":18},{"not_picked":["Clothesline+1","Thunderclap+1"],"picked":"Armaments+1","floor":20},{"not_picked":["Anger+1","Body Slam+1","Rampage+1"],"picked":"SKIP","floor":23},{"not_picked":["Anger+1","Body Slam+1","Rampage+1"],"picked":"SKIP","floor":23},{"not_picked":["Clothesline+1","Corruption"],"picked":"Uppercut+1","floor":24},{"not_picked":["Shrug It Off","Clothesline+1"],"picked":"Exhume","floor":25},{"not_picked":["Dark Embrace","Combust+1"],"picked":"Immolate+1","floor":30},{"not_picked":["Carnage+1","True Grit","Fire Breathing+1"],"picked":"SKIP","floor":31},{"not_picked":["Corruption","Immolate+1"],"picked":"Reaper+1","floor":33},{"not_picked":["Infernal Blade+1","Clothesline+1","Body Slam+1"],"picked":"SKIP","floor":35},{"not_picked":["Havoc","Pommel Strike+1"],"picked":"Burning Pact+1","floor":37},{"not_picked":["Havoc+1","Dark Embrace"],"picked":"Shockwave+1","floor":40},{"not_picked":["Cleave+1","Sword Boomerang+1","Rage+1"],"picked":"SKIP","floor":41},{"not_picked":["Warcry+1","Thunderclap+1"],"picked":"Burning Pact+1","floor":42},{"not_picked":["Entrench","Pommel Strike+1","Sever Soul+1"],"picked":"SKIP","floor":44},{"not_picked":["Juggernaut","Sword Boomerang+1","True Grit"],"picked":"SKIP","floor":46},{"not_picked":["Shockwave+1","Body Slam+1","Sword Boomerang+1"],"picked":"SKIP","floor":47},{"not_picked":["Hemokinesis+1","Thunderclap+1"],"picked":"Burning Pact+1","floor":54}],"player_experience":436363,"relics_obtained":[{"floor":6,"key":"Lizard Tail"},{"floor":7,"key":"Gremlin Horn"},{"floor":10,"key":"Molten Egg 2"},{"floor":12,"key":"Meat on the Bone"},{"floor":22,"key":"Red Mask"},{"floor":23,"key":"StrikeDummy"},{"floor":24,"key":"Paper Frog"},{"floor":25,"key":"Vajra"},{"floor":26,"key":"Letter Opener"},{"floor":30,"key":"Pen Nib"},{"floor":31,"key":"White Beast Statue"},{"floor":37,"key":"Ginger"},{"floor":40,"key":"Omamori"},{"floor":42,"key":"Nunchaku"},{"floor":43,"key":"Orichalcum"},{"floor":44,"key":"Mummified Hand"},{"floor":46,"key":"Regal Pillow"},{"floor":47,"key":"Boot"},{"floor":54,"key":"Pantograph"}],"event_choices":[{"damage_healed":0,"gold_gain":0,"player_choice":"Success","damage_taken":3,"relics_obtained":["Mercury Hourglass"],"max_hp_gain":0,"max_hp_loss":0,"event_name":"Scrap Ooze","floor":4,"gold_loss":0},{"damage_healed":0,"gold_gain":0,"player_choice":"Donut","damage_taken":0,"max_hp_gain":5,"max_hp_loss":0,"event_name":"Big Fish","floor":5,"gold_loss":0},{"damage_healed":0,"gold_gain":275,"player_choice":"Desecrate","damage_taken":0,"max_hp_gain":0,"max_hp_loss":0,"event_name":"Golden Shrine","floor":19,"gold_loss":0,"cards_obtained":["Regret"]},{"damage_healed":0,"gold_gain":0,"player_choice":"Fought Bandits","damage_taken":0,"max_hp_gain":0,"max_hp_loss":0,"event_name":"Masked Bandits","floor":22,"gold_loss":0},{"cards_removed":["Strike_R"],"damage_healed":0,"gold_gain":0,"player_choice":"Gave Gold","damage_taken":0,"max_hp_gain":0,"max_hp_loss":0,"event_name":"Beggar","floor":28,"gold_loss":75},{"damage_healed":0,"gold_gain":0,"player_choice":"Fight","damage_taken":0,"max_hp_gain":0,"max_hp_loss":0,"event_name":"MindBloom","floor":37,"gold_loss":0},{"cards_removed":["Inflame"],"damage_healed":0,"gold_gain":0,"player_choice":"Removed Power","damage_taken":0,"max_hp_gain":0,"max_hp_loss":0,"event_name":"Falling","floor":38,"gold_loss":0},{"damage_healed":0,"gold_gain":222,"player_choice":"Wore Mask","damage_taken":0,"max_hp_gain":0,"max_hp_loss":0,"event_name":"Tomb of Lord Red Mask","floor":39,"gold_loss":0}],"is_beta":false,"boss_relics":[{"not_picked":["Snecko Eye","SacredBark"],"picked":"Philosopher\u0027s Stone"},{"not_picked":["SlaversCollar","Black Blood"],"picked":"Coffee Dripper"}],"items_purged_floors":[14,21,36,48],"is_endless":false,"potions_floor_spawned":[7,10,12,18,23,33,35,37,40,41,42,44,46,47,54],"ascension_level":1}}