{"host":"q6ff4ns2kep02ti6","time":1613072889,"event":{"mods":["AchievementEnabler","BaseMod","Minty Spire (QoL Compilation)","Relic Stats","StSLib","Unceasing Turn Reminder"],"gold_per_floor":[114,264,26,26,51,86,86,107,107,107,141,161,174,198,198,292,292,306,319,342,381,306,306,341,341,341,376,58,77,102,141,141,141,141],"floor_reached":33,"language":"ENG","playtime":2078,"items_purged":["Doubt"],"score":834,"play_id":"c69d5f0e-4b41-49b2-ba8f-378a4d0443b1","local_time":"20210211204809","is_ascension_mode":true,"campfire_choices":[{"data":"Armaments","floor":7,"key":"SMITH"},{"data":"Bash","floor":15,"key":"SMITH"},{"data":"Offering","floor":23,"key":"SMITH"},{"data":"Bloodletting","floor":25,"key":"SMITH"},{"data":"Shockwave","floor":32,"key":"SMITH"}],"circlet_count":0,"master_deck":["AscendersBane","Strike_R","Strike_R","Strike_R","Strike_R","Defend_R","Defend_R","Defend_R","Defend_R","Bash+1","Carnage","Hemokinesis","Armaments+1","Clothesline","Double Tap+1","Battle Trance","Bloodletting+1","Offering+1","Combust","True Grit+1","Cleave+1","Blood for Blood","Shockwave+1"],"relics":["Burning Blood","NeowsBlessing","Orrery","Golden Idol","Thread and Needle","Meat on the Bone","Letter Opener","Runic Cube","Red Mask","Mummified Hand","Pocketwatch","Potion Belt","Gambling Chip","Frozen Egg 2"],"acts_visited":["Exordium","TheCity"],"potions_floor_usage":[16,16,20,21,31,33],"damage_taken":[{"damage":0,"enemies":"2 Louse","floor":1,"turns":1},{"damage":0,"enemies":"Small Slimes","floor":5,"turns":1},{"damage":0,"enemies":"Gremlin Nob","floor":6,"turns":1},{"damage":2,"enemies":"Jaw Worm","floor":8,"turns":3},{"damage":19,"enemies":"3 Sentries","floor":11,"turns":7},{"damage":4,"enemies":"Exordium Wildlife","floor":12,"turns":3},{"damage":3,"enemies":"Blue Slaver","floor":13,"turns":2},{"damage":8,"enemies":"3 Louse","floor":14,"turns":3},{"damage":9,"enemies":"Slime Boss","floor":16,"turns":6},{"damage":11,"enemies":"Spheric Guardian","floor":18,"turns":3},{"damage":10,"enemies":"Chosen","floor":19,"turns":3},{"damage":15,"enemies":"Snake Plant","floor":20,"turns":3},{"damage":5,"enemies":"Masked Bandits","floor":21,"turns":2},{"damage":15,"enemies":"Gremlin Leader","floor":24,"turns":4},{"damage":23,"enemies":"Book of Stabbing","floor":27,"turns":4},{"damage":15,"enemies":"Centurion and Healer","floor":29,"turns":2},{"damage":9,"enemies":"Cultist and Chosen","floor":30,"turns":2},{"damage":20,"enemies":"Slavers","floor":31,"turns":4},{"damage":48,"enemies":"Automaton","floor":33,"turns":6}],"seed_played":"-1793708823148994170","potions_obtained":[{"floor":6,"key":"AttackPotion"},{"floor":12,"key":"GamblersBrew"},{"floor":16,"key":"SkillPotion"},{"floor":19,"key":"Explosive Potion"},{"floor":20,"key":"Explosive Potion"},{"floor":27,"key":"Block Potion"}],"is_trial":false,"path_per_floor":["M","?","$","?","M","E","R","M","T","?","E","M","M","M","R","B",null,"M","M","M","?","?","R","E","R","T","E","$","M","M","E","R","B"],"character_chosen":"IRONCLAD","items_purchased":["Orrery","Gambling Chip"],"campfire_rested":0,"item_purchase_floors":[3,28],"current_hp_per_floor":[74,74,74,48,54,60,60,64,64,64,51,53,56,54,54,51,69,64,60,51,52,52,52,55,55,55,50,50,53,50,48,48,0,0],"gold":141,"neow_bonus":"THREE_ENEMY_KILL","is_daily":false,"chose_seed":false,"campfire_upgraded":5,"win_rate":0.0,"timestamp":1613072889,"path_taken":["M","?","$","?","M","E","R","M","T","?","E","M","M","M","R","BOSS","M","M","M","?","?","R","E","R","T","E","$","M","M","E","R","BOSS"],"items_purchased_type":["Relic","Relic"],"build_version":"2020-12-22","purchased_purges":1,"victory":false,"max_hp_per_floor":[75,75,75,75,75,75,75,75,75,75,75,75,75,75,75,75,75,75,75,75,75,75,75,75,75,75,75,75,75,75,75,75,75,75],"relic_stats":{"counters":[19,60],"Golden Idol":104,"Mummified Hand":[5],"Gambling Chip":[11],"Letter Opener":[104],"obtain_stats":[{"Potion Belt":27,"NeowsBlessing":0,"Golden Idol":4,"Thread and Needle":6,"Letter Opener":11,"Frozen Egg 2":31,"Burning Blood":0,"Mummified Hand":24,"Gambling Chip":28,"Orrery":3,"Red Mask":21,"Meat on the Bone":9,"Runic Cube":17,"Pocketwatch":26},{"Potion Belt":15,"NeowsBlessing":0,"Golden Idol":1,"Thread and Needle":3,"Letter Opener":5,"Frozen Egg 2":18,"Burning Blood":0,"Mummified Hand":14,"Gambling Chip":15,"Orrery":1,"Red Mask":13,"Meat on the Bone":4,"Runic Cube":9,"Pocketwatch":14},{"Potion Belt":46,"NeowsBlessing":0,"Golden Idol":1,"Thread and Needle":3,"Letter Opener":13,"Frozen Egg 2":54,"Burning Blood":0,"Mummified Hand":42,"Gambling Chip":46,"Orrery":1,"Red Mask":38,"Meat on the Bone":6,"Runic Cube":27,"Pocketwatch":42}],"Burning Blood":108,"Meat on the Bone":48,"Runic Cube":[50],"Pocketwatch":[14]},"card_choices":[{"not_picked":["Flex","Pommel Strike"],"picked":"Carnage","floor":1},{"not_picked":["Body Slam","Havoc"],"picked":"Hemokinesis","floor":3},{"not_picked":["Flex","Clash"],"picked":"Armaments","floor":3},{"not_picked":["Rampage","Flex"],"picked":"Clothesline","floor":3},{"not_picked":["Clothesline","Heavy Blade","Thunderclap"],"picked":"SKIP","floor":5},{"not_picked":["Rampage","Clothesline"],"picked":"Double Tap","floor":6},{"not_picked":["Disarm","Headbutt"],"picked":"Battle Trance","floor":8},{"not_picked":["Dark Embrace","Headbutt"],"picked":"Bloodletting","floor":11},{"not_picked":["Havoc","Body Slam","Anger"],"picked":"SKIP","floor":12},{"not_picked":["Iron Wave","Clothesline","Blood for Blood"],"picked":"SKIP","floor":13},{"not_picked":["Thunderclap","Iron Wave","Clothesline"],"picked":"SKIP","floor":14},{"not_picked":["Exhume","Berserk"],"picked":"Offering","floor":16},{"not_picked":["Iron Wave","Reckless Charge"],"picked":"Combust","floor":18},{"not_picked":["Burning Pact","Sword Boomerang"],"picked":"True Grit+1","floor":19},{"not_picked":["Armaments","Perfected Strike"],"picked":"Cleave+1","floor":20},{"not_picked":["Shrug It Off","Clash","Seeing Red"],"picked":"SKIP","floor":24},{"not_picked":["Body Slam","Bludgeon"],"picked":"Blood for Blood","floor":27},{"not_picked":["Cleave","Clothesline+1","Entrench"],"picked":"SKIP","floor":29},{"not_picked":["Searing Blow","Sword Boomerang","Twin Strike"],"picked":"SKIP","floor":30},{"not_picked":["Havoc","Rampage"],"picked":"Shockwave","floor":31}],"player_experience":1056345,"relics_obtained":[{"floor":6,"key":"Thread and Needle"},{"floor":9,"key":"Meat on the Bone"},{"floor":11,"key":"Letter Opener"},{"floor":21,"key":"Red Mask"},{"floor":24,"key":"Mummified Hand"},{"floor":26,"key":"Pocketwatch"},{"floor":27,"key":"Potion Belt"},{"floor":31,"key":"Frozen Egg 2"}],"event_choices":[{"damage_healed":0,"gold_gain":150,"player_choice":"AGREE","damage_taken":0,"max_hp_gain":0,"max_hp_loss":0,"event_name":"Liars Game","floor":2,"gold_loss":0,"cards_obtained":["Doubt"]},{"damage_healed":0,"gold_gain":0,"player_choice":"Take Damage","damage_taken":26,"relics_obtained":["Golden Idol"],"max_hp_gain":0,"max_hp_loss":0,"event_name":"Golden Idol","floor":4,"gold_loss":0},{"damage_healed":0,"gold_gain":0,"player_choice":"Grow","damage_taken":0,"max_hp_gain":0,"max_hp_loss":0,"event_name":"Living Wall","floor":10,"gold_loss":0,"cards_upgraded":["Double Tap"]},{"damage_healed":0,"gold_gain":0,"player_choice":"Fought Bandits","damage_taken":0,"max_hp_gain":0,"max_hp_loss":0,"event_name":"Masked Bandits","floor":21,"gold_loss":0},{"cards_removed":["Strike_R"],"damage_healed":0,"gold_gain":0,"player_choice":"Gave Gold","damage_taken":0,"max_hp_gain":0,"max_hp_loss":0,"event_name":"Beggar","floor":22,"gold_loss":75}],"is_beta":false,"boss_relics":[{"not_picked":["Velvet Choker","Black Blood"],"picked":"Runic Cube"}],"items_purged_floors":[3],"is_endless":false,"potions_floor_spawned":[6,12,14,16,19,20,27],"killed_by":"Automaton","ascension_level":20}}