{"host":"swphzoo6hmc78epl","time":1613011841,"event":{"mods":["BaseMod","Highlight Path","Minty Spire (QoL Compilation)","Quick Restart"],"gold_per_floor":[110,130,140,140,215,215,240,258,258,268,283,283,301,319,319,423,423,437,437,437,83,101,135,135,147,147,147,160,176,212,237,237,345,354,369,396,405,429,443,443,443,443],"floor_reached":41,"language":"ENG","playtime":2070,"items_purged":[],"score":607,"play_id":"854ec4cd-46e2-4a27-8770-4c17809e1df4","local_time":"20210210215041","is_ascension_mode":true,"campfire_choices":[{"data":"Barrage","floor":6.0,"key":"SMITH"},{"data":"Cold Snap","floor":15.0,"key":"SMITH"},{"data":"Doom and Gloom","floor":24,"key":"SMITH"},{"data":"Storm","floor":32,"key":"SMITH"},{"floor":40,"key":"RECALL"}],"circlet_count":0,"master_deck":["Strike_B","Strike_B","Defend_B","Defend_B","Defend_B","Defend_B","Zap","Dualcast","Barrage+1","Conserve Battery","Self Repair","Streamline","Ball Lightning","Cold Snap+1","Capacitor","Glacier","Compile Driver","Core Surge","Decay","Melter","Static Discharge","Heatsinks","Doom and Gloom+1","Redo+1","Parasite","Seek","Blizzard","Storm+1","Electrodynamics","CurseOfTheBell","Coolheaded+1","Pain","Parasite"],"relics":["Cracked Core","Du-Vu Doll","Bag of Preparation","DataDisk","Cursed Key","Mummified Hand","The Courier","Anchor","CeramicFish","Calling Bell","Tiny Chest","Eternal Feather","Thread and Needle","WarpedTongs"],"acts_visited":["Exordium","TheCity","TheBeyond"],"potions_floor_usage":[18,25,33,39],"damage_taken":[{"damage":4.0,"enemies":"Jaw Worm","floor":1.0,"turns":3.0},{"damage":2.0,"enemies":"2 Louse","floor":2.0,"turns":3.0},{"damage":4.0,"enemies":"Small Slimes","floor":3.0,"turns":4.0},{"damage":16.0,"enemies":"Gremlin Nob","floor":7.0,"turns":4.0},{"damage":15.0,"enemies":"Exordium Wildlife","floor":8.0,"turns":5.0},{"damage":4.0,"enemies":"Large Slime","floor":10.0,"turns":4.0},{"damage":2.0,"enemies":"Red Slaver","floor":11.0,"turns":3.0},{"damage":4.0,"enemies":"Gremlin Gang","floor":13.0,"turns":2.0},{"damage":3.0,"enemies":"Blue Slaver","floor":14.0,"turns":4.0},{"damage":18,"enemies":"Hexaghost","floor":16,"turns":10},{"damage":0,"enemies":"Chosen","floor":18,"turns":4},{"damage":0,"enemies":"Spheric Guardian","floor":22,"turns":3},{"damage":28,"enemies":"Gremlin Leader","floor":23,"turns":7},{"damage":18,"enemies":"Shelled Parasite and Fungi","floor":25,"turns":4},{"damage":8,"enemies":"Sentry and Sphere","floor":28,"turns":4},{"damage":0,"enemies":"Snake Plant","floor":29,"turns":3},{"damage":38,"enemies":"Book of Stabbing","floor":30,"turns":4},{"damage":10,"enemies":"Centurion and Healer","floor":31,"turns":4},{"damage":50,"enemies":"Automaton","floor":33,"turns":7},{"damage":0,"enemies":"3 Shapes","floor":35,"turns":3},{"damage":29,"enemies":"3 Darklings","floor":36,"turns":4},{"damage":22,"enemies":"Writhing Mass","floor":38,"turns":4},{"damage":5,"enemies":"Jaw Worm Horde","floor":39,"turns":2},{"damage":54,"enemies":"Nemesis","floor":41,"turns":5}],"seed_played":"6552522237111879233","potions_obtained":[{"floor":2.0,"key":"Regen Potion"},{"floor":3.0,"key":"SteroidPotion"},{"floor":10.0,"key":"ColorlessPotion"},{"floor":14.0,"key":"SpeedPotion"},{"floor":16,"key":"Energy Potion"},{"floor":18,"key":"PotionOfCapacity"},{"floor":22,"key":"FairyPotion"},{"floor":25,"key":"BlessingOfTheForge"},{"floor":31,"key":"Regen Potion"},{"floor":36,"key":"Ancient Potion"},{"floor":38,"key":"PowerPotion"}],"is_trial":false,"path_per_floor":["M","M","M","?","?","R","E","M","T","M","M","?","M","M","R","B",null,"M","?","?","$","M","E","R","M","T","?","M","M","E","M","R","B",null,"M","M","?","M","M","R","E"],"character_chosen":"DEFECT","items_purchased":["Mummified Hand","Melter","Static Discharge"],"campfire_rested":0,"item_purchase_floors":[21,21,21],"current_hp_per_floor":[64,62,58,58,47,47,47,39,39,42,47,40,36,40,40,29,68,68,68,68,68,68,47,47,36,36,36,35,42,11,8,8,27,68,68,46,46,31,33,51,0,0],"gold":443,"neow_bonus":"ONE_RARE_RELIC","is_daily":false,"chose_seed":false,"campfire_upgraded":4,"win_rate":0.0,"timestamp":1613011841,"path_taken":["M","M","M","?","?","R","E","M","T","M","M","?","M","M","R","BOSS","M","?","?","$","M","E","R","?","T","?","M","?","E","?","R","BOSS","M","M","?","M","M","R","E"],"items_purchased_type":["Relic","Card","Card"],"build_version":"2020-12-22","purchased_purges":0,"victory":false,"max_hp_per_floor":[68,68,68,68,68,68,68,68,68,68,68,68,68,68,68,68,68,68,68,68,68,68,68,68,68,68,68,68,68,68,68,68,68,68,68,68,68,68,68,68,68,68],"card_choices":[{"not_picked":["Streamline","Steam"],"picked":"Barrage","floor":1.0},{"not_picked":["Darkness","Barrage"],"picked":"Conserve Battery","floor":2.0},{"not_picked":["Barrage","White Noise"],"picked":"Self Repair","floor":3.0},{"not_picked":["Creative AI","Stack"],"picked":"Streamline","floor":7.0},{"not_picked":["Hello World","Steam Power"],"picked":"Ball Lightning","floor":8.0},{"not_picked":["Darkness","Beam Cell"],"picked":"Cold Snap","floor":10.0},{"not_picked":["Rebound","Barrage"],"picked":"Capacitor","floor":11.0},{"not_picked":["Steam","Capacitor"],"picked":"Glacier","floor":13.0},{"not_picked":["Reinforced Body","Aggregate"],"picked":"Compile Driver","floor":14.0},{"not_picked":["Amplify","Multi-Cast"],"picked":"Core Surge","floor":16},{"not_picked":["Go for the Eyes","Barrage","Ball Lightning"],"picked":"SKIP","floor":18},{"not_picked":["BootSequence","Melter"],"picked":"Heatsinks","floor":22},{"not_picked":["Glacier","Ball Lightning"],"picked":"Doom and Gloom","floor":23},{"not_picked":["Leap+1","Recycle"],"picked":"Redo+1","floor":25},{"not_picked":["Ball Lightning","Leap"],"picked":"Seek","floor":28},{"not_picked":["Redo","Go for the Eyes","Beam Cell"],"picked":"SKIP","floor":29},{"not_picked":["Steam","Thunder Strike"],"picked":"Blizzard","floor":30},{"not_picked":["Stack","Rebound"],"picked":"Storm","floor":31},{"not_picked":["Seek","Rainbow"],"picked":"Electrodynamics","floor":33},{"not_picked":["Sweeping Beam","Redo+1","Melter"],"picked":"SKIP","floor":35},{"not_picked":["Streamline","Aggregate+1"],"picked":"Coolheaded+1","floor":36},{"not_picked":["Darkness+1","Conserve Battery+1","Redo+1"],"picked":"SKIP","floor":38},{"not_picked":["Sweeping Beam+1","Lockon","Coolheaded"],"picked":"SKIP","floor":39}],"player_experience":876958,"relics_obtained":[{"floor":7.0,"key":"Bag of Preparation"},{"floor":9.0,"key":"DataDisk"},{"floor":23,"key":"The Courier"},{"floor":26,"key":"Anchor"},{"floor":30,"key":"CeramicFish"},{"floor":34,"key":"Tiny Chest"},{"floor":34,"key":"Eternal Feather"},{"floor":34,"key":"Thread and Needle"}],"event_choices":[{"damage_healed":0.0,"max_hp_gain":0.0,"max_hp_loss":0.0,"gold_gain":0.0,"event_name":"Shining Light","player_choice":"Ignored","floor":4.0,"gold_loss":0.0,"damage_taken":0.0},{"damage_healed":0.0,"max_hp_gain":0.0,"max_hp_loss":0.0,"gold_gain":75.0,"event_name":"World of Goop","player_choice":"Gather Gold","floor":5.0,"gold_loss":0.0,"damage_taken":11.0},{"cards_removed":["Strike_B"],"damage_healed":0.0,"max_hp_gain":0.0,"max_hp_loss":0.0,"gold_gain":0.0,"event_name":"Golden Wing","player_choice":"Card Removal","floor":12.0,"gold_loss":0.0,"damage_taken":7.0},{"damage_healed":0,"gold_gain":0,"player_choice":"Smashed Altar","damage_taken":0,"max_hp_gain":0,"max_hp_loss":0,"event_name":"Forgotten Altar","floor":19,"gold_loss":0,"cards_obtained":["Decay"]},{"damage_healed":0,"gold_gain":0,"player_choice":"Ignored","damage_taken":0,"max_hp_gain":0,"max_hp_loss":0,"event_name":"Vampires","floor":20,"gold_loss":0},{"cards_removed":["Strike_B"],"damage_healed":0,"gold_gain":0,"player_choice":"Offered Basic","damage_taken":0,"max_hp_gain":0,"max_hp_loss":0,"event_name":"Bonfire Elementals","floor":27,"gold_loss":0},{"damage_healed":0,"gold_gain":0,"player_choice":"Rummage","damage_taken":0,"relics_obtained":["WarpedTongs"],"max_hp_gain":0,"max_hp_loss":0,"event_name":"Accursed Blacksmith","floor":37,"gold_loss":0,"cards_obtained":["Pain"]}],"is_beta":false,"boss_relics":[{"not_picked":["Pandora\u0027s Box","Snecko Eye"],"picked":"Cursed Key"},{"not_picked":["SacredBark","FrozenCore"],"picked":"Calling Bell"}],"items_purged_floors":[],"is_endless":false,"potions_floor_spawned":[2,3,10,14,16,18,22,25,31,36,38],"killed_by":"Nemesis","ascension_level":3}}