{"host":"3d7yvplr5ovcyppx","time":1613075904,"event":{"mods":["AchievementEnabler","BaseMod","Hermit","Jorbs\u0027s Wanderer Trilogy","Minty Spire (QoL Compilation)","Quick Restart","Somnambulant","StSLib","The Cursed","The Disciple","The Servant 0.9.4"],"gold_per_floor":[119,119,140,315,331,370,370,411,437,472,422,422,460,420,420,548,548,561,574,21,39,39,70,70,93,93,132,132,132,165,188,188,311,311,324,11,67,130,151,151,195,207,299,311,344,391,736,778,790,802],"floor_reached":51,"language":"ENG","playtime":3535,"items_purged":["Pain"],"score":985,"play_id":"38a4cf65-a0b3-4cdb-b7fa-a5c61fa01612","local_time":"20210212020824","is_ascension_mode":true,"campfire_choices":[{"data":"Zap","floor":7,"key":"SMITH"},{"floor":12,"key":"REST"},{"floor":15,"key":"REST"},{"data":"Defragment","floor":24,"key":"SMITH"},{"floor":29,"key":"REST"},{"floor":32,"key":"REST"},{"floor":40,"key":"REST"},{"data":"Dualcast","floor":42,"key":"SMITH"},{"floor":44,"key":"REST"},{"floor":49,"key":"REST"}],"circlet_count":0,"master_deck":["Strike_B","Strike_B","Strike_B","Strike_B","Defend_B","Defend_B","Defend_B","Defend_B","Zap+1","Dualcast+1","White Noise","Doom and Gloom","Ball Lightning","Barrage","Capacitor","Ball Lightning","Reinforced Body","Conserve Battery","Leap","Machine Learning","Ball Lightning+1","Lockon","BootSequence","Defragment+1","Chaos+1","Gash+1","Aggregate","Sweeping Beam+1","FTL","Stack","Turbo+1","Creative AI","White Noise","Sunder+1","White Noise","Chill","Leap+1","Hologram+1","Rip and Tear+1","Stack+1","Barrage+1","Storm+1","Storm+1"],"relics":["Cracked Core","Toy Ornithopter","Bag of Preparation","Oddly Smooth Stone","Potion Belt","Dream Catcher","Kunai","Nuclear Battery","Incense Burner","Happy Flower","MutagenicStrength","Girya","Cables","Blood Vial","WarpedTongs","Juzu Bracelet","Sozu","Bottled Flame","Thread and Needle","TungstenRod","MawBank","Mercury Hourglass","MealTicket","Frozen Egg 2"],"acts_visited":["Exordium","TheCity","TheBeyond"],"potions_floor_usage":[6,6,10,16,19,19,21,23,27,30,31,31,33],"damage_taken":[{"damage":1,"enemies":"Cultist","floor":1,"turns":3},{"damage":0,"enemies":"2 Louse","floor":3,"turns":3},{"damage":2,"enemies":"Small Slimes","floor":5,"turns":2},{"damage":14,"enemies":"Gremlin Nob","floor":6,"turns":3},{"damage":36,"enemies":"Lagavulin","floor":8,"turns":5},{"damage":0,"enemies":"Gremlin Nob","floor":10,"turns":3},{"damage":21,"enemies":"3 Sentries","floor":13,"turns":5},{"damage":42,"enemies":"The Guardian","floor":16,"turns":9},{"damage":16,"enemies":"Chosen","floor":18,"turns":6},{"damage":0,"enemies":"2 Thieves","floor":19,"turns":4},{"damage":4,"enemies":"Centurion and Healer","floor":21,"turns":5},{"damage":10,"enemies":"Gremlin Leader","floor":23,"turns":7},{"damage":5,"enemies":"Snake Plant","floor":25,"turns":4},{"damage":30,"enemies":"Slavers","floor":27,"turns":4},{"damage":31,"enemies":"Gremlin Leader","floor":30,"turns":5},{"damage":32,"enemies":"Shelled Parasite and Fungi","floor":31,"turns":3},{"damage":31,"enemies":"Champ","floor":33,"turns":10},{"damage":28,"enemies":"3 Shapes","floor":35,"turns":3},{"damage":39,"enemies":"2 Orb Walkers","floor":37,"turns":5},{"damage":0,"enemies":"Mind Bloom Boss Battle","floor":38,"turns":6},{"damage":0,"enemies":"Orb Walker","floor":39,"turns":3},{"damage":10,"enemies":"Nemesis","floor":41,"turns":6},{"damage":4,"enemies":"Transient","floor":45,"turns":5},{"damage":0,"enemies":"Giant Head","floor":46,"turns":7},{"damage":0,"enemies":"Nemesis","floor":48,"turns":5},{"damage":39,"enemies":"Donu and Deca","floor":50,"turns":6}],"seed_played":"-5611721899357459283","potions_obtained":[{"floor":3,"key":"Explosive Potion"},{"floor":5,"key":"FocusPotion"},{"floor":6,"key":"GamblersBrew"},{"floor":8,"key":"SpeedPotion"},{"floor":13,"key":"FearPotion"},{"floor":14,"key":"SneckoOil"},{"floor":14,"key":"Weak Potion"},{"floor":14,"key":"Block Potion"},{"floor":16,"key":"Fire Potion"},{"floor":19,"key":"Weak Potion"},{"floor":23,"key":"FocusPotion"},{"floor":25,"key":"Explosive Potion"},{"floor":27,"key":"Ancient Potion"}],"is_trial":false,"path_per_floor":["M","?","M","?","M","E","R","E","T","E","?","R","E","?","R","B",null,"M","M","$","M","?","E","R","M","T","E","?","R","E","M","R","B",null,"M","$","?","?","M","R","E","R","T","R","M","E","?","E","R","B",null],"character_chosen":"DEFECT","items_purchased":["Incense Burner","Happy Flower","BootSequence","Bottled Flame"],"campfire_rested":7,"item_purchase_floors":[20,20,20,36],"current_hp_per_floor":[74,56,56,56,54,50,50,14,14,19,19,41,20,20,42,5,75,59,69,69,70,70,65,65,60,60,35,35,57,33,13,35,11,75,47,47,10,12,14,36,28,28,28,50,48,50,50,52,74,36],"gold":814,"neow_bonus":"RANDOM_COMMON_RELIC","is_daily":false,"chose_seed":false,"campfire_upgraded":3,"win_rate":0.0,"timestamp":1613075904,"path_taken":["M","?","M","?","M","E","R","E","T","E","?","R","E","?","R","BOSS","M","M","?","?","?","E","R","M","T","E","?","R","E","M","R","BOSS","M","$","?","?","M","R","E","R","T","R","M","E","?","E","R","BOSS"],"items_purchased_type":["Relic","Relic","Card","Relic"],"build_version":"2020-12-22","purchased_purges":1,"victory":true,"max_hp_per_floor":[75,75,75,75,75,75,75,75,75,75,75,75,75,75,75,75,75,75,75,75,75,75,75,75,75,75,75,75,75,75,75,75,75,75,75,75,75,75,75,75,75,75,75,75,75,75,75,75,75,75],"card_choices":[{"not_picked":["Conserve Battery","Rebound"],"picked":"White Noise","floor":1},{"not_picked":["Beam Cell","Glacier"],"picked":"Doom and Gloom","floor":3},{"not_picked":["FTL","Turbo"],"picked":"Ball Lightning","floor":5},{"not_picked":["Leap","Melter"],"picked":"Barrage","floor":6},{"not_picked":["Compile Driver","Streamline"],"picked":"Capacitor","floor":8},{"not_picked":["Beam Cell","Meteor Strike"],"picked":"Ball Lightning","floor":10},{"not_picked":["Recycle","Conserve Battery"],"picked":"Reinforced Body","floor":12},{"not_picked":["Auto Shields","Streamline"],"picked":"Conserve Battery","floor":13},{"not_picked":["Scrape","Go for the Eyes"],"picked":"Leap","floor":15},{"not_picked":["Hyperbeam","Biased Cognition"],"picked":"Machine Learning","floor":16},{"not_picked":["Leap","Rebound"],"picked":"Ball Lightning+1","floor":18},{"not_picked":["Sweeping Beam","Coolheaded"],"picked":"Lockon","floor":19},{"not_picked":["White Noise","Lockon+1"],"picked":"Defragment","floor":21},{"not_picked":["Melter+1","Stack"],"picked":"Chaos+1","floor":23},{"not_picked":["Scrape","Turbo"],"picked":"Gash+1","floor":25},{"not_picked":["Conserve Battery","Gash"],"picked":"Aggregate","floor":27},{"not_picked":["Force Field","Turbo+1"],"picked":"Sweeping Beam+1","floor":29},{"not_picked":["Echo Form","Ball Lightning+1"],"picked":"FTL","floor":30},{"not_picked":["Compile Driver","Go for the Eyes"],"picked":"Stack","floor":31},{"not_picked":["Go for the Eyes","Hologram"],"picked":"Turbo+1","floor":32},{"not_picked":["Buffer","Seek"],"picked":"Creative AI","floor":33},{"not_picked":["Conserve Battery+1","Heatsinks"],"picked":"White Noise","floor":35},{"not_picked":["FTL+1","Compile Driver"],"picked":"Sunder+1","floor":37},{"not_picked":["Leap","Cold Snap"],"picked":"White Noise","floor":38},{"not_picked":["Double Energy","Ball Lightning"],"picked":"Chill","floor":39},{"not_picked":["Cold Snap+1","Hologram+1"],"picked":"Leap+1","floor":40},{"not_picked":["Meteor Strike","Fusion"],"picked":"Hologram+1","floor":41},{"not_picked":["Chaos","Reprogram"],"picked":"Rip and Tear+1","floor":44},{"not_picked":["Chill","Hologram"],"picked":"Stack+1","floor":45},{"not_picked":["Go for the Eyes+1","Chill+1"],"picked":"Barrage+1","floor":46},{"not_picked":["Compile Driver","Double Energy+1"],"picked":"Storm+1","floor":48},{"not_picked":["Beam Cell+1","Conserve Battery"],"picked":"Storm+1","floor":49}],"player_experience":31752,"relics_obtained":[{"floor":6,"key":"Bag of Preparation"},{"floor":8,"key":"Oddly Smooth Stone"},{"floor":9,"key":"Potion Belt"},{"floor":10,"key":"Dream Catcher"},{"floor":13,"key":"Kunai"},{"floor":23,"key":"Girya"},{"floor":26,"key":"Cables"},{"floor":27,"key":"Blood Vial"},{"floor":30,"key":"Juzu Bracelet"},{"floor":37,"key":"Thread and Needle"},{"floor":38,"key":"TungstenRod"},{"floor":41,"key":"MawBank"},{"floor":43,"key":"Mercury Hourglass"},{"floor":46,"key":"MealTicket"},{"floor":48,"key":"Frozen Egg 2"}],"event_choices":[{"damage_healed":0,"gold_gain":0,"player_choice":"Take Damage","damage_taken":18,"relics_obtained":["Golden Idol"],"max_hp_gain":0,"max_hp_loss":0,"event_name":"Golden Idol","floor":2,"gold_loss":0},{"damage_healed":0,"gold_gain":175,"player_choice":"AGREE","damage_taken":0,"max_hp_gain":0,"max_hp_loss":0,"event_name":"Liars Game","floor":4,"gold_loss":0,"cards_obtained":["Doubt"]},{"cards_removed":["Doubt"],"damage_healed":0,"gold_gain":0,"player_choice":"Card Removal","damage_taken":0,"max_hp_gain":0,"max_hp_loss":0,"event_name":"The Cleric","floor":11,"gold_loss":50},{"damage_healed":0,"gold_gain":0,"player_choice":"Bought 3 Potions","damage_taken":0,"max_hp_gain":0,"max_hp_loss":0,"event_name":"The Woman in Blue","floor":14,"gold_loss":0},{"damage_healed":0,"gold_gain":0,"player_choice":"Inject Mutagens","damage_taken":0,"relics_obtained":["MutagenicStrength"],"max_hp_gain":0,"max_hp_loss":0,"event_name":"Drug Dealer","floor":22,"gold_loss":0},{"damage_healed":0,"gold_gain":0,"player_choice":"Rummage","damage_taken":0,"relics_obtained":["WarpedTongs"],"max_hp_gain":0,"max_hp_loss":0,"event_name":"Accursed Blacksmith","floor":28,"gold_loss":0,"cards_obtained":["Pain"]},{"damage_healed":0,"gold_gain":0,"player_choice":"Fight","damage_taken":0,"max_hp_gain":0,"max_hp_loss":0,"event_name":"Mysterious Sphere","floor":37,"gold_loss":0},{"damage_healed":0,"gold_gain":0,"player_choice":"Fight","damage_taken":0,"max_hp_gain":0,"max_hp_loss":0,"event_name":"MindBloom","floor":38,"gold_loss":0},{"damage_healed":0,"gold_gain":333,"player_choice":"Gave Idol","damage_taken":0,"max_hp_gain":0,"max_hp_loss":0,"event_name":"The Moai Head","floor":47,"relics_lost":["Golden Idol"],"gold_loss":0}],"is_beta":false,"boss_relics":[{"not_picked":["Inserter","Busted Crown"],"picked":"Nuclear Battery"},{"not_picked":["SacredBark","Cursed Key"],"picked":"Sozu"}],"items_purged_floors":[36],"is_endless":false,"potions_floor_spawned":[3,5,6,8,13,16,19,23,25,27,38,39,41],"ascension_level":1}}