{"host":"7h05nr6qm89lgkco","time":1613046903,"event":{"mods":["BaseMod","Bestiary","Block Reminder","ChefMod","Colored Powertips","DeckTracker","Downfall","Friendly Minions","Minty Spire (QoL Compilation)","Quick Restart","Rare Cards Sparkle","Relic Stats","StSLib","The Cursed","The Poker Player","Unceasing Turn Reminder"],"gold_per_floor":[99,113,113,130,40,66,66,82,82,82,108,108,124,159,173,268,268,268,268,22,33,44,44,44,70,87,87,87,87,101,36,51,150,200,0,11,23,305,316,316,316,331,231,248,261,261,261,278,292,292,292,317,88,88,88,88,88],"floor_reached":56,"language":"ZHS","playtime":5662,"items_purged":["TheCursedMod:Strike_TheCursed","TheCursedMod:Defend_TheCursed","TheCursedMod:Defend_TheCursed","TheCursedMod:DarkBarrier"],"score":766,"play_id":"25440173-a713-4b3f-9a87-ad8af695fb04","local_time":"20210211203503","is_ascension_mode":false,"campfire_choices":[{"data":"TheCursedMod:CursedWand","floor":1.0,"key":"SMITH"},{"data":"TheCursedMod:TacticalStrike","floor":10.0,"key":"SMITH"},{"data":"TheCursedMod:StingEye","floor":12.0,"key":"SMITH"},{"data":"TheCursedMod:AntiAging","floor":18.0,"key":"SMITH"},{"data":"TheCursedMod:SpitefulPray","floor":23.0,"key":"SMITH"},{"floor":28.0,"key":"RECALL"},{"data":"TheCursedMod:CollectTribute","floor":35.0,"key":"SMITH"},{"data":"TheCursedMod:FleshFromBone","floor":43.0,"key":"SMITH"},{"data":"TheCursedMod:FleshFromBone","floor":47.0,"key":"SMITH"},{"data":"TheCursedMod:CursedRelics","floor":54.0,"key":"SMITH"}],"circlet_count":0,"master_deck":["TheCursedMod:Defend_TheCursed+1","TheCursedMod:CursedWand+1","TheCursedMod:CleanUpWorkshop+1","TheCursedMod:Dregs","TheCursedMod:FleshFromBone+1","TheCursedMod:SpitefulPray+1","TheCursedMod:RapidMovement+1","TheCursedMod:CursedStaff","TheCursedMod:TacticalStrike+1","TheCursedMod:StingEye+1","TheCursedMod:AntiAging+1","TheCursedMod:CursedShiv","TheCursedMod:CollectTribute+1","TheCursedMod:FleshFromBone+1","TheCursedMod:ReleasedStrength","TheCursedMod:SpitefulPray+1","TheCursedMod:RavingStaff+1","TheCursedMod:CursedArmor+1","TheCursedMod:RapidMovement","TheCursedMod:SmokeScreen+1","downfall:Icky","TheCursedMod:CursedRelics+1"],"relics":["TheCursedMod:BlackMagic101","Centennial Puzzle","Akabeko","Sundial","Pen Nib","InkBottle","Busted Crown","Vajra","Membership Card","War Paint","Kunai","Shuriken","Tiny House","downfall:HeartBlessingGreen","downfall:HeartBlessingRed","downfall:HeartBlessingBlue","Bag of Preparation","Happy Flower","TheCursedMod:PinkPellets"],"acts_visited":["Exordium","TheCity","TheBeyond","TheEnding"],"potions_floor_usage":[56,56],"damage_taken":[{"damage":1.0,"enemies":"Cultist","floor":2.0,"turns":3.0},{"damage":0.0,"enemies":"2 Louse","floor":4.0,"turns":3.0},{"damage":0.0,"enemies":"downfall:FleeingMerchant","floor":5.0,"turns":4.0},{"damage":20.0,"enemies":"3 Sentries","floor":6.0,"turns":15.0},{"damage":0.0,"enemies":"Jaw Worm","floor":8.0,"turns":1.0},{"damage":7.0,"enemies":"Gremlin Nob","floor":11.0,"turns":3.0},{"damage":1.0,"enemies":"Exordium Wildlife","floor":13.0,"turns":2.0},{"damage":10.0,"enemies":"3 Sentries","floor":14.0,"turns":6.0},{"damage":0.0,"enemies":"Gremlin Gang","floor":15.0,"turns":3.0},{"damage":12.0,"enemies":"IC_STATUS_ARCHETYPE","floor":16.0,"turns":4.0},{"damage":0.0,"enemies":"downfall:FleeingMerchant","floor":20.0,"turns":4.0},{"damage":0.0,"enemies":"Spheric Guardian","floor":21.0,"turns":3.0},{"damage":0.0,"enemies":"Chosen","floor":22.0,"turns":3.0},{"damage":0.0,"enemies":"Book of Stabbing","floor":25.0,"turns":5.0},{"damage":0.0,"enemies":"Centurion and Healer","floor":26.0,"turns":5.0},{"damage":0.0,"enemies":"Snake Plant","floor":30.0,"turns":2.0},{"damage":0.0,"enemies":"downfall:FleeingMerchant","floor":31.0,"turns":4.0},{"damage":0.0,"enemies":"Cultist and Chosen","floor":32.0,"turns":3.0},{"damage":15.0,"enemies":"DF_ARCHETYPE_CLAW","floor":33.0,"turns":8.0},{"damage":1.0,"enemies":"Orb Walker","floor":36.0,"turns":3.0},{"damage":0.0,"enemies":"3 Shapes","floor":37.0,"turns":4.0},{"damage":0.0,"enemies":"downfall:FleeingMerchant","floor":38.0,"turns":3.0},{"damage":2.0,"enemies":"Sphere and 2 Shapes","floor":39.0,"turns":3.0},{"damage":0.0,"enemies":"Spire Growth","floor":42.0,"turns":3.0},{"damage":6.0,"enemies":"Jaw Worm Horde","floor":44.0,"turns":4.0},{"damage":12.0,"enemies":"4 Shapes","floor":45.0,"turns":5.0},{"damage":0.0,"enemies":"Transient","floor":48.0,"turns":5.0},{"damage":0.0,"enemies":"Maw","floor":49.0,"turns":6.0},{"damage":40.0,"enemies":"SI_POISON_ARCHETYPE","floor":50.0,"turns":13.0},{"damage":27.0,"enemies":"downfall:CharBossMerchant","floor":52.0,"turns":9.0},{"damage":96.0,"enemies":"downfall:NeowBoss","floor":55.0,"turns":26.0},{"damage":45,"enemies":"downfall:NeowBossFinal","floor":56,"turns":11}],"seed_played":"5346109295338415253","potions_obtained":[{"floor":6.0,"key":"SneckoOil"},{"floor":13.0,"key":"GamblersBrew"},{"floor":14.0,"key":"SteroidPotion"},{"floor":16.0,"key":"BlessingOfTheForge"},{"floor":34.0,"key":"Slimebound:ThreeZeroPotion"},{"floor":36.0,"key":"Weak Potion"},{"floor":45.0,"key":"Block Potion"},{"floor":52.0,"key":"TheCursedMod:DregsPotion"}],"is_trial":false,"path_per_floor":["R","M","?","M","$","E","T","M","?","R","E","R","M","E","M","B",null,"R","?","$","M","M","R","T","E","M","?","R","?","M","$","M","B",null,"R","M","M","$","M","?","T","M","R","M","M","?","R","M","M","B",null,"E","$","R","B","B"],"character_chosen":"THE_CURSED","items_purchased":["Membership Card","TheCursedMod:FleshFromBone","War Paint","Happy Flower","TheCursedMod:PinkPellets"],"campfire_rested":0,"item_purchase_floors":[20,20,20,53,53],"current_hp_per_floor":[75,74,74,74,74,54,54,54,51,51,44,44,43,35,37,27,81,81,81,84,87,90,90,90,93,96,77,77,77,77,80,83,71,115,115,117,120,123,124,124,124,127,137,134,125,125,125,128,131,94,155,131,131,131,38,0,0],"gold":88,"neow_bonus":"REMOVE_CARD","is_daily":false,"chose_seed":false,"campfire_upgraded":9,"win_rate":0.0,"timestamp":1613046903,"path_taken":["R","M","?","?","$","E","T","M","?","R","E","R","M","E","M","BOSS","R","?","$","M","M","R","T","E","?","?","R","?","M","?","M","BOSS","R","M","M","$","M","?","T","M","R","?","M","?","R","M","M","BOSS","E","$","R","BOSS","BOSS"],"items_purchased_type":["Relic","Card","Relic","Relic","Relic"],"build_version":"2020-12-22","purchased_purges":4,"victory":false,"max_hp_per_floor":[75,75,75,75,75,75,75,75,75,75,75,75,75,77,79,81,81,81,81,84,87,90,90,90,93,96,101,101,101,101,104,107,110,115,115,118,121,124,127,127,127,130,140,143,146,146,146,149,152,155,155,158,158,158,161,164,164],"relic_stats":{"Centennial Puzzle":[36],"Busted Crown":40,"Happy Flower":[12],"counters":[32,176],"Sundial":[34],"Shuriken":[45],"Pen Nib":[32],"Bag of Preparation":[4],"Kunai":[48],"War Paint":["TheCursedMod:RapidMovement","TheCursedMod:Defend_TheCursed"],"obtain_stats":[{"TheCursedMod:BlackMagic101":0,"Tiny House":34,"downfall:HeartBlessingRed":35,"Happy Flower":53,"Vajra":19,"downfall:HeartBlessingGreen":35,"TheCursedMod:PinkPellets":53,"Pen Nib":11,"Bag of Preparation":52,"War Paint":20,"Akabeko":7,"Centennial Puzzle":6,"Busted Crown":17,"Sundial":9,"Shuriken":25,"downfall:HeartBlessingBlue":43,"Membership Card":20,"Kunai":24,"InkBottle":14},{"TheCursedMod:BlackMagic101":0,"Tiny House":19,"downfall:HeartBlessingRed":19,"Happy Flower":30,"Vajra":10,"downfall:HeartBlessingGreen":19,"TheCursedMod:PinkPellets":30,"Pen Nib":6,"Bag of Preparation":30,"War Paint":11,"Akabeko":4,"Centennial Puzzle":4,"Busted Crown":10,"Sundial":5,"Shuriken":14,"downfall:HeartBlessingBlue":24,"Membership Card":11,"Kunai":13,"InkBottle":8},{"TheCursedMod:BlackMagic101":0,"Tiny House":81,"downfall:HeartBlessingRed":81,"Happy Flower":139,"Vajra":44,"downfall:HeartBlessingGreen":81,"TheCursedMod:PinkPellets":139,"Pen Nib":29,"Bag of Preparation":139,"War Paint":48,"Akabeko":25,"Centennial Puzzle":25,"Busted Crown":44,"Sundial":26,"Shuriken":59,"downfall:HeartBlessingBlue":97,"Membership Card":48,"Kunai":54,"InkBottle":37}],"InkBottle":[63]},"card_choices":[{"not_picked":["TheCursedMod:Torture","TheCursedMod:WearCloak"],"picked":"TheCursedMod:FleshFromBone","floor":2.0},{"not_picked":["TheCursedMod:DoubleShield","TheCursedMod:Stigma"],"picked":"TheCursedMod:SpitefulPray","floor":4.0},{"not_picked":["TheCursedMod:UltimatePain","TheCursedMod:HellfireBreathing"],"picked":"TheCursedMod:RapidMovement","floor":5.0},{"not_picked":["TheCursedMod:Wield","TheCursedMod:WearCloak"],"picked":"TheCursedMod:CursedStaff","floor":6.0},{"not_picked":["TheCursedMod:SmokeScreen","TheCursedMod:Torture"],"picked":"TheCursedMod:TacticalStrike","floor":8.0},{"not_picked":["TheCursedMod:TacticalStrike","TheCursedMod:SmokeScreen"],"picked":"TheCursedMod:StingEye","floor":11.0},{"not_picked":["TheCursedMod:CircleOfFlame","TheCursedMod:CursedBlade"],"picked":"TheCursedMod:AntiAging","floor":13.0},{"not_picked":["TheCursedMod:BlessingInDisguise","TheCursedMod:CursedBoomerang","TheCursedMod:SpitefulStrike"],"picked":"SKIP","floor":14.0},{"not_picked":["TheCursedMod:BloodBarrier","TheCursedMod:SoulCrush"],"picked":"TheCursedMod:CursedShiv","floor":15.0},{"not_picked":["TheCursedMod:DarkBarrier","TheCursedMod:CursedRelics"],"picked":"TheCursedMod:CollectTribute","floor":16.0},{"not_picked":["TheCursedMod:VitalStrike"],"picked":"SKIP","floor":20.0},{"not_picked":[],"picked":"TheCursedMod:ReleasedStrength","floor":21.0},{"not_picked":[],"picked":"TheCursedMod:SpitefulPray","floor":22.0},{"not_picked":["TheCursedMod:HellsGateOpen+1"],"picked":"SKIP","floor":25.0},{"not_picked":["TheCursedMod:CursedBlade+1"],"picked":"SKIP","floor":26.0},{"not_picked":["TheCursedMod:CircleOfWindfury"],"picked":"SKIP","floor":30.0},{"not_picked":[],"picked":"TheCursedMod:RavingStaff+1","floor":31.0},{"not_picked":["TheCursedMod:CursedArmor+1"],"picked":"SKIP","floor":32.0},{"not_picked":[],"picked":"TheCursedMod:CursedArmor+1","floor":32.0},{"not_picked":[],"picked":"TheCursedMod:DarkBarrier","floor":33.0},{"not_picked":[],"picked":"TheCursedMod:RapidMovement","floor":36.0},{"not_picked":["TheCursedMod:StingEye"],"picked":"SKIP","floor":37.0},{"not_picked":["TheCursedMod:CursedBlade"],"picked":"SKIP","floor":38.0},{"not_picked":["TheCursedMod:BloodBarrier+1"],"picked":"SKIP","floor":39.0},{"not_picked":["TheCursedMod:PrepareRite+1"],"picked":"SKIP","floor":42.0},{"not_picked":["TheCursedMod:SurpriseAttack"],"picked":"SKIP","floor":44.0},{"not_picked":[],"picked":"TheCursedMod:SmokeScreen+1","floor":45.0},{"not_picked":["TheCursedMod:RavingStaff"],"picked":"SKIP","floor":48.0},{"not_picked":["TheCursedMod:SmokeScreen"],"picked":"SKIP","floor":49.0},{"not_picked":[],"picked":"TheCursedMod:CursedRelics","floor":52.0}],"player_experience":922423,"relics_obtained":[{"floor":6.0,"key":"Centennial Puzzle"},{"floor":7.0,"key":"Akabeko"},{"floor":11.0,"key":"Pen Nib"},{"floor":14.0,"key":"InkBottle"},{"floor":19.0,"key":"Vajra"},{"floor":24.0,"key":"Kunai"},{"floor":25.0,"key":"Shuriken"},{"floor":52.0,"key":"Bag of Preparation"}],"event_choices":[{"damage_healed":0.0,"max_hp_gain":0.0,"max_hp_loss":0.0,"gold_gain":0.0,"event_name":"Accursed Blacksmith","player_choice":"Forge","floor":3.0,"gold_loss":0.0,"damage_taken":0.0,"cards_upgraded":["TheCursedMod:CleanUpWorkshop"]},{"damage_healed":0.0,"max_hp_gain":0.0,"max_hp_loss":0.0,"gold_gain":0.0,"event_name":"Scrap Ooze","player_choice":"Success","floor":9.0,"gold_loss":0.0,"damage_taken":3.0,"relics_obtained":["Sundial"]},{"damage_healed":0.0,"max_hp_gain":0.0,"max_hp_loss":0.0,"gold_gain":0.0,"event_name":"Wheel of Change","player_choice":"Relic","floor":19.0,"gold_loss":0.0,"damage_taken":0.0}],"is_beta":false,"boss_relics":[{"not_picked":["Black Star","SlaversCollar"],"picked":"Busted Crown"},{"not_picked":["Snecko Eye","Fusion Hammer"],"picked":"Tiny House"}],"items_purged_floors":[5,31,38,53],"is_endless":false,"potions_floor_spawned":[6,13,14,16,21,22,25,36,39,45,52],"killed_by":"downfall:NeowBossFinal","ascension_level":0}}