{"host":"xwgrz7y3g1a3iikb","time":1613077940,"event":{"mods":["BaseMod","Bestiary","Minty Spire (QoL Compilation)","Permanent Neow","Quick Restart","Relic Stats","StSLib","ojb\u0027s Info Mod"],"gold_per_floor":[115,126,138,138,185,185,205,231,231,231,6,6,33,49,49,125,125,138,138,61,61,51,76,76,107,107,107,138,157,172,203,203,203,203],"floor_reached":33,"language":"ENG","playtime":1448,"items_purged":["Strike_R"],"score":866,"play_id":"c6b52aeb-5b2a-4ba2-af19-ffe7a2b89d0d","local_time":"20210211131220","is_ascension_mode":true,"campfire_choices":[{"floor":6,"key":"REST"},{"floor":10,"key":"REST"},{"data":"Whirlwind","floor":12,"key":"SMITH"},{"data":"Double Tap","floor":15,"key":"SMITH"},{"floor":27,"key":"REST"},{"data":"Feel No Pain","floor":32,"key":"SMITH"}],"circlet_count":0,"master_deck":["AscendersBane","Strike_R","Defend_R","Defend_R","Defend_R","Defend_R","Bash","Infernal Blade","Headbutt","Shrug It Off","Whirlwind+1","Double Tap+1","Impervious","Corruption","Intimidate+1","Impervious+1","Power Through+1","True Grit+1","Dark Embrace","Shrug It Off+1","Brutality","Impervious+1","Carnage","Second Wind+1","Feel No Pain+1"],"relics":["Runic Dome","Juzu Bracelet","PreservedInsect","Potion Belt","Bottled Flame","Red Skull","Astrolabe","Bird Faced Urn","Shuriken","Ornamental Fan","The Courier","Gambling Chip"],"acts_visited":["Exordium","TheCity"],"potions_floor_usage":[25,25,28,31,31],"damage_taken":[{"damage":1,"enemies":"Cultist","floor":1,"turns":4},{"damage":2,"enemies":"Jaw Worm","floor":2,"turns":2},{"damage":9,"enemies":"2 Louse","floor":3,"turns":2},{"damage":15,"enemies":"Gremlin Gang","floor":7,"turns":4},{"damage":8,"enemies":"Gremlin Nob","floor":8,"turns":3},{"damage":0,"enemies":"3 Sentries","floor":13,"turns":1},{"damage":0,"enemies":"2 Fungi Beasts","floor":14,"turns":1},{"damage":0,"enemies":"Slime Boss","floor":16,"turns":4},{"damage":6,"enemies":"Shell Parasite","floor":18,"turns":4},{"damage":13,"enemies":"2 Thieves","floor":22,"turns":5},{"damage":33,"enemies":"Gremlin Leader","floor":23,"turns":5},{"damage":9,"enemies":"Book of Stabbing","floor":25,"turns":5},{"damage":0,"enemies":"Slavers","floor":28,"turns":1},{"damage":7,"enemies":"Snake Plant","floor":29,"turns":6},{"damage":3,"enemies":"Sentry and Sphere","floor":30,"turns":5},{"damage":12,"enemies":"Book of Stabbing","floor":31,"turns":4},{"damage":6,"enemies":"Champ","floor":33,"turns":3}],"seed_played":"892161323771197896","potions_obtained":[{"floor":8,"key":"SpeedPotion"},{"floor":13,"key":"DuplicationPotion"},{"floor":16,"key":"Swift Potion"},{"floor":19,"key":"FairyPotion"},{"floor":22,"key":"PowerPotion"},{"floor":23,"key":"Strength Potion"},{"floor":28,"key":"FearPotion"},{"floor":30,"key":"PowerPotion"}],"is_trial":false,"path_per_floor":["M","M","M","?","T","R","M","E","T","R","$","R","E","M","R","B",null,"M","?","$","?","M","E","?","E","T","R","E","M","M","E","R","B"],"character_chosen":"IRONCLAD","items_purchased":["Double Tap","Dark Embrace"],"campfire_rested":3,"item_purchase_floors":[11,20],"current_hp_per_floor":[67,65,56,11,11,33,18,10,10,32,32,32,32,32,32,32,64,58,58,58,58,45,12,12,9,9,31,31,26,29,21,21,23,23],"gold":203,"neow_bonus":"BOSS_RELIC","is_daily":false,"chose_seed":false,"campfire_upgraded":3,"win_rate":0.0,"timestamp":1613077940,"path_taken":["M","M","M","?","?","R","M","E","T","R","$","R","E","M","R","BOSS","M","?","$","?","M","E","?","E","T","R","E","M","M","E","R","BOSS"],"items_purchased_type":["Card","Card"],"build_version":"2020-12-22","purchased_purges":1,"victory":false,"max_hp_per_floor":[75,75,75,75,75,75,75,75,75,75,75,75,75,75,75,75,75,75,75,75,75,75,75,75,75,75,75,75,75,75,75,75,75,75],"relic_stats":{"counters":[17,59],"Shuriken":[2],"Ornamental Fan":[8],"Astrolabe":["Intimidate","Impervious","Power Through"],"Bird Faced Urn":[26],"Gambling Chip":[3],"PreservedInsect":228,"Juzu Bracelet":1,"obtain_stats":[{"Potion Belt":8,"Astrolabe":17,"PreservedInsect":5,"The Courier":28,"Juzu Bracelet":4,"Burning Blood":0,"Runic Dome":0,"Bottled Flame":9,"Shuriken":25,"Ornamental Fan":26,"Bird Faced Urn":23,"Gambling Chip":31,"Red Skull":13},{"Potion Belt":5,"Astrolabe":8,"PreservedInsect":3,"The Courier":13,"Juzu Bracelet":3,"Burning Blood":0,"Runic Dome":0,"Bottled Flame":5,"Shuriken":12,"Ornamental Fan":12,"Bird Faced Urn":11,"Gambling Chip":16,"Red Skull":6},{"Potion Belt":15,"Astrolabe":21,"PreservedInsect":8,"The Courier":41,"Juzu Bracelet":8,"Burning Blood":0,"Runic Dome":0,"Bottled Flame":15,"Shuriken":40,"Ornamental Fan":40,"Bird Faced Urn":35,"Gambling Chip":56,"Red Skull":16}]},"card_choices":[{"not_picked":["Armaments","Sword Boomerang"],"picked":"Infernal Blade","floor":1},{"not_picked":["Heavy Blade","Warcry"],"picked":"Headbutt","floor":2},{"not_picked":["Ghostly Armor","Havoc"],"picked":"Shrug It Off","floor":3},{"not_picked":["Headbutt","Clothesline"],"picked":"Whirlwind","floor":7},{"not_picked":["Entrench","Clash","Flex"],"picked":"SKIP","floor":8},{"not_picked":["Twin Strike","Armaments","Pommel Strike"],"picked":"SKIP","floor":13},{"not_picked":["Clash","Clothesline"],"picked":"Impervious","floor":14},{"not_picked":["Brutality","Bludgeon"],"picked":"Corruption","floor":16},{"not_picked":["Perfected Strike","Sword Boomerang+1"],"picked":"True Grit+1","floor":18},{"not_picked":["Thunderclap","Sever Soul"],"picked":"Shrug It Off+1","floor":22},{"not_picked":["Havoc","Metallicize"],"picked":"Brutality","floor":23},{"not_picked":["Wild Strike","Clash"],"picked":"Carnage","floor":25},{"not_picked":["Pommel Strike+1","Carnage"],"picked":"Second Wind+1","floor":28},{"not_picked":["Cleave","Iron Wave","Body Slam"],"picked":"SKIP","floor":29},{"not_picked":["Ghostly Armor","Body Slam"],"picked":"Feel No Pain","floor":30},{"not_picked":["Hemokinesis","Perfected Strike","Armaments"],"picked":"SKIP","floor":31}],"player_experience":333054,"relics_obtained":[{"floor":5,"key":"PreservedInsect"},{"floor":8,"key":"Potion Belt"},{"floor":9,"key":"Bottled Flame"},{"floor":13,"key":"Red Skull"},{"floor":23,"key":"Bird Faced Urn"},{"floor":25,"key":"Shuriken"},{"floor":26,"key":"Ornamental Fan"},{"floor":28,"key":"The Courier"},{"floor":31,"key":"Gambling Chip"}],"event_choices":[{"damage_healed":0,"gold_gain":0,"player_choice":"Success","damage_taken":45,"relics_obtained":["Juzu Bracelet"],"max_hp_gain":0,"max_hp_loss":0,"event_name":"Scrap Ooze","floor":4,"gold_loss":0},{"damage_healed":0,"gold_gain":0,"player_choice":"Got Potions","damage_taken":0,"max_hp_gain":0,"max_hp_loss":0,"event_name":"Lab","floor":19,"gold_loss":0},{"damage_healed":0,"gold_gain":0,"player_choice":"Ignored","damage_taken":0,"max_hp_gain":0,"max_hp_loss":0,"event_name":"Vampires","floor":21,"gold_loss":0},{"damage_healed":0,"gold_gain":0,"player_choice":"Copied","damage_taken":0,"max_hp_gain":0,"max_hp_loss":0,"event_name":"Duplicator","floor":24,"gold_loss":0,"cards_obtained":["Impervious"]}],"is_beta":false,"boss_relics":[{"not_picked":["Sozu","Ectoplasm"],"picked":"Astrolabe"}],"items_purged_floors":[11],"is_endless":false,"potions_floor_spawned":[8,13,16,22,23,28,30],"killed_by":"Champ","ascension_level":20}}