{"host":"amduk82rbaelv3uo","time":1613054921,"event":{"mods":["AchievementEnabler","BaseMod","BetterRewards","Card Forge","Colored Map","Colored Powertips","Defuse TimeMaze Blight","Highlight Path","Minty Spire (QoL Compilation)","Permanent Neow","Quick Restart","StSLib"],"gold_per_floor":[116,127,142,155,171,203,203,218,218,246,321,355,355,371,371,473,473,491,491,506,531,289,322,322,347,395,422,60,79,111,210,210,315,315,334,348,114,131,131,158,158,184,184,196,229,229,244,244,244,244],"floor_reached":51,"language":"ENG","playtime":1368,"items_purged":[],"score":1456,"play_id":"25fef889-3e0a-49a7-87b4-f09b7a73fa76","local_time":"20210211144841","is_ascension_mode":true,"campfire_choices":[{"data":"Gash","floor":7,"key":"SMITH"},{"data":"Gash","floor":13,"key":"SMITH"},{"floor":15,"key":"REST"},{"floor":24,"key":"REST"},{"floor":32,"key":"REST"},{"floor":41,"key":"REST"},{"data":"Master of Strategy","floor":46,"key":"SMITH"},{"floor":49,"key":"REST"}],"circlet_count":0,"master_deck":["Gash+1","All For One+1","Gash+1","Scrape+1","Gash+1","Gash+1","Gash+1","All For One+1","Gash+1","Scrape+1","Master of Strategy+1","Gash+1"],"relics":["Hammer of Thor","Seething Fire","Anvil of the Gods","Sozu","Emotion Chip","Shuriken","Lizard Tail","Molten Egg 2","Black Star","MutagenicStrength","Red Mask","Blue Candle","The Courier","Toy Ornithopter","Nunchaku","Anchor","Bronze Scales","Cables","Prayer Wheel","Frozen Eye","Dream Catcher","Blood Vial","Gremlin Horn","Symbiotic Virus","SlaversCollar","Bag of Preparation","TheAbacus","Matryoshka","Smiling Mask","Kunai","Sundial","PreservedInsect","Pear","Frozen Egg 2","Orichalcum"],"acts_visited":["Exordium","TheCity","TheBeyond"],"potions_floor_usage":[],"damage_taken":[{"damage":0,"enemies":"Small Slimes","floor":1,"turns":1},{"damage":0,"enemies":"2 Louse","floor":2,"turns":1},{"damage":0,"enemies":"Jaw Worm","floor":3,"turns":1},{"damage":0,"enemies":"Gremlin Gang","floor":4,"turns":1},{"damage":0,"enemies":"Large Slime","floor":5,"turns":1},{"damage":0,"enemies":"Lagavulin","floor":6,"turns":2},{"damage":0,"enemies":"Exordium Wildlife","floor":8,"turns":1},{"damage":0,"enemies":"3 Sentries","floor":10,"turns":1},{"damage":0,"enemies":"Gremlin Nob","floor":12,"turns":1},{"damage":0,"enemies":"Exordium Thugs","floor":14,"turns":1},{"damage":0,"enemies":"Slime Boss","floor":16,"turns":2},{"damage":0,"enemies":"Spheric Guardian","floor":18,"turns":1},{"damage":0,"enemies":"3 Byrds","floor":20,"turns":1},{"damage":0,"enemies":"Masked Bandits","floor":21,"turns":1},{"damage":15,"enemies":"Book of Stabbing","floor":23,"turns":2},{"damage":3,"enemies":"Gremlin Leader","floor":25,"turns":2},{"damage":0,"enemies":"Book of Stabbing","floor":27,"turns":1},{"damage":0,"enemies":"Snecko","floor":29,"turns":1},{"damage":0,"enemies":"Gremlin Leader","floor":30,"turns":1},{"damage":0,"enemies":"Champ","floor":33,"turns":2},{"damage":2,"enemies":"3 Shapes","floor":35,"turns":1},{"damage":0,"enemies":"Orb Walker","floor":36,"turns":1},{"damage":0,"enemies":"Writhing Mass","floor":38,"turns":1},{"damage":0,"enemies":"Giant Head","floor":40,"turns":1},{"damage":0,"enemies":"Nemesis","floor":42,"turns":1},{"damage":0,"enemies":"Spire Growth","floor":44,"turns":1},{"damage":0,"enemies":"Reptomancer","floor":45,"turns":1},{"damage":0,"enemies":"Jaw Worm Horde","floor":47,"turns":1},{"damage":0,"enemies":"Donu and Deca","floor":50,"turns":1}],"seed_played":"-5286029428924277861","potions_obtained":[],"is_trial":false,"path_per_floor":["M","M","M","M","M","E","R","M","T","E","?","E","R","M","R","B",null,"M","?","M","?","$","E","R","E","T","E","$","M","E","?","R","B",null,"M","M","$","M","?","E","R","E","T","M","E","R","M","?","R","B",null],"character_chosen":"DEFECT","items_purchased":["Blue Candle","Frozen Eye","Dream Catcher","Blood Vial","Bag of Preparation","TheAbacus"],"campfire_rested":5,"item_purchase_floors":[22,28,28,28,37,37],"current_hp_per_floor":[75,75,75,75,75,75,75,75,75,75,64,64,64,64,75,75,75,75,75,75,75,75,60,75,72,72,72,72,74,75,75,75,75,75,73,75,75,75,75,75,75,75,85,85,85,85,85,85,85,85],"gold":244,"neow_bonus":"BOSS_RELIC","is_daily":false,"chose_seed":false,"campfire_upgraded":3,"win_rate":0.0,"timestamp":1613054921,"path_taken":["M","M","M","M","M","E","R","M","T","E","?","E","R","M","R","BOSS","M","?","M","?","$","E","R","E","T","E","$","M","E","?","R","BOSS","M","M","$","M","?","E","R","E","T","?","E","R","M","?","R","BOSS"],"items_purchased_type":["Relic","Relic","Relic","Relic","Relic","Relic"],"build_version":"2020-12-22","purchased_purges":0,"victory":true,"max_hp_per_floor":[75,75,75,75,75,75,75,75,75,75,75,75,75,75,75,75,75,75,75,75,75,75,75,75,75,75,75,75,75,75,75,75,75,75,75,75,75,75,75,75,75,75,85,85,85,85,85,85,85,85],"card_choices":[{"not_picked":["Barrage","Compile Driver","Cold Snap"],"picked":"SKIP","floor":1},{"not_picked":["Aggregate","Steam","Ball Lightning"],"picked":"SKIP","floor":2},{"not_picked":["Compile Driver","Barrage","Darkness"],"picked":"SKIP","floor":3},{"not_picked":["Rebound","Melter","Hello World"],"picked":"SKIP","floor":4},{"not_picked":["Conserve Battery","Hello World","Leap"],"picked":"SKIP","floor":5},{"not_picked":["Multi-Cast","Redo","Undo"],"picked":"SKIP","floor":6},{"not_picked":["Coolheaded","Loop","Redo"],"picked":"SKIP","floor":8},{"not_picked":["Storm","Barrage"],"picked":"Gash","floor":10},{"not_picked":["Heatsinks","Buffer","Blizzard+1"],"picked":"SKIP","floor":12},{"not_picked":["Steam Power","Hello World","Sunder+1"],"picked":"SKIP","floor":14},{"not_picked":["Rebound+1","Steam","Compile Driver+1"],"picked":"SKIP","floor":18},{"not_picked":["Ball Lightning+1","Cold Snap+1","Genetic Algorithm"],"picked":"SKIP","floor":20},{"not_picked":["Biased Cognition","Turbo","Leap"],"picked":"SKIP","floor":23},{"not_picked":["Beam Cell+1","Steam"],"picked":"All For One+1","floor":25},{"not_picked":["Echo Form","Streamline+1"],"picked":"Gash+1","floor":27},{"not_picked":["Rip and Tear+1","Ball Lightning+1","Hello World"],"picked":"SKIP","floor":29},{"not_picked":["Sweeping Beam+1","Coolheaded","Stack"],"picked":"SKIP","floor":29},{"not_picked":["Rebound+1","Blizzard+1","Echo Form"],"picked":"SKIP","floor":30},{"not_picked":["Leap+1","Hologram","Hello World"],"picked":"SKIP","floor":35},{"not_picked":["Sunder+1","Reprogram+1","Rebound+1"],"picked":"SKIP","floor":35},{"not_picked":["Skim","Conserve Battery+1","Electrodynamics"],"picked":"SKIP","floor":36},{"not_picked":["Conserve Battery+1","Recycle","Streamline+1"],"picked":"SKIP","floor":36},{"not_picked":["Barrage+1","Redo+1","Hologram"],"picked":"SKIP","floor":38},{"not_picked":["Melter+1","Hyperbeam+1","Go for the Eyes+1"],"picked":"SKIP","floor":38},{"not_picked":["Loop+1","Defragment","Go for the Eyes+1"],"picked":"SKIP","floor":40},{"not_picked":["Conserve Battery+1","Melter+1","Beam Cell+1"],"picked":"SKIP","floor":42},{"not_picked":["Beam Cell+1","Redo+1"],"picked":"Gash+1","floor":44},{"not_picked":["Streamline+1","Buffer","Sweeping Beam+1"],"picked":"SKIP","floor":44},{"not_picked":["Steam+1","Rebound+1","Hologram+1"],"picked":"SKIP","floor":45},{"not_picked":["Turbo","Coolheaded","Beam Cell+1"],"picked":"SKIP","floor":47},{"not_picked":["Sweeping Beam+1","Stack+1","Go for the Eyes+1"],"picked":"SKIP","floor":47},{"not_picked":["Conserve Battery","Barrage+1"],"picked":"Gash+1","floor":49}],"player_experience":272551,"relics_obtained":[{"floor":6,"key":"Emotion Chip"},{"floor":9,"key":"Shuriken"},{"floor":10,"key":"Lizard Tail"},{"floor":12,"key":"Molten Egg 2"},{"floor":21,"key":"Red Mask"},{"floor":23,"key":"The Courier"},{"floor":23,"key":"Toy Ornithopter"},{"floor":25,"key":"Nunchaku"},{"floor":25,"key":"Anchor"},{"floor":26,"key":"Bronze Scales"},{"floor":27,"key":"Cables"},{"floor":27,"key":"Prayer Wheel"},{"floor":30,"key":"Gremlin Horn"},{"floor":30,"key":"Symbiotic Virus"},{"floor":40,"key":"Matryoshka"},{"floor":40,"key":"Smiling Mask"},{"floor":42,"key":"Kunai"},{"floor":42,"key":"Sundial"},{"floor":43,"key":"PreservedInsect"},{"floor":43,"key":"Pear"},{"floor":45,"key":"Frozen Egg 2"},{"floor":45,"key":"Orichalcum"}],"event_choices":[{"damage_healed":0,"gold_gain":75,"player_choice":"Gather Gold","damage_taken":11,"max_hp_gain":0,"max_hp_loss":0,"event_name":"World of Goop","floor":11,"gold_loss":0},{"damage_healed":0,"gold_gain":0,"player_choice":"Inject Mutagens","damage_taken":0,"relics_obtained":["MutagenicStrength"],"max_hp_gain":0,"max_hp_loss":0,"event_name":"Drug Dealer","floor":19,"gold_loss":0},{"damage_healed":0,"gold_gain":0,"player_choice":"Fought Bandits","damage_taken":0,"max_hp_gain":0,"max_hp_loss":0,"event_name":"Masked Bandits","floor":21,"gold_loss":0},{"damage_healed":0,"gold_gain":99,"player_choice":"Stole From Cult","damage_taken":0,"max_hp_gain":0,"max_hp_loss":0,"event_name":"Nest","floor":31,"gold_loss":0},{"damage_healed":0,"gold_gain":0,"player_choice":"Ignored","damage_taken":0,"max_hp_gain":0,"max_hp_loss":0,"event_name":"Upgrade Shrine","floor":39,"gold_loss":0},{"cards_removed":["Gash"],"damage_healed":0,"gold_gain":0,"player_choice":"Removed Attack","damage_taken":0,"max_hp_gain":0,"max_hp_loss":0,"event_name":"Falling","floor":48,"gold_loss":0}],"is_beta":false,"boss_relics":[{"not_picked":["Empty Cage","Coffee Dripper"],"picked":"Black Star"},{"not_picked":["Pandora\u0027s Box","SacredBark"],"picked":"SlaversCollar"}],"items_purged_floors":[],"is_endless":false,"potions_floor_spawned":[2,5,6,14,20,21,30,33,35,38,45,47],"ascension_level":2}}