{"host":"qc8p2flj7wsy3zpg","time":1613075220,"event":{"mods":["BaseMod","Highlight Path","Minty Spire (QoL Compilation)","Monster List Patch","Relic Stats","StSLib"],"gold_per_floor":[119,137,117,132,48,48,83,83,83,8,43,61,71,96,96,96,96],"floor_reached":16,"language":"ENG","playtime":417,"items_purged":["Strike_R"],"score":290,"play_id":"1e47968e-07e1-4663-b870-f250c782ba46","local_time":"20210211142700","is_ascension_mode":true,"campfire_choices":[{"data":"Carnage","floor":6,"key":"SMITH"},{"floor":8,"key":"DIG"},{"floor":15,"key":"REST"}],"circlet_count":0,"master_deck":["AscendersBane","Strike_R","Strike_R","Strike_R","Strike_R","Defend_R","Defend_R","Defend_R","Defend_R","Bash","Twin Strike","Carnage+1","Thunderclap","Cleave","Shrug It Off","Armaments","Rupture","Immolate","Heavy Blade"],"relics":["Black Star","Shovel","Darkstone Periapt","Letter Opener","Calipers","Bag of Preparation","Pocketwatch","Ancient Tea Set"],"acts_visited":["Exordium"],"potions_floor_usage":[7,12,14],"damage_taken":[{"damage":3,"enemies":"2 Louse","floor":1,"turns":4},{"damage":1,"enemies":"Cultist","floor":2,"turns":3},{"damage":2,"enemies":"Jaw Worm","floor":4,"turns":3},{"damage":0,"enemies":"Lagavulin","floor":7,"turns":4},{"damage":17,"enemies":"3 Sentries","floor":11,"turns":7},{"damage":22,"enemies":"Gremlin Gang","floor":12,"turns":3},{"damage":5,"enemies":"Red Slaver","floor":13,"turns":3},{"damage":29,"enemies":"Gremlin Nob","floor":14,"turns":4},{"damage":48,"enemies":"Hexaghost","floor":16,"turns":8}],"seed_played":"1222624462820846578","potions_obtained":[{"floor":1,"key":"LiquidMemories"},{"floor":3,"key":"FairyPotion"},{"floor":7,"key":"DuplicationPotion"},{"floor":13,"key":"DistilledChaos"}],"is_trial":false,"path_per_floor":["M","M","?","M","$","R","E","R","T","$","E","M","M","E","R","B"],"character_chosen":"IRONCLAD","items_purchased":["Cleave","Shrug It Off"],"campfire_rested":1,"item_purchase_floors":[5,5],"current_hp_per_floor":[65,64,64,62,62,62,62,62,62,62,45,23,18,22,44,0,0],"gold":96,"neow_bonus":"BOSS_RELIC","is_daily":false,"chose_seed":false,"campfire_upgraded":1,"win_rate":0.0,"timestamp":1613075220,"path_taken":["M","M","?","M","?","R","E","R","T","$","E","M","M","E","R","BOSS"],"items_purchased_type":["Card","Card"],"build_version":"2020-12-22","purchased_purges":1,"victory":false,"max_hp_per_floor":[75,75,75,75,75,75,75,75,75,75,75,75,75,75,75,75,75],"relic_stats":{"Darkstone Periapt":0,"Shovel":1,"counters":[9,39],"Black Star":3,"Bag of Preparation":[8],"Letter Opener":[5],"obtain_stats":[{"Darkstone Periapt":7,"Shovel":7,"Calipers":11,"Black Star":0,"Bag of Preparation":11,"Letter Opener":8,"Ancient Tea Set":14,"Burning Blood":0,"Pocketwatch":14},{"Darkstone Periapt":4,"Shovel":4,"Calipers":5,"Black Star":0,"Bag of Preparation":5,"Letter Opener":4,"Ancient Tea Set":8,"Burning Blood":0,"Pocketwatch":8},{"Darkstone Periapt":14,"Shovel":14,"Calipers":21,"Black Star":0,"Bag of Preparation":21,"Letter Opener":14,"Ancient Tea Set":31,"Burning Blood":0,"Pocketwatch":31}],"Pocketwatch":[18]},"card_choices":[{"not_picked":["Armaments","Thunderclap"],"picked":"Twin Strike","floor":1},{"not_picked":["Rage","Pommel Strike"],"picked":"Carnage","floor":2},{"not_picked":["Rampage","Battle Trance"],"picked":"Thunderclap","floor":4},{"not_picked":["Infernal Blade","Cleave"],"picked":"Armaments","floor":7},{"not_picked":["Heavy Blade","Whirlwind"],"picked":"Rupture","floor":11},{"not_picked":["Flame Barrier","Anger"],"picked":"Immolate","floor":12},{"not_picked":["Warcry","Cleave"],"picked":"Heavy Blade","floor":14}],"player_experience":2366149,"relics_obtained":[{"floor":7,"key":"Shovel"},{"floor":7,"key":"Darkstone Periapt"},{"floor":8,"key":"Letter Opener"},{"floor":11,"key":"Calipers"},{"floor":11,"key":"Bag of Preparation"},{"floor":14,"key":"Pocketwatch"},{"floor":14,"key":"Ancient Tea Set"}],"event_choices":[{"damage_healed":0,"gold_gain":0,"player_choice":"Bought 1 Potion","damage_taken":0,"max_hp_gain":0,"max_hp_loss":0,"event_name":"The Woman in Blue","floor":3,"gold_loss":0}],"is_beta":false,"boss_relics":[],"items_purged_floors":[10],"is_endless":false,"potions_floor_spawned":[1,7,13],"killed_by":"Hexaghost","ascension_level":20}}