{"host":"pdq28s6637cpsst2","time":1613087908,"event":{"mods":["BaseMod","Colored Map","Highlight Path","Minty Spire (QoL Compilation)","Permanent Neow","Quick Restart"],"gold_per_floor":[411,2,2,2,15,50,63,116,116,142,142,317,317,141,141,237,237,256,52,68,84,101,131,131,6,6,6,6,6,20,37,37,141,141,158,158,169,169,182,182,193,226,226,226,226,276,276,276,276,276,276,276,47,81,81,81],"floor_reached":55,"language":"ENG","playtime":5319,"items_purged":["Strike_R","Strike_R","Defend_R","Defend_R"],"score":791,"play_id":"c05083ff-e206-4b60-87fb-44b1a39c9f3b","local_time":"20210211185828","is_ascension_mode":true,"campfire_choices":[{"data":"Offering","floor":11.0,"key":"SMITH"},{"data":"Pommel Strike","floor":15.0,"key":"SMITH"},{"data":"Warcry","floor":24.0,"key":"SMITH"},{"data":"Heavy Blade","floor":28.0,"key":"SMITH"},{"data":"Rage","floor":32.0,"key":"SMITH"},{"data":"Demon Form","floor":40.0,"key":"SMITH"},{"data":"Bash","floor":44.0,"key":"SMITH"},{"data":"Rupture","floor":47.0,"key":"SMITH"},{"floor":49.0,"key":"RECALL"},{"data":"Iron Wave","floor":52.0,"key":"SMITH"}],"circlet_count":0,"master_deck":["Strike_R","Strike_R","Defend_R","Defend_R","Bash+1","Pommel Strike+1","Combust","Shrug It Off","Dropkick","Iron Wave+1","Offering+1","Rage+1","Demon Form+1","Heavy Blade+1","Warcry+1","Warcry+1","Cleave+1","Rupture+1","Twin Strike+1","Heavy Blade+1","Impervious+1","Iron Wave+1","Offering"],"relics":["Burning Blood","Old Coin","Matryoshka","Bag of Marbles","MealTicket","Juzu Bracelet","Omamori","Bronze Scales","Oddly Smooth Stone","Ornamental Fan","Coffee Dripper","Strange Spoon","Mercury Hourglass","Gambling Chip","Molten Egg 2","Busted Crown","WarpedTongs","PreservedInsect","FossilizedHelix","Happy Flower"],"acts_visited":["Exordium","TheCity","TheBeyond","TheEnding"],"potions_floor_usage":[55,55],"damage_taken":[{"damage":0.0,"enemies":"Cultist","floor":1.0,"turns":4.0},{"damage":5.0,"enemies":"Jaw Worm","floor":5.0,"turns":4.0},{"damage":22.0,"enemies":"3 Sentries","floor":6.0,"turns":6.0},{"damage":8.0,"enemies":"2 Louse","floor":7.0,"turns":3.0},{"damage":16.0,"enemies":"Gremlin Nob","floor":10.0,"turns":3.0},{"damage":23.0,"enemies":"The Guardian","floor":16.0,"turns":10.0},{"damage":9.0,"enemies":"Chosen","floor":18.0,"turns":3.0},{"damage":6.0,"enemies":"2 Thieves","floor":20.0,"turns":4.0},{"damage":20.0,"enemies":"Centurion and Healer","floor":21.0,"turns":4.0},{"damage":13.0,"enemies":"Snake Plant","floor":22.0,"turns":3.0},{"damage":7.0,"enemies":"Slavers","floor":23.0,"turns":2.0},{"damage":9.0,"enemies":"3 Cultists","floor":30.0,"turns":4.0},{"damage":11.0,"enemies":"Snecko","floor":31.0,"turns":3.0},{"damage":15.0,"enemies":"Automaton","floor":33.0,"turns":5.0},{"damage":8.0,"enemies":"3 Darklings","floor":35.0,"turns":2.0},{"damage":4.0,"enemies":"Orb Walker","floor":37.0,"turns":3.0},{"damage":8.0,"enemies":"Spire Growth","floor":39.0,"turns":3.0},{"damage":6.0,"enemies":"3 Darklings","floor":41.0,"turns":3.0},{"damage":23.0,"enemies":"Nemesis","floor":42.0,"turns":7.0},{"damage":0.0,"enemies":"Mind Bloom Boss Battle","floor":46.0,"turns":3.0},{"damage":26.0,"enemies":"Donu and Deca","floor":50.0,"turns":6.0},{"damage":8.0,"enemies":"Shield and Spear","floor":54.0,"turns":3.0},{"damage":77,"enemies":"The Heart","floor":55,"turns":3}],"seed_played":"8570338133227104480","potions_obtained":[{"floor":1.0,"key":"LiquidBronze"},{"floor":5.0,"key":"SteroidPotion"},{"floor":16.0,"key":"Explosive Potion"},{"floor":21.0,"key":"Weak Potion"},{"floor":30.0,"key":"Energy Potion"},{"floor":31.0,"key":"ColorlessPotion"},{"floor":39.0,"key":"CultistPotion"},{"floor":46.0,"key":"LiquidBronze"}],"is_trial":false,"path_per_floor":["M","$","?","?","M","E","M","T","T","E","R","?","?","$","R","B",null,"M","$","M","M","M","E","R","$","T","?","R","?","M","M","R","B",null,"M","?","M","?","M","R","M","E","T","R","?","?","R","?","R","B",null,"R","$","E","B"],"character_chosen":"IRONCLAD","items_purchased":["Matryoshka","Combust","Rage","Strange Spoon","Warcry","Offering"],"campfire_rested":0,"item_purchase_floors":[2,2,14,19,19,53],"current_hp_per_floor":[72,72,65,58,59,43,41,41,41,31,31,31,36,51,51,34,77,74,77,77,63,56,55,55,70,70,70,70,70,67,62,62,53,77,75,75,77,77,75,75,75,58,58,58,58,64,64,64,64,44,77,77,77,75,0,0],"gold":81,"neow_bonus":"ONE_RARE_RELIC","is_daily":false,"chose_seed":false,"campfire_upgraded":9,"win_rate":0.0,"timestamp":1613087908,"path_taken":["M","?","?","?","M","E","M","?","T","E","R","?","?","$","R","BOSS","M","$","M","M","M","E","R","$","T","?","R","?","M","M","R","BOSS","M","?","M","?","M","R","M","E","T","R","?","?","R","?","R","BOSS","R","$","E","BOSS"],"items_purchased_type":["Relic","Card","Card","Relic","Card","Card"],"build_version":"2020-12-22","purchased_purges":4,"victory":false,"max_hp_per_floor":[72,72,72,72,72,72,72,72,72,72,72,72,77,77,77,77,77,77,77,77,77,77,77,77,77,77,77,77,77,77,77,77,77,77,77,77,77,77,77,77,77,77,77,77,77,77,77,77,77,77,77,77,77,77,77,77],"card_choices":[{"not_picked":["Cleave","Flex"],"picked":"Pommel Strike","floor":1.0},{"not_picked":["Exhume","Perfected Strike"],"picked":"Shrug It Off","floor":5.0},{"not_picked":["Body Slam","Thunderclap"],"picked":"Dropkick","floor":6.0},{"not_picked":["Intimidate","True Grit"],"picked":"Iron Wave","floor":7.0},{"not_picked":["Shrug It Off","Reckless Charge"],"picked":"Offering","floor":10.0},{"not_picked":["Berserk","Double Tap"],"picked":"Demon Form","floor":16.0},{"not_picked":["Inflame+1","Searing Blow"],"picked":"Heavy Blade","floor":18.0},{"not_picked":["Wild Strike","Sword Boomerang"],"picked":"Warcry+1","floor":20.0},{"not_picked":["Heavy Blade","Iron Wave"],"picked":"Cleave+1","floor":21.0},{"not_picked":["Havoc","True Grit"],"picked":"Rupture","floor":22.0},{"not_picked":["Combust","Thunderclap"],"picked":"Rupture+1","floor":23.0},{"not_picked":["Perfected Strike+1","Rupture"],"picked":"Twin Strike+1","floor":30.0},{"not_picked":["Twin Strike+1","Evolve"],"picked":"Heavy Blade+1","floor":31.0},{"not_picked":["Juggernaut","Fiend Fire+1"],"picked":"Impervious","floor":33.0},{"not_picked":["Reckless Charge+1"],"picked":"SKIP","floor":35.0},{"not_picked":["Shockwave"],"picked":"SKIP","floor":37.0},{"not_picked":[],"picked":"Iron Wave+1","floor":39.0},{"not_picked":["Disarm+1"],"picked":"SKIP","floor":41.0},{"not_picked":["Twin Strike+1"],"picked":"SKIP","floor":42.0},{"not_picked":["Dual Wield"],"picked":"SKIP","floor":54.0}],"player_experience":137975,"relics_obtained":[{"floor":6.0,"key":"MealTicket"},{"floor":8.0,"key":"Juzu Bracelet"},{"floor":8.0,"key":"Omamori"},{"floor":9.0,"key":"Bronze Scales"},{"floor":9.0,"key":"Oddly Smooth Stone"},{"floor":10.0,"key":"Ornamental Fan"},{"floor":23.0,"key":"Mercury Hourglass"},{"floor":26.0,"key":"Gambling Chip"},{"floor":42.0,"key":"PreservedInsect"},{"floor":46.0,"key":"FossilizedHelix"},{"floor":54.0,"key":"Happy Flower"}],"event_choices":[{"damage_healed":0.0,"max_hp_gain":0.0,"max_hp_loss":0.0,"gold_gain":0.0,"event_name":"Scrap Ooze","player_choice":"Success","floor":3.0,"gold_loss":0.0,"damage_taken":7.0,"relics_obtained":["Bag of Marbles"]},{"cards_removed":["Strike_R"],"damage_healed":0.0,"max_hp_gain":0.0,"max_hp_loss":0.0,"gold_gain":0.0,"event_name":"Golden Wing","player_choice":"Card Removal","floor":4.0,"gold_loss":0.0,"damage_taken":7.0},{"damage_healed":0.0,"max_hp_gain":0.0,"max_hp_loss":0.0,"gold_gain":175.0,"event_name":"Liars Game","player_choice":"AGREE","floor":12.0,"gold_loss":0.0,"damage_taken":0.0,"cards_obtained":["Doubt"]},{"damage_healed":0.0,"max_hp_gain":5.0,"max_hp_loss":0.0,"gold_gain":0.0,"event_name":"Big Fish","player_choice":"Donut","floor":13.0,"gold_loss":0.0,"damage_taken":0.0},{"damage_healed":0.0,"max_hp_gain":0.0,"max_hp_loss":0.0,"gold_gain":0.0,"event_name":"Match and Keep!","player_choice":"0 cards matched","floor":27.0,"gold_loss":0.0,"damage_taken":0.0,"cards_obtained":[]},{"damage_healed":0.0,"max_hp_gain":0.0,"max_hp_loss":0.0,"gold_gain":0.0,"event_name":"Match and Keep!","player_choice":"0 cards matched","floor":27.0,"gold_loss":0.0,"damage_taken":0.0,"cards_obtained":[]},{"damage_healed":0.0,"max_hp_gain":0.0,"max_hp_loss":0.0,"gold_gain":0.0,"event_name":"The Mausoleum","player_choice":"Opened","floor":29.0,"gold_loss":0.0,"damage_taken":0.0,"relics_obtained":["Molten Egg 2"]},{"damage_healed":0.0,"max_hp_gain":0.0,"max_hp_loss":0.0,"gold_gain":0.0,"event_name":"Accursed Blacksmith","player_choice":"Rummage","floor":36.0,"gold_loss":0.0,"damage_taken":0.0,"relics_obtained":["WarpedTongs"],"cards_obtained":["Pain"]},{"damage_healed":0.0,"max_hp_gain":0.0,"max_hp_loss":0.0,"gold_gain":0.0,"event_name":"SensoryStone","player_choice":"Memory 1","floor":38.0,"gold_loss":0.0,"damage_taken":0.0},{"cards_removed":["Rupture"],"damage_healed":0.0,"max_hp_gain":0.0,"max_hp_loss":0.0,"gold_gain":0.0,"event_name":"Falling","player_choice":"Removed Power","floor":45.0,"gold_loss":0.0,"damage_taken":0.0},{"damage_healed":0.0,"max_hp_gain":0.0,"max_hp_loss":0.0,"gold_gain":0.0,"event_name":"MindBloom","player_choice":"Fight","floor":46.0,"gold_loss":0.0,"damage_taken":0.0},{"damage_healed":0.0,"max_hp_gain":0.0,"max_hp_loss":0.0,"gold_gain":0.0,"event_name":"Upgrade Shrine","player_choice":"Upgraded","floor":48.0,"gold_loss":0.0,"damage_taken":0.0,"cards_upgraded":["Impervious"]}],"is_beta":false,"boss_relics":[{"not_picked":["Runic Dome","SacredBark"],"picked":"Coffee Dripper"},{"not_picked":["Calling Bell","Pandora\u0027s Box"],"picked":"Busted Crown"}],"items_purged_floors":[2,14,25,53],"is_endless":false,"potions_floor_spawned":[1,5,16,21,30,31,35,39,46],"killed_by":"The Heart","ascension_level":2}}