{"host":"1vy6j31128f61x2z","time":1613004217,"event":{"mods":["AchievementEnabler","BaseMod","Colored Powertips","Minty Spire (QoL Compilation)","Permanent Neow"],"gold_per_floor":[118,134,144,160,176,176,351,383,383,408,408,55,5,5,5,106,106,124,135,145,70,82,82,116,116,116,116,128,128,155,175,175,272,272,290,307,307,322,342,370,370,395,419,439,455,455,69,84,84,84,84],"floor_reached":50,"language":"ENG","playtime":3111,"items_purged":["Writhe"],"score":664,"play_id":"e2e0d755-2cd0-4e97-85e1-1752f3368799","local_time":"20210210194337","is_ascension_mode":true,"campfire_choices":[{"data":"Beam Cell","floor":6.0,"key":"SMITH"},{"data":"Sunder","floor":11.0,"key":"SMITH"},{"data":"Gash","floor":15.0,"key":"SMITH"},{"data":"Gash","floor":23.0,"key":"SMITH"},{"data":"Hologram","floor":25,"key":"SMITH"},{"data":"Coolheaded","floor":27,"key":"SMITH"},{"data":"Reboot","floor":32,"key":"SMITH"},{"data":"Meteor Strike","floor":41,"key":"SMITH"},{"floor":49,"key":"REST"}],"circlet_count":0,"master_deck":["Strike_B","Strike_B","Strike_B","Defend_B","Defend_B","Defend_B","Defend_B","Zap","Dualcast","Turbo","Gash+1","Beam Cell+1","Steam","Sunder+1","Gash+1","Hologram+1","All For One","Conserve Battery+1","Turbo","Hologram","Glacier","Injury","Reboot+1","Meteor Strike+1","Turbo+1","Coolheaded+1","Creative AI","Injury","Go for the Eyes","Gash+1","Loop"],"relics":["Runic Pyramid","Bag of Preparation","Kunai","Incense Burner","Mercury Hourglass","Cursed Key","Pear","Pantograph","Gremlin Horn","Darkstone Periapt","Nuclear Battery","FossilizedHelix","Dream Catcher","Orichalcum","DollysMirror","Ancient Tea Set"],"acts_visited":["Exordium","TheCity","TheBeyond"],"potions_floor_usage":[50,50,50],"damage_taken":[{"damage":1.0,"enemies":"Cultist","floor":1.0,"turns":3.0},{"damage":0.0,"enemies":"2 Louse","floor":2.0,"turns":3.0},{"damage":2.0,"enemies":"Jaw Worm","floor":3.0,"turns":3.0},{"damage":10.0,"enemies":"Exordium Wildlife","floor":4.0,"turns":5.0},{"damage":8.0,"enemies":"Blue Slaver","floor":5.0,"turns":3.0},{"damage":11.0,"enemies":"Lagavulin","floor":8.0,"turns":7.0},{"damage":15.0,"enemies":"Gremlin Nob","floor":10.0,"turns":4.0},{"damage":5.0,"enemies":"The Guardian","floor":16.0,"turns":7.0},{"damage":7.0,"enemies":"2 Thieves","floor":18.0,"turns":2.0},{"damage":0.0,"enemies":"Shell Parasite","floor":19.0,"turns":2.0},{"damage":0.0,"enemies":"Centurion and Healer","floor":20.0,"turns":4.0},{"damage":0.0,"enemies":"Snecko","floor":22.0,"turns":4.0},{"damage":21,"enemies":"Slavers","floor":24,"turns":4},{"damage":0,"enemies":"Snake Plant","floor":28,"turns":3},{"damage":12,"enemies":"Gremlin Leader","floor":30,"turns":6},{"damage":9,"enemies":"Centurion and Healer","floor":31,"turns":3},{"damage":23,"enemies":"Automaton","floor":33,"turns":10},{"damage":0,"enemies":"Orb Walker","floor":35,"turns":3},{"damage":0,"enemies":"3 Shapes","floor":36,"turns":4},{"damage":13,"enemies":"Spire Growth","floor":38,"turns":3},{"damage":10,"enemies":"Maw","floor":39,"turns":6},{"damage":19,"enemies":"Nemesis","floor":40,"turns":5},{"damage":0,"enemies":"Reptomancer","floor":42,"turns":4},{"damage":0,"enemies":"Transient","floor":44,"turns":5},{"damage":0,"enemies":"Sphere and 2 Shapes","floor":45,"turns":4},{"damage":23,"enemies":"3 Darklings","floor":48,"turns":4},{"damage":110,"enemies":"Awakened One","floor":50,"turns":14}],"seed_played":"-545565553586400404","potions_obtained":[{"floor":4.0,"key":"Energy Potion"},{"floor":5.0,"key":"FocusPotion"},{"floor":10.0,"key":"SteroidPotion"},{"floor":20.0,"key":"Ancient Potion"},{"floor":31,"key":"LiquidMemories"},{"floor":44,"key":"DuplicationPotion"}],"is_trial":false,"path_per_floor":["M","M","M","M","M","R","?","E","T","E","R","$","?","?","R","B",null,"M","M","M","?","M","R","E","R","T","R","M","T","E","M","R","B",null,"M","M","?","M","M","E","R","E","T","M","M","?","$","M","R","B"],"character_chosen":"DEFECT","items_purchased":["Gash","Hologram","Mercury Hourglass","DollysMirror","Ancient Tea Set"],"campfire_rested":1,"item_purchase_floors":[12,12,12,47,47],"current_hp_per_floor":[74,74,72,62,54,54,54,43,43,28,28,28,28,85,85,80,85,78,78,78,78,78,78,67,67,67,67,67,67,55,46,46,48,95,95,95,95,82,72,53,53,53,59,59,59,59,59,36,66,0,0],"gold":84,"neow_bonus":"BOSS_RELIC","is_daily":false,"chose_seed":false,"campfire_upgraded":8,"win_rate":0.0,"timestamp":1613004217,"path_taken":["M","M","?","M","M","R","?","E","T","E","R","$","?","?","R","BOSS","M","M","?","?","M","R","E","R","T","R","M","?","E","M","R","BOSS","M","M","?","?","M","E","R","E","T","M","M","?","$","M","R","BOSS"],"items_purchased_type":["Card","Card","Relic","Relic","Relic"],"build_version":"2020-12-22","purchased_purges":1,"victory":false,"max_hp_per_floor":[75,75,75,75,75,75,75,75,75,75,75,75,75,85,85,85,85,85,85,85,85,85,85,95,95,95,95,95,95,95,95,95,95,95,95,95,95,95,95,95,95,95,101,101,101,101,101,101,101,101,101],"card_choices":[{"not_picked":["Ball Lightning","Scrape"],"picked":"Turbo","floor":1.0},{"not_picked":["White Noise","Chaos"],"picked":"Gash","floor":2.0},{"not_picked":["Hologram","Compile Driver","Ball Lightning"],"picked":"SKIP","floor":3.0},{"not_picked":["Double Energy","Rebound"],"picked":"Beam Cell","floor":4.0},{"not_picked":["Force Field","Rebound"],"picked":"Steam","floor":5.0},{"not_picked":["Sweeping Beam","Heatsinks"],"picked":"Rainbow","floor":8.0},{"not_picked":["Tempest","Streamline"],"picked":"Sunder","floor":10.0},{"not_picked":["Rainbow","Electrodynamics"],"picked":"All For One","floor":16.0},{"not_picked":["Hologram","Rebound","Ball Lightning"],"picked":"SKIP","floor":18.0},{"not_picked":["Lockon+1","Conserve Battery"],"picked":"Coolheaded","floor":19.0},{"not_picked":["Ball Lightning","Aggregate"],"picked":"Conserve Battery+1","floor":20.0},{"not_picked":["Leap","Streamline"],"picked":"Turbo","floor":22.0},{"not_picked":["Consume","Lockon"],"picked":"Hologram","floor":24},{"not_picked":["Stack","Hello World"],"picked":"Glacier","floor":28},{"not_picked":["Heatsinks","Conserve Battery"],"picked":"Reboot","floor":30},{"not_picked":["Auto Shields","Rip and Tear","Steam Power"],"picked":"SKIP","floor":31},{"not_picked":["Biased Cognition","Amplify"],"picked":"Meteor Strike","floor":33},{"not_picked":["Rebound","Redo"],"picked":"Turbo+1","floor":35},{"not_picked":["Turbo","Sweeping Beam","Cold Snap+1"],"picked":"SKIP","floor":36},{"not_picked":["Barrage+1","Fusion+1","Hologram"],"picked":"SKIP","floor":38},{"not_picked":["Sweeping Beam","Reinforced Body+1"],"picked":"Coolheaded+1","floor":39},{"not_picked":["Aggregate+1","Redo","Streamline+1"],"picked":"SKIP","floor":40},{"not_picked":["Blizzard","BootSequence+1"],"picked":"Creative AI","floor":42},{"not_picked":["Sunder+1","Streamline+1","Compile Driver+1"],"picked":"SKIP","floor":44},{"not_picked":["Steam+1","Turbo+1"],"picked":"Go for the Eyes","floor":45},{"not_picked":["Sweeping Beam+1","Steam"],"picked":"Loop","floor":48}],"player_experience":42749,"relics_obtained":[{"floor":8.0,"key":"Bag of Preparation"},{"floor":9.0,"key":"Kunai"},{"floor":10.0,"key":"Incense Burner"},{"floor":24,"key":"Pear"},{"floor":26,"key":"Pantograph"},{"floor":29,"key":"Gremlin Horn"},{"floor":30,"key":"Darkstone Periapt"},{"floor":40,"key":"FossilizedHelix"},{"floor":42,"key":"Dream Catcher"},{"floor":43,"key":"Orichalcum"}],"event_choices":[{"damage_healed":0.0,"max_hp_gain":0.0,"max_hp_loss":0.0,"gold_gain":175.0,"event_name":"Liars Game","player_choice":"AGREE","floor":7.0,"gold_loss":0.0,"damage_taken":0.0,"cards_obtained":["Doubt"]},{"cards_removed":["Doubt"],"damage_healed":0.0,"max_hp_gain":0.0,"max_hp_loss":0.0,"gold_gain":0.0,"event_name":"The Cleric","player_choice":"Card Removal","floor":13.0,"gold_loss":50.0,"damage_taken":0.0},{"cards_removed":["Rainbow"],"damage_healed":47.0,"max_hp_gain":10.0,"max_hp_loss":0.0,"gold_gain":0.0,"event_name":"Bonfire Elementals","player_choice":"Offered Rare","floor":14.0,"gold_loss":0.0,"damage_taken":0.0},{"cards_removed":["Strike_B"],"damage_healed":0.0,"max_hp_gain":0.0,"max_hp_loss":0.0,"gold_gain":0.0,"event_name":"Beggar","player_choice":"Gave Gold","floor":21.0,"gold_loss":75.0,"damage_taken":0.0},{"damage_healed":0,"gold_gain":0,"player_choice":"Bought 0 Potions","damage_taken":0,"max_hp_gain":0,"max_hp_loss":0,"event_name":"The Woman in Blue","floor":37,"gold_loss":0},{"cards_removed":["Coolheaded"],"damage_healed":0,"gold_gain":0,"player_choice":"Removed Skill","damage_taken":0,"max_hp_gain":0,"max_hp_loss":0,"event_name":"Falling","floor":46,"gold_loss":0}],"is_beta":false,"boss_relics":[{"not_picked":["Sozu","Coffee Dripper"],"picked":"Cursed Key"},{"not_picked":["SlaversCollar","Busted Crown"],"picked":"Nuclear Battery"}],"items_purged_floors":[47],"is_endless":false,"potions_floor_spawned":[4,5,10,19,20,31,33,36,42,44,48],"killed_by":"Awakened One","ascension_level":2}}