{"host":"mgc7o2tpy0ck407l","time":1613052033,"event":{"mods":["Alarm Clock","BaseMod","Better Altar","Better Match","Better Note","Better Sensory Stone","Better Skull","Better Third Choice","Better Vampires","BetterRewards","Block Reminder","Bossed Relics","Challenge The Spire","Colored Map","Colored Powertips","Curses Come First","DeckTracker","Disable Question Mark Monsters","Displayed Cursed Tome","Infinite Spire","Key Reminder","Minty Spire (QoL Compilation)","Permanent Neow","Quick Restart","Rare Cards Sparkle","Relic Sorter","Reliquary","Reorder Act Four","Replay The Spire","Shop Mod","Spicy Shops","StSLib","SuperFastMode","Transform Curses","Unceasing Turn Reminder"],"gold_per_floor":[17,35,35,35,54,54,67,67,67,79,79,97,38,38,38,135,135,117,57,74,124,124,124,158,158,158,177,177,177],"floor_reached":28,"language":"ENG","playtime":739,"items_purged":["Strike_R","Strike_R"],"score":239,"play_id":"85c5d1c0-7dbb-4b3e-aa0e-cfea5896564f","local_time":"20210211090033","is_ascension_mode":true,"campfire_choices":[{"data":"Berserk","floor":6,"key":"SMITH"},{"data":"Seeing Red","floor":8,"key":"SMITH"},{"data":"Brutality","floor":11,"key":"SMITH"},{"data":"Whirlwind","floor":15,"key":"SMITH"},{"data":"infinitespire:Collect","floor":23,"key":"SMITH"}],"circlet_count":0,"master_deck":["Strike_R","Strike_R","Defend_R","Defend_R","Defend_R","Defend_R","Bash","Berserk+1","Seeing Red+1","Ghostly Armor","Brutality+1","Whirlwind+1","Self Repair+1","Reaper","infinitespire:Collect+1","Inflame+1","Corruption","Replay:Hysterical Blindness"],"relics":["infinitespire:Broken Mirror","The Courier","Vajra","Iron Core","Electric Blood","Art of War","Cursed Key","TungstenRod","reliquary:PartyBalloon"],"acts_visited":["Exordium","TheCity"],"potions_floor_usage":[7,16],"damage_taken":[{"damage":11,"enemies":"Jaw Worm","floor":1,"turns":5},{"damage":7,"enemies":"Small Slimes","floor":2,"turns":4},{"damage":0,"enemies":"2 Louse","floor":5,"turns":2},{"damage":4,"enemies":"Large Slime","floor":7,"turns":8},{"damage":15,"enemies":"Blue Slaver","floor":10,"turns":4},{"damage":6,"enemies":"Gremlin Gang","floor":12,"turns":6},{"damage":50,"enemies":"Slime Boss","floor":16,"turns":8},{"damage":36,"enemies":"2 Thieves","floor":18,"turns":4},{"damage":25,"enemies":"Spheric Guardian","floor":20,"turns":3},{"damage":34,"enemies":"Slavers","floor":24,"turns":3},{"damage":21,"enemies":"Snecko","floor":27,"turns":4},{"damage":53,"enemies":"Nightmare","floor":28,"turns":4}],"seed_played":"-8714946157597384976","potions_obtained":[{"floor":2,"key":"Weak Potion"},{"floor":5,"key":"Fire Potion"},{"floor":24,"key":"Elixir"}],"is_trial":false,"path_per_floor":["M","M","$","?","M","R","M","R","T","M","R","M","$","?","R","B",null,"M","$","M","?","AVR","R","E","?","T","M","NM"],"character_chosen":"IRONCLAD","items_purchased":["Vajra"],"campfire_rested":0,"item_purchase_floors":[13],"current_hp_per_floor":[75,74,74,74,80,80,80,80,80,71,71,71,71,71,71,31,80,65,65,55,55,55,55,46,46,46,40,0,0],"gold":177,"neow_bonus":"THREE_RARE_CARDS","is_daily":false,"chose_seed":false,"campfire_upgraded":5,"win_rate":0.0,"timestamp":1613052033,"path_taken":["M","M","$","?","M","R","M","R","T","M","R","M","$","?","R","BOSS","M","$","M","?","AVR","R","E","?","T","M","NM"],"items_purchased_type":["Relic"],"build_version":"2020-12-22","purchased_purges":2,"victory":false,"max_hp_per_floor":[80,80,80,80,80,80,80,80,80,80,80,80,80,80,80,80,80,80,80,80,80,80,80,80,80,80,80,80,80],"card_choices":[{"not_picked":["Feed","Offering"],"picked":"Berserk","floor":0},{"not_picked":["Infernal Blade","Warcry"],"picked":"Seeing Red","floor":1},{"not_picked":["Uppercut","Wild Strike","Thunderclap"],"picked":"SKIP","floor":2},{"not_picked":["Spot Weakness","Twin Strike","True Grit"],"picked":"SKIP","floor":5},{"not_picked":["Twin Strike","Disarm"],"picked":"Ghostly Armor","floor":7},{"not_picked":["Run Through","Flex"],"picked":"Brutality","floor":10},{"not_picked":["True Grit","Cleave"],"picked":"Whirlwind","floor":12},{"not_picked":["Fiend Fire","Demonic Infusion"],"picked":"Reaper","floor":16},{"not_picked":["True Grit","Twin Strike","Run Through+1"],"picked":"SKIP","floor":18},{"not_picked":["Feel No Pain","Rage","Wild Strike"],"picked":"SKIP","floor":20},{"not_picked":["Immolate","Flame Barrier"],"picked":"Inflame+1","floor":24},{"not_picked":["Wild Strike","Pommel Strike","Entrench"],"picked":"SKIP","floor":27}],"player_experience":765570,"relics_obtained":[{"floor":4,"key":"infinitespire:Broken Mirror"},{"floor":9,"key":"The Courier"},{"floor":24,"key":"TungstenRod"},{"floor":26,"key":"reliquary:PartyBalloon"}],"event_choices":[{"damage_healed":0,"gold_gain":100,"player_choice":"Bet on Murderer","damage_taken":0,"max_hp_gain":0,"max_hp_loss":0,"event_name":"The Joust","floor":21,"gold_loss":50},{"damage_healed":0,"gold_gain":0,"cards_transformed":["Strike_R"],"player_choice":"Transformed","damage_taken":0,"max_hp_gain":0,"max_hp_loss":0,"event_name":"Transmorgrifier","floor":25,"gold_loss":0,"cards_obtained":["Corruption"]}],"is_beta":false,"boss_relics":[{"not_picked":["Tiny House","Black Star"],"picked":"Electric Blood"}],"items_purged_floors":[19,22],"is_endless":false,"potions_floor_spawned":[2,5,24],"killed_by":"Nightmare","ascension_level":1}}