{"host":"jf2o35x329sgyc7e","time":1613013590,"event":{"mods":["Act Like it!","BaseMod","Colored Powertips","Conspire","Good Game Mod","KomeijiMod","Lobotomy","Minty Spire (QoL Compilation)","Quick Restart","Replay The Spire","Spicy Shops","StSLib","The Jungle","WarShipGirlsR/战舰少女R mod","[IsaacMod]以撒尖塔"],"gold_per_floor":[133,58,78,115,15,15,60,54,78,78,78,178,178,196,196,231,231],"floor_reached":16,"language":"ZHS","playtime":749,"items_purged":["Regret","Strike_Komeiji"],"score":117,"play_id":"13d38353-8897-40e3-bd5e-89c4239ec2c5","local_time":"20210211111950","is_ascension_mode":false,"campfire_choices":[{"data":"Dash_Komeiji","floor":6.0,"key":"SMITH"},{"data":"Strike_Komeiji","floor":15,"key":"SMITH"}],"circlet_count":0,"master_deck":["Strike_Komeiji+1","Strike_Komeiji","Defend_Komeiji","Defend_Komeiji","Defend_Komeiji","Defend_Komeiji","Dash_Komeiji+1","Feed","NingyouKisou+1","SeekerWire+1","NingyouOkisou+1","MajikuruSanhai+1"],"relics":["KomeijisEye","SpellCardsRule","MusicBox","HushsDoor","REME:ComplimentaryCards","SalivaCoin","BFFS","Simple Rune"],"acts_visited":[],"potions_floor_usage":[16,16],"damage_taken":[{"damage":5.0,"enemies":"2 Louse","floor":1.0,"turns":4.0},{"damage":0.0,"enemies":"conspire:RoseBush","floor":3.0,"turns":3.0},{"damage":11.0,"enemies":"Cultist","floor":4.0,"turns":6.0},{"damage":9.0,"enemies":"conspire:2 RoseBushes","floor":7.0,"turns":7.0},{"damage":9,"enemies":"Exordium Thugs","floor":8,"turns":4},{"damage":0,"enemies":"2 Fungi Beasts","floor":14,"turns":3},{"damage":16,"enemies":"Hexaghost","floor":16,"turns":4}],"seed_played":"6379830447134950131","potions_obtained":[{"floor":1.0,"key":"Ancient Potion"},{"floor":7.0,"key":"PowerPotion"},{"floor":8,"key":"Languid Potion"}],"is_trial":false,"path_per_floor":["M","$","M","M","$","R","M","M","T","?","?","?","T","M","R","B"],"character_chosen":"KomeijiSatori","items_purchased":[],"campfire_rested":0,"item_purchase_floors":[],"current_hp_per_floor":[45,45,48,40,40,40,34,28,28,28,28,13,13,16,16,0,0],"gold":231,"neow_bonus":"RANDOM_EVENT","is_daily":false,"chose_seed":false,"campfire_upgraded":2,"win_rate":0.0,"timestamp":1613013590,"path_taken":["M","$","M","M","$","R","M","M","T","?","?","?","?","M","R","BOSS"],"items_purchased_type":[],"build_version":"2020-12-22","purchased_purges":2,"victory":false,"max_hp_per_floor":[50,50,53,56,56,56,59,62,62,62,62,62,62,65,65,65,65],"card_choices":[{"not_picked":["HagoromoMizu","Melting"],"picked":"NingyouKisou+1","floor":1.0},{"not_picked":["SuitokuNoKyoryu","SeekerWire+1","HagoromoMizu"],"picked":"SKIP","floor":3.0},{"not_picked":["SuitokuNoKyoryu","HagoromoMizu"],"picked":"SeekerWire+1","floor":3.0},{"not_picked":["OoedoNingyou+1","VampireKiss"],"picked":"NingyouOkisou+1","floor":4.0},{"not_picked":["DochyakuKami+1","RikonNoKama+1"],"picked":"MajikuruSanhai+1","floor":7.0},{"not_picked":["DochyakuKami+1","EnMu+1","KeiseiJin+1"],"picked":"SKIP","floor":8},{"not_picked":["KinbakuJin+1","HagoromoMizu","Mishyaguji+1"],"picked":"SKIP","floor":14}],"player_experience":61325,"relics_obtained":[{"floor":9,"key":"Simple Rune"}],"event_choices":[{"damage_healed":0.0,"max_hp_gain":0.0,"max_hp_loss":0.0,"gold_gain":0.0,"event_name":"Big Fish","player_choice":"Box","floor":0.0,"gold_loss":0.0,"damage_taken":0.0,"relics_obtained":["SalivaCoin"],"cards_obtained":["Regret"]},{"damage_healed":0,"gold_gain":0,"player_choice":"Disagree","damage_taken":0,"max_hp_gain":0,"max_hp_loss":0,"event_name":"conspire:LoneGhost","floor":10,"gold_loss":0},{"cards_removed":["Strike_Komeiji"],"damage_healed":0,"gold_gain":0,"player_choice":"Forget","damage_taken":0,"max_hp_gain":0,"max_hp_loss":0,"event_name":"Living Wall","floor":11,"gold_loss":0}],"is_beta":false,"boss_relics":[],"items_purged_floors":[2,5],"is_endless":false,"potions_floor_spawned":[1,7,8],"killed_by":"Hexaghost","ascension_level":0}}