{"host":"6xsbn6ynqlzwllfm","time":1613078731,"event":{"mods":["2.2 Compatiblity","BaseMod","Bestiary","Colored Map","Colored Powertips","Curses Come First","Downfall","Highlight Path","Keyboard Shortcuts","Minty Spire (QoL Compilation)","Relic Stats","Slay the Relics Exporter","StSLib","SuperFastMode"],"gold_per_floor":[349,369,57,72,8,8,308,328,357,357,357,28,41,56,68,163,163,163,177,190,317,337,337,337,337,437,337,347,361,380,398,408,520,520,520,544,563,563,563,580,580,580,580,580,580],"floor_reached":43,"language":"ENG","playtime":4044,"items_purged":["bronze:Strike","Regret","bronze:Strike"],"score":530,"play_id":"caaa3962-ab14-4613-942b-721c57eb4313","local_time":"20210211162531","is_ascension_mode":true,"campfire_choices":[{"data":"bronze:Goto","floor":1,"key":"SMITH"},{"data":"bronze:ItsAFeature","floor":10,"key":"SMITH"},{"data":"bronze:MaxOutput","floor":18,"key":"SMITH"},{"floor":25,"key":"RECALL"},{"data":"bronze:Optimize","floor":27,"key":"SMITH"},{"data":"bronze:BugBarrage","floor":35,"key":"SMITH"}],"circlet_count":0,"master_deck":["bronze:Strike","bronze:Defend","bronze:Defend+1","bronze:Defend","bronze:Defend+1","bronze:Replicate","bronze:Goto+1","bronze:Iterate","bronze:Flail","bronze:ItsAFeature+1","bronze:BugBarrage+1","bronze:Shield","bronze:Optimize+1","bronze:FineTuning","bronze:MaxOutput+1","bronze:Repair","bronze:Shell","bronze:OilSpill+1","bronze:BugBarrage+1","bronze:DazingPulse","bronze:Explode","bronze:OilSpill","bronze:ChildClass","bronze:Goto+1","bronze:Frontload","bronze:Break","bronze:Turbo","bronze:FineTuning","bronze:OilSpill+1","bronze:Mutator","bronze:Library","bronze:ForLoop+1"],"relics":["bronze:PlatinumCore","Orrery","Matryoshka","The Courier","Old Coin","War Paint","DollysMirror","Chemical X","CeramicFish","Whetstone","downfall:GremlinWheel","downfall:HeartBlessingRed","Sozu","bronze:BottledCode"],"acts_visited":["Exordium","TheCity","TheBeyond"],"potions_floor_usage":[9,12,16,29,33,43],"damage_taken":[{"damage":0,"enemies":"Small Slimes","floor":2,"turns":3},{"damage":0,"enemies":"downfall:FleeingMerchant","floor":3,"turns":4},{"damage":8,"enemies":"2 Louse","floor":4,"turns":2},{"damage":4,"enemies":"downfall:FleeingMerchant","floor":5,"turns":4},{"damage":19,"enemies":"Jaw Worm","floor":8,"turns":4},{"damage":18,"enemies":"3 Sentries","floor":9,"turns":3},{"damage":11,"enemies":"3 Sentries","floor":11,"turns":4},{"damage":5,"enemies":"downfall:FleeingMerchant","floor":12,"turns":4},{"damage":1,"enemies":"Blue Slaver","floor":13,"turns":3},{"damage":17,"enemies":"Exordium Thugs","floor":14,"turns":4},{"damage":5,"enemies":"Gremlin Gang","floor":15,"turns":5},{"damage":0,"enemies":"SI_SHIV_ARCHETYPE","floor":16,"turns":7},{"damage":0,"enemies":"Chosen","floor":19,"turns":3},{"damage":1,"enemies":"3 Byrds","floor":20,"turns":5},{"damage":21,"enemies":"downfall:FleeingMerchant","floor":21,"turns":3},{"damage":4,"enemies":"3 Cultists","floor":22,"turns":5},{"damage":4,"enemies":"3 Cultists","floor":26,"turns":4},{"damage":0,"enemies":"Cultist and Chosen","floor":28,"turns":4},{"damage":9,"enemies":"Centurion and Healer","floor":29,"turns":3},{"damage":3,"enemies":"Chosen and Byrds","floor":30,"turns":5},{"damage":4,"enemies":"Cultist and Chosen","floor":31,"turns":4},{"damage":1,"enemies":"3 Cultists","floor":32,"turns":3},{"damage":35,"enemies":"DF_ARCHETYPE_CLAW","floor":33,"turns":5},{"damage":2,"enemies":"3 Darklings","floor":36,"turns":4},{"damage":0,"enemies":"3 Shapes","floor":37,"turns":7},{"damage":24,"enemies":"3 Darklings","floor":40,"turns":6},{"damage":60,"enemies":"Writhing Mass","floor":43,"turns":4}],"seed_played":"5374878459310541370","potions_obtained":[{"floor":2,"key":"SkillPotion"},{"floor":8,"key":"DistilledChaos"},{"floor":9,"key":"LiquidMemories"},{"floor":15,"key":"Fire Potion"},{"floor":26,"key":"Fire Potion"},{"floor":28,"key":"Fire Potion"},{"floor":29,"key":"DuplicationPotion"},{"floor":32,"key":"PowerPotion"}],"is_trial":false,"path_per_floor":["R","M","$","M","$","?","T","M","E","R","?","$","M","M","M","B",null,"R","M","M","$","M","?","T","R","?","R","M","M","M","M","M","B",null,"R","M","M","?","?","M","T","?","M"],"character_chosen":"THE_AUTOMATON","items_purchased":["Orrery","bronze:MaxOutput","bronze:OilSpill","bronze:TinkerersToolbox","DollysMirror","Chemical X"],"campfire_rested":0,"item_purchase_floors":[3,3,5,12,12,21],"current_hp_per_floor":[63,63,63,55,61,61,61,44,36,36,32,27,36,19,24,34,63,63,63,62,41,44,44,44,44,40,40,40,31,36,42,41,13,63,63,63,63,53,53,40,40,40,0,0,0],"gold":580,"neow_bonus":"TWO_FIFTY_GOLD","is_daily":false,"chose_seed":false,"campfire_upgraded":5,"win_rate":0.0,"timestamp":1613078731,"path_taken":["R","M","$","M","$","?","T","M","E","R","?","$","M","M","M","BOSS","R","M","M","$","M","?","T","R","?","R","?","?","M","M","M","BOSS","R","M","M","?","?","M","T","?","M"],"items_purchased_type":["Relic","Card","Card","Card","Relic","Relic"],"build_version":"2020-12-22","purchased_purges":3,"victory":false,"max_hp_per_floor":[63,63,63,63,63,63,63,63,63,63,63,63,63,63,63,63,63,63,63,63,63,63,63,63,63,63,63,63,63,63,63,63,63,63,63,63,63,53,53,53,53,53,53,53,53],"relic_stats":{"Sozu":1,"counters":[27,112],"CeramicFish":18,"Chemical X":[4],"Whetstone":["bronze:OilSpill","bronze:BugBarrage"],"War Paint":["bronze:Defend","bronze:Defend"],"obtain_stats":[{"bronze:PlatinumCore":17,"bronze:BronzeCore":0,"downfall:HeartBlessingRed":27,"CeramicFish":24,"The Courier":7,"Whetstone":24,"War Paint":9,"Old Coin":7,"Sozu":34,"bronze:BottledCode":38,"Matryoshka":6,"downfall:GremlinWheel":26,"DollysMirror":12,"Orrery":3,"Chemical X":21},{"bronze:PlatinumCore":12,"bronze:BronzeCore":0,"downfall:HeartBlessingRed":17,"CeramicFish":16,"The Courier":4,"Whetstone":16,"War Paint":6,"Old Coin":4,"Sozu":23,"bronze:BottledCode":25,"Matryoshka":4,"downfall:GremlinWheel":17,"DollysMirror":8,"Orrery":2,"Chemical X":15},{"bronze:PlatinumCore":47,"bronze:BronzeCore":0,"downfall:HeartBlessingRed":67,"CeramicFish":63,"The Courier":13,"Whetstone":63,"War Paint":20,"Old Coin":13,"Sozu":91,"bronze:BottledCode":102,"Matryoshka":13,"downfall:GremlinWheel":67,"DollysMirror":28,"Orrery":7,"Chemical X":58}]},"card_choices":[{"not_picked":["bronze:ChildClass","bronze:Turbo"],"picked":"bronze:Iterate","floor":2},{"not_picked":["bronze:Branch","bronze:InfiniteBeams"],"picked":"bronze:Flail","floor":3},{"not_picked":["bronze:FineTuning","bronze:Shield"],"picked":"bronze:ItsAFeature","floor":3},{"not_picked":["bronze:ForceShield","bronze:DigitalCarnage"],"picked":"bronze:BugBarrage","floor":3},{"not_picked":["bronze:Optimize","bronze:ChildClass"],"picked":"bronze:Shield","floor":3},{"not_picked":["bronze:NullPointer","bronze:DelayedGuard"],"picked":"bronze:Optimize","floor":3},{"not_picked":["bronze:HyperBeam","bronze:BitShift"],"picked":"bronze:FineTuning","floor":3},{"not_picked":["bronze:Separator","bronze:NullPointer"],"picked":"bronze:Repair","floor":4},{"not_picked":["bronze:Invalidate","bronze:DelayedSlice"],"picked":"bronze:Shell","floor":5},{"not_picked":["bronze:Iterate","bronze:Flail","bronze:Branch"],"picked":"SKIP","floor":8},{"not_picked":["bronze:ItsAFeature","bronze:WildBeam"],"picked":"bronze:BugBarrage","floor":9},{"not_picked":[],"picked":"bronze:DazingPulse","floor":11},{"not_picked":[],"picked":"bronze:Explode","floor":11},{"not_picked":["bronze:Invalidate","bronze:BurnOut"],"picked":"bronze:OilSpill","floor":11},{"not_picked":["bronze:ClassDefault","bronze:WildBeam"],"picked":"bronze:ChildClass","floor":12},{"not_picked":["bronze:Overheat","bronze:InfiniteBeams","bronze:Branch"],"picked":"SKIP","floor":14},{"not_picked":["bronze:CutThrough","bronze:DelayedGuard"],"picked":"bronze:Frontload","floor":15},{"not_picked":["bronze:ThunderWave","bronze:HardenedForm"],"picked":"bronze:Break","floor":16},{"not_picked":["bronze:ForLoop","bronze:FineTuning"],"picked":"bronze:Turbo","floor":19},{"not_picked":["bronze:CutThrough","bronze:BitShift"],"picked":"bronze:FineTuning","floor":20},{"not_picked":["bronze:Shell","bronze:Flail"],"picked":"bronze:OilSpill+1","floor":21},{"not_picked":["bronze:DelayedSlice","bronze:FineTuning"],"picked":"bronze:Mutator","floor":22},{"not_picked":["bronze:WhirlingStrike+1","bronze:OilSpill+1","bronze:Allocate"],"picked":"SKIP","floor":28},{"not_picked":["bronze:Frontload","bronze:Shell","bronze:FineTuning"],"picked":"SKIP","floor":29},{"not_picked":["bronze:Optimize","bronze:OilSpill","bronze:InfiniteBeams"],"picked":"SKIP","floor":31},{"not_picked":["bronze:ForceShield+1","bronze:Constructor","bronze:Shell"],"picked":"SKIP","floor":32},{"not_picked":["bronze:ForceShield+1","bronze:Constructor","bronze:Shell"],"picked":"SKIP","floor":32},{"not_picked":["bronze:InfiniteLoop","bronze:Virus"],"picked":"bronze:Library","floor":33},{"not_picked":["bronze:BugBarrage","bronze:WildBeam"],"picked":"bronze:ForLoop+1","floor":36},{"not_picked":["bronze:Repair+1","bronze:CutThrough+1","bronze:BitShift+1"],"picked":"SKIP","floor":40}],"player_experience":1719074,"relics_obtained":[{"floor":7,"key":"The Courier"},{"floor":7,"key":"Old Coin"},{"floor":9,"key":"War Paint"},{"floor":24,"key":"CeramicFish"},{"floor":24,"key":"Whetstone"},{"floor":26,"key":"downfall:GremlinWheel"}],"event_choices":[{"damage_healed":0,"gold_gain":0,"player_choice":"Box","damage_taken":0,"relics_obtained":["Matryoshka"],"max_hp_gain":0,"max_hp_loss":0,"event_name":"Big Fish","floor":6,"gold_loss":0,"cards_obtained":["Regret"]},{"damage_healed":0,"gold_gain":0,"player_choice":"Ignored","damage_taken":0,"max_hp_gain":0,"max_hp_loss":0,"event_name":"Ghosts","floor":23,"gold_loss":0},{"cards_removed":["bronze:Strike"],"damage_healed":0,"gold_gain":0,"player_choice":"Card Removal","damage_taken":0,"max_hp_gain":0,"max_hp_loss":0,"event_name":"Wheel of Change","floor":35,"gold_loss":0},{"cards_removed":["bronze:TinkerersToolbox"],"damage_healed":0,"gold_gain":0,"player_choice":"Removed Skill","damage_taken":0,"max_hp_gain":0,"max_hp_loss":0,"event_name":"Falling","floor":39,"gold_loss":0}],"is_beta":false,"boss_relics":[{"not_picked":["SacredBark","Velvet Choker"],"picked":"bronze:PlatinumCore"},{"not_picked":["Fusion Hammer","Runic Pyramid"],"picked":"Sozu"}],"items_purged_floors":[3,12,21],"is_endless":false,"potions_floor_spawned":[2,8,9,15,26,28,29,31,32,37],"killed_by":"Writhing Mass","ascension_level":2}}