{"host":"ga4s3hj9m6nkn6gp","time":1613082084,"event":{"mods":["AchievementEnabler","BaseMod","Bestiary","Colored Powertips","Highlight Path","Minty Spire (QoL Compilation)","Relic Stats","everything is the same but u backflip on backflip"],"gold_per_floor":[115,132,145,145,162,162,193,206,206,206,356,367,367,127,127,205,205,223,223,35,35,50,50,77,77,104,104,138,149,159,190,190,267,267,282,282,282,282,301,333,333,347,373,406,32,43,43,61,61,61,61,61],"floor_reached":51,"language":"ENG","playtime":3228,"items_purged":["Doubt","Strike_G","Pain"],"score":1530,"play_id":"5d43f50c-2b0e-4b90-a3bc-6a475a662fa6","local_time":"20210211232124","is_ascension_mode":true,"campfire_choices":[{"data":"Dagger Spray","floor":6,"key":"SMITH"},{"data":"Bouncing Flask","floor":10,"key":"SMITH"},{"data":"Choke","floor":13,"key":"SMITH"},{"data":"Terror","floor":15,"key":"SMITH"},{"data":"Burst","floor":23,"key":"SMITH"},{"data":"Predator","floor":25,"key":"SMITH"},{"floor":32,"key":"REST"},{"floor":47,"key":"REST"},{"floor":49,"key":"RECALL"}],"circlet_count":0,"master_deck":["AscendersBane","Strike_G+1","Strike_G+1","Strike_G+1","Strike_G+1","Defend_G+1","Defend_G+1","Defend_G+1","Defend_G+1","Defend_G+1","Survivor","Neutralize+1","Calculated Gamble","Choke+1","Dagger Spray+1","Terror+1","Bouncing Flask+1","Burst+1","Predator+1","Leg Sweep","Die Die Die","Catalyst","Bouncing Flask","Riddle With Holes+1","Acrobatics+1","Leg Sweep"],"relics":["Ring of the Snake","War Paint","Juzu Bracelet","Boot","Orichalcum","Happy Flower","Snecko Eye","Gremlin Horn","Whetstone","Smiling Mask","Lizard Tail","Sozu","WarpedTongs","Strawberry","The Specimen","Snake Skull","PreservedInsect"],"acts_visited":["Exordium","TheCity","TheBeyond"],"potions_floor_usage":[5,7,16,24,31],"damage_taken":[{"damage":3,"enemies":"Cultist","floor":1,"turns":5},{"damage":1,"enemies":"Small Slimes","floor":2,"turns":5},{"damage":6,"enemies":"Jaw Worm","floor":3,"turns":8},{"damage":19,"enemies":"Exordium Thugs","floor":5,"turns":6},{"damage":11,"enemies":"3 Sentries","floor":7,"turns":5},{"damage":0,"enemies":"Looter","floor":8,"turns":3},{"damage":9,"enemies":"Red Slaver","floor":12,"turns":3},{"damage":20,"enemies":"Hexaghost","floor":16,"turns":8},{"damage":20,"enemies":"3 Byrds","floor":18,"turns":4},{"damage":2,"enemies":"Spheric Guardian","floor":22,"turns":4},{"damage":0,"enemies":"Gremlin Leader","floor":24,"turns":8},{"damage":10,"enemies":"Book of Stabbing","floor":28,"turns":4},{"damage":19,"enemies":"Snake Plant","floor":29,"turns":4},{"damage":0,"enemies":"3 Cultists","floor":30,"turns":3},{"damage":24,"enemies":"Slavers","floor":31,"turns":6},{"damage":22,"enemies":"Automaton","floor":33,"turns":11},{"damage":0,"enemies":"Orb Walker","floor":35,"turns":3},{"damage":6,"enemies":"3 Shapes","floor":39,"turns":6},{"damage":15,"enemies":"Reptomancer","floor":40,"turns":6},{"damage":13,"enemies":"3 Darklings","floor":42,"turns":3},{"damage":19,"enemies":"Nemesis","floor":44,"turns":6},{"damage":0,"enemies":"Transient","floor":46,"turns":6},{"damage":0,"enemies":"Sphere and 2 Shapes","floor":48,"turns":2},{"damage":57,"enemies":"Donu and Deca","floor":50,"turns":8},{"damage":16,"enemies":"Time Eater","floor":51,"turns":4}],"seed_played":"2098247904916301131","potions_obtained":[{"floor":1,"key":"PowerPotion"},{"floor":2,"key":"AttackPotion"},{"floor":5,"key":"CultistPotion"},{"floor":12,"key":"Regen Potion"},{"floor":22,"key":"GhostInAJar"},{"floor":28,"key":"FearPotion"},{"floor":29,"key":"Explosive Potion"},{"floor":33,"key":"FearPotion"}],"is_trial":false,"path_per_floor":["M","M","M","?","M","R","E","M","T","R","?","M","R","$","R","B",null,"M","?","$","?","M","R","E","R","T","?","E","M","M","E","R","B",null,"M","?","?","?","M","E","?","M","T","E","$","M","R","M","R","B","B"],"character_chosen":"THE_SILENT","items_purchased":["Happy Flower","Leg Sweep","Snake Skull","PreservedInsect"],"campfire_rested":2,"item_purchase_floors":[14,20,45,45],"current_hp_per_floor":[56,55,49,49,30,30,19,19,19,19,19,10,10,10,10,5,51,31,31,31,31,29,29,29,29,29,66,56,37,37,13,32,10,52,52,52,52,52,46,38,38,25,25,6,6,6,27,27,27,12,0,0],"gold":61,"neow_bonus":"RANDOM_COMMON_RELIC","is_daily":false,"chose_seed":false,"campfire_upgraded":6,"win_rate":0.0,"timestamp":1613082084,"path_taken":["M","?","M","?","M","R","E","M","T","R","?","M","R","$","R","BOSS","M","?","?","?","M","R","E","R","T","?","E","M","M","E","R","BOSS","M","?","?","?","M","E","?","M","T","E","$","M","R","M","R","BOSS","BOSS"],"items_purchased_type":["Relic","Card","Relic","Relic"],"build_version":"2020-12-22","purchased_purges":3,"victory":false,"max_hp_per_floor":[66,66,66,66,66,66,66,66,66,66,66,66,66,66,66,66,66,66,66,66,66,66,66,66,66,66,66,66,66,66,66,66,66,66,66,66,63,63,63,70,70,70,70,70,70,70,70,70,70,70,70,70],"relic_stats":{"Happy Flower":[32],"Gremlin Horn":[17,17],"counters":[25,131],"Snake Skull":[73],"PreservedInsect":0,"Juzu Bracelet":2,"Whetstone":["Neutralize"],"War Paint":["Defend_G","Defend_G"],"Orichalcum":[198],"Boot":[61],"Smiling Mask":75,"WarpedTongs":[29],"Sozu":2,"Lizard Tail":35,"Snecko Eye":[176,172,185,179],"obtain_stats":[{"Happy Flower":14,"Gremlin Horn":24,"The Specimen":44,"Snake Skull":45,"PreservedInsect":45,"Juzu Bracelet":4,"Whetstone":26,"War Paint":0,"Orichalcum":9,"Boot":7,"Smiling Mask":28,"WarpedTongs":36,"Sozu":34,"Lizard Tail":31,"Strawberry":40,"Snecko Eye":17,"Ring of the Snake":0},{"Happy Flower":7,"Gremlin Horn":11,"The Specimen":21,"Snake Skull":21,"PreservedInsect":21,"Juzu Bracelet":3,"Whetstone":11,"War Paint":0,"Orichalcum":6,"Boot":5,"Smiling Mask":12,"WarpedTongs":17,"Sozu":16,"Lizard Tail":15,"Strawberry":19,"Snecko Eye":8,"Ring of the Snake":0},{"Happy Flower":35,"Gremlin Horn":59,"The Specimen":111,"Snake Skull":111,"PreservedInsect":111,"Juzu Bracelet":18,"Whetstone":59,"War Paint":0,"Orichalcum":32,"Boot":29,"Smiling Mask":63,"WarpedTongs":90,"Sozu":87,"Lizard Tail":76,"Strawberry":102,"Snecko Eye":43,"Ring of the Snake":0}],"Ring of the Snake":[50]},"card_choices":[{"not_picked":["Blur","Dodge and Roll","Outmaneuver"],"picked":"SKIP","floor":1},{"not_picked":["Outmaneuver","Deflect"],"picked":"Calculated Gamble","floor":2},{"not_picked":["Quick Slash","Blur"],"picked":"Choke","floor":3},{"not_picked":["Reflex","PiercingWail"],"picked":"Dagger Spray","floor":5},{"not_picked":["Backstab","Leg Sweep"],"picked":"Terror","floor":7},{"not_picked":["Quick Slash","Flying Knee"],"picked":"Bouncing Flask","floor":8},{"not_picked":["Deadly Poison","A Thousand Cuts","Dagger Throw"],"picked":"SKIP","floor":12},{"not_picked":["Unload","Corpse Explosion"],"picked":"Burst","floor":16},{"not_picked":["Acrobatics","Concentrate","Slice"],"picked":"SKIP","floor":18},{"not_picked":["Underhanded Strike","Sucker Punch","Eviscerate"],"picked":"SKIP","floor":22},{"not_picked":["Underhanded Strike","Sucker Punch","Eviscerate"],"picked":"SKIP","floor":22},{"not_picked":["Flechettes","Noxious Fumes","Deflect"],"picked":"SKIP","floor":24},{"not_picked":["Outmaneuver","Dodge and Roll","Cloak And Dagger"],"picked":"SKIP","floor":28},{"not_picked":["Sucker Punch","Finisher","Quick Slash"],"picked":"SKIP","floor":29},{"not_picked":["Acrobatics","Grand Finale","Quick Slash"],"picked":"SKIP","floor":30},{"not_picked":["Choke","Cloak And Dagger","Caltrops"],"picked":"SKIP","floor":31},{"not_picked":["Burst","Unload"],"picked":"Die Die Die","floor":33},{"not_picked":["Setup","Riddle With Holes+1"],"picked":"Catalyst","floor":35},{"not_picked":["Reflex+1","Underhanded Strike"],"picked":"Bouncing Flask","floor":39},{"not_picked":["Dodge and Roll","Sucker Punch","Accuracy"],"picked":"SKIP","floor":40},{"not_picked":["Cloak And Dagger+1","Expertise","Sucker Punch"],"picked":"SKIP","floor":42},{"not_picked":["Cloak And Dagger+1","Expertise","Sucker Punch"],"picked":"SKIP","floor":42},{"not_picked":["Skewer","Blur"],"picked":"Riddle With Holes+1","floor":44},{"not_picked":["Slice+1","Quick Slash"],"picked":"Acrobatics+1","floor":46},{"not_picked":["Eviscerate","Storm of Steel"],"picked":"Leg Sweep","floor":48}],"player_experience":763837,"relics_obtained":[{"floor":7,"key":"Boot"},{"floor":9,"key":"Orichalcum"},{"floor":24,"key":"Gremlin Horn"},{"floor":26,"key":"Whetstone"},{"floor":28,"key":"Smiling Mask"},{"floor":31,"key":"Lizard Tail"},{"floor":40,"key":"Strawberry"},{"floor":44,"key":"The Specimen"}],"event_choices":[{"damage_healed":0,"gold_gain":0,"player_choice":"Gave Potion","damage_taken":0,"relics_obtained":["Juzu Bracelet"],"max_hp_gain":0,"max_hp_loss":0,"event_name":"WeMeetAgain","floor":4,"gold_loss":0},{"damage_healed":0,"gold_gain":150,"player_choice":"AGREE","damage_taken":0,"max_hp_gain":0,"max_hp_loss":0,"event_name":"Liars Game","floor":11,"gold_loss":0,"cards_obtained":["Doubt"]},{"damage_healed":0,"gold_gain":0,"player_choice":"1 cards matched","damage_taken":0,"max_hp_gain":0,"max_hp_loss":0,"event_name":"Match and Keep!","floor":19,"gold_loss":0,"cards_obtained":["Predator"]},{"damage_healed":0,"gold_gain":0,"player_choice":"Simplicity","damage_taken":0,"max_hp_gain":0,"max_hp_loss":0,"event_name":"Back to Basics","floor":21,"gold_loss":0,"cards_upgraded":["Strike_G","Strike_G","Strike_G","Strike_G","Defend_G","Defend_G","Defend_G"]},{"damage_healed":37,"gold_gain":0,"player_choice":"Full Heal","damage_taken":0,"max_hp_gain":0,"max_hp_loss":0,"event_name":"Wheel of Change","floor":27,"gold_loss":0},{"damage_healed":0,"gold_gain":0,"player_choice":"Rummage","damage_taken":0,"relics_obtained":["WarpedTongs"],"max_hp_gain":0,"max_hp_loss":0,"event_name":"Accursed Blacksmith","floor":36,"gold_loss":0,"cards_obtained":["Pain"]},{"damage_healed":0,"gold_gain":0,"player_choice":"Max HP","damage_taken":0,"max_hp_gain":0,"max_hp_loss":3,"event_name":"Winding Halls","floor":37,"gold_loss":0},{"damage_healed":0,"gold_gain":0,"player_choice":"Ignored","damage_taken":0,"max_hp_gain":0,"max_hp_loss":0,"event_name":"Tomb of Lord Red Mask","floor":38,"gold_loss":0},{"damage_healed":0,"gold_gain":0,"player_choice":"0 cards matched","damage_taken":0,"max_hp_gain":0,"max_hp_loss":0,"event_name":"Match and Keep!","floor":41,"gold_loss":0,"cards_obtained":[]}],"is_beta":false,"boss_relics":[{"not_picked":["Cursed Key","Philosopher\u0027s Stone"],"picked":"Snecko Eye"},{"not_picked":["Astrolabe","SacredBark"],"picked":"Sozu"}],"items_purged_floors":[14,20,45],"is_endless":false,"potions_floor_spawned":[1,2,5,12,22,28,29,33,39,40],"killed_by":"Time Eater","ascension_level":20}}