{"host":"5kirneupyg4uzd3w","time":1613049480,"event":{"mods":["BaseMod","Colored Map","Custom Start","Minty Spire (QoL Compilation)","StSLib","SuperFastMode"],"gold_per_floor":[15,35,35,50,50,50,89,89,89,123,147,147,147,147,147,147,147],"floor_reached":16,"language":"KOR","playtime":348,"items_purged":[],"score":216,"play_id":"a55ae40e-53cb-4fd4-ae40-cc0eaa911718","local_time":"20210211221800","is_ascension_mode":true,"campfire_choices":[{"data":"Twin Strike","floor":6,"key":"SMITH"},{"data":"Metallicize","floor":8,"key":"SMITH"},{"data":"Barricade","floor":13,"key":"SMITH"},{"data":"Secret Technique","floor":15,"key":"SMITH"}],"circlet_count":0,"master_deck":["AscendersBane","Strike_R","Strike_R","Strike_R","Strike_R","Defend_R","Defend_R","Defend_R","Defend_R","Bash","Secret Technique+1","Twin Strike+1","Metallicize+1","Infernal Blade","Barricade+1"],"relics":["Burning Blood","Golden Idol","Bird Faced Urn","Pear","Question Card","White Beast Statue"],"acts_visited":["Exordium"],"potions_floor_usage":[10,16,16],"damage_taken":[{"damage":4,"enemies":"2 Louse","floor":1,"turns":3},{"damage":7,"enemies":"Jaw Worm","floor":2,"turns":4},{"damage":2,"enemies":"Cultist","floor":4,"turns":4},{"damage":29,"enemies":"Gremlin Nob","floor":7,"turns":4},{"damage":16,"enemies":"3 Sentries","floor":10,"turns":11},{"damage":17,"enemies":"Red Slaver","floor":11,"turns":5},{"damage":36,"enemies":"Hexaghost","floor":16,"turns":11}],"seed_played":"-3471481841898039963","potions_obtained":[{"floor":2,"key":"Explosive Potion"},{"floor":10,"key":"EssenceOfSteel"},{"floor":11,"key":"ColorlessPotion"}],"is_trial":false,"path_per_floor":["M","M","?","M","?","R","E","R","T","E","M","?","R","T","R","B"],"character_chosen":"IRONCLAD","items_purchased":[],"campfire_rested":0,"item_purchase_floors":[],"current_hp_per_floor":[70,69,68,68,61,61,38,38,48,40,31,31,31,31,31,0,0],"gold":147,"neow_bonus":"RANDOM_COLORLESS_2","is_daily":false,"chose_seed":false,"campfire_upgraded":4,"win_rate":0.0,"timestamp":1613049480,"path_taken":["M","M","?","M","?","R","E","R","T","E","M","?","R","?","R","BOSS"],"items_purchased_type":[],"build_version":"2020-12-22","purchased_purges":0,"victory":false,"max_hp_per_floor":[75,75,68,68,68,68,68,68,78,78,78,78,78,78,78,78,78],"card_choices":[{"not_picked":["Thinking Ahead","Violence"],"picked":"Secret Technique","floor":0},{"not_picked":["Body Slam","Havoc"],"picked":"Twin Strike","floor":1},{"not_picked":["Headbutt","Sever Soul"],"picked":"Metallicize","floor":2},{"not_picked":["Clothesline","Heavy Blade"],"picked":"Infernal Blade","floor":4},{"not_picked":["Heavy Blade","Armaments","Warcry"],"picked":"SKIP","floor":7},{"not_picked":["Cleave","Anger"],"picked":"Barricade","floor":10},{"not_picked":["Searing Blow","Twin Strike","Sword Boomerang","Headbutt"],"picked":"SKIP","floor":11}],"player_experience":319651,"relics_obtained":[{"floor":7,"key":"Bird Faced Urn"},{"floor":9,"key":"Pear"},{"floor":10,"key":"Question Card"},{"floor":14,"key":"White Beast Statue"}],"event_choices":[{"damage_healed":0,"gold_gain":0,"player_choice":"Lose Max HP","damage_taken":0,"relics_obtained":["Golden Idol"],"max_hp_gain":0,"max_hp_loss":7,"event_name":"Golden Idol","floor":3,"gold_loss":0},{"cards_removed":["Strike_R"],"damage_healed":0,"gold_gain":0,"player_choice":"Card Removal","damage_taken":7,"max_hp_gain":0,"max_hp_loss":0,"event_name":"Golden Wing","floor":5,"gold_loss":0},{"damage_healed":0,"gold_gain":0,"player_choice":"Ignored","damage_taken":0,"max_hp_gain":0,"max_hp_loss":0,"event_name":"Liars Game","floor":12,"gold_loss":0}],"is_beta":false,"boss_relics":[],"items_purged_floors":[],"is_endless":false,"potions_floor_spawned":[2,10,11],"killed_by":"Hexaghost","ascension_level":20}}