{"host":"fff5e1uasnm04x18","time":1613015210,"event":{"mods":["BaseMod","Highlight Path","Minty Spire (QoL Compilation)","StSLib"],"gold_per_floor":[115,133,133,408,429,470,470,72,97,97,132,132,4,40,52,195,207,243,255,267,298,330,342,377,389,401,413,425,481,493,505,517,627,639,670,682,708,720,744,756,756],"floor_reached":40,"language":"ENG","playtime":2326,"items_purged":["Regret","Strike_B"],"score":508,"play_id":"82525e28-a7df-411a-9e34-b77847837284","local_time":"20210210224650","is_ascension_mode":true,"campfire_choices":[{"floor":7,"key":"REST"},{"floor":10,"key":"REST"},{"floor":12,"key":"REST"},{"data":"Rainbow","floor":15,"key":"SMITH"},{"floor":23,"key":"REST"},{"floor":25,"key":"REST"},{"data":"Self Repair","floor":27,"key":"SMITH"},{"data":"Fusion","floor":30,"key":"SMITH"},{"data":"Static Discharge","floor":32,"key":"SMITH"}],"circlet_count":0,"master_deck":["Strike_B","Defend_B","Defend_B","Defend_B","Defend_B","Dualcast","Fusion+1","Self Repair+1","Static Discharge+1","Rainbow+1","Glacier","Echo Form","Echo Form","Consume","All For One","Doom and Gloom+1","Multi-Cast"],"relics":["Cracked Core","Bloody Idol","PreservedInsect","Regal Pillow","Smiling Mask","Dead Branch","MawBank","Busted Crown","HornCleat","Strawberry","Black Star"],"acts_visited":["Exordium","TheCity","TheBeyond"],"potions_floor_usage":[6,6,16,16,22,29],"damage_taken":[{"damage":0,"enemies":"Cultist","floor":1,"turns":3},{"damage":4,"enemies":"2 Louse","floor":2,"turns":2},{"damage":12,"enemies":"Jaw Worm","floor":5,"turns":3},{"damage":25,"enemies":"3 Sentries","floor":6,"turns":8},{"damage":33,"enemies":"Lagavulin","floor":11,"turns":5},{"damage":13,"enemies":"3 Sentries","floor":14,"turns":7},{"damage":21,"enemies":"The Guardian","floor":16,"turns":13},{"damage":34,"enemies":"2 Thieves","floor":18,"turns":4},{"damage":35,"enemies":"Spheric Guardian","floor":21,"turns":8},{"damage":14,"enemies":"Chosen and Byrds","floor":22,"turns":9},{"damage":19,"enemies":"Snecko","floor":24,"turns":4},{"damage":26,"enemies":"Gremlin Leader","floor":29,"turns":6},{"damage":55,"enemies":"Champ","floor":33,"turns":12},{"damage":57,"enemies":"3 Darklings","floor":35,"turns":6},{"damage":24,"enemies":"3 Shapes","floor":37,"turns":3},{"damage":66,"enemies":"Sphere and 2 Shapes","floor":39,"turns":8},{"damage":68,"enemies":"Nemesis","floor":40,"turns":4}],"seed_played":"4135788598762436911","potions_obtained":[{"floor":1,"key":"Strength Potion"},{"floor":2,"key":"PowerPotion"},{"floor":5,"key":"Energy Potion"},{"floor":14,"key":"PowerPotion"},{"floor":18,"key":"FocusPotion"},{"floor":21,"key":"SneckoOil"},{"floor":29,"key":"Energy Potion"},{"floor":35,"key":"FairyPotion"},{"floor":37,"key":"FearPotion"}],"is_trial":false,"path_per_floor":["M","M","?","?","M","E","R","$","T","R","E","R","$","E","R","B",null,"M","?","?","M","M","R","M","R","T","R","$","E","R","?","R","B",null,"M","$","M","?","M","E"],"character_chosen":"DEFECT","items_purchased":["Static Discharge","Regal Pillow","Rainbow","Glacier"],"campfire_rested":5,"item_purchase_floors":[8,8,8,13],"current_hp_per_floor":[82,78,58,58,46,35,59,59,59,82,56,82,82,76,76,69,82,62,46,46,25,25,64,45,82,82,82,82,83,83,83,88,59,89,57,62,48,53,44,0,0],"gold":756,"neow_bonus":"TEN_PERCENT_HP_BONUS","is_daily":false,"chose_seed":false,"campfire_upgraded":4,"win_rate":0.0,"timestamp":1613015210,"path_taken":["M","?","?","?","?","E","R","$","T","R","E","R","$","E","R","BOSS","M","?","?","M","M","R","M","R","T","R","$","E","R","?","R","BOSS","M","$","M","?","M","E"],"items_purchased_type":["Card","Relic","Card","Card"],"build_version":"2020-12-22","purchased_purges":2,"victory":false,"max_hp_per_floor":[82,82,82,82,82,82,82,82,82,82,82,82,82,82,82,82,82,82,82,82,82,82,82,82,82,82,82,82,89,89,89,89,89,89,89,89,89,89,89,89,89],"card_choices":[{"not_picked":["Skim","Streamline"],"picked":"Fusion","floor":1},{"not_picked":["Beam Cell","Turbo","Gash"],"picked":"SKIP","floor":2},{"not_picked":["Aggregate","Leap"],"picked":"Self Repair","floor":5},{"not_picked":["Ball Lightning","Turbo","Sweeping Beam"],"picked":"SKIP","floor":6},{"not_picked":["Steam","Sunder","Fusion"],"picked":"SKIP","floor":11},{"not_picked":["Ball Lightning","Buffer"],"picked":"Echo Form","floor":14},{"not_picked":["Multi-Cast","Rainbow"],"picked":"Echo Form","floor":16},{"not_picked":["Aggregate+1"],"picked":"SKIP","floor":18},{"not_picked":["Fusion"],"picked":"SKIP","floor":21},{"not_picked":[],"picked":"Doom and Gloom+1","floor":22},{"not_picked":["Rebound"],"picked":"SKIP","floor":24},{"not_picked":["Barrage"],"picked":"SKIP","floor":29},{"not_picked":[],"picked":"Multi-Cast","floor":33},{"not_picked":["Go for the Eyes"],"picked":"SKIP","floor":35},{"not_picked":["Compile Driver"],"picked":"SKIP","floor":37},{"not_picked":["Beam Cell"],"picked":"SKIP","floor":39}],"player_experience":576727,"relics_obtained":[{"floor":6,"key":"PreservedInsect"},{"floor":9,"key":"Smiling Mask"},{"floor":11,"key":"Dead Branch"},{"floor":14,"key":"MawBank"},{"floor":26,"key":"HornCleat"},{"floor":29,"key":"Strawberry"}],"event_choices":[{"damage_healed":0,"gold_gain":0,"player_choice":"Take Damage","damage_taken":20,"relics_obtained":["Golden Idol"],"max_hp_gain":0,"max_hp_loss":0,"event_name":"Golden Idol","floor":3,"gold_loss":0},{"damage_healed":0,"gold_gain":275,"player_choice":"Desecrate","damage_taken":0,"max_hp_gain":0,"max_hp_loss":0,"event_name":"Golden Shrine","floor":4,"gold_loss":0,"cards_obtained":["Regret"]},{"damage_healed":0,"gold_gain":0,"player_choice":"Obtained Book","damage_taken":16,"max_hp_gain":0,"max_hp_loss":0,"event_name":"Cursed Tome","floor":19,"gold_loss":0},{"damage_healed":0,"gold_gain":0,"cards_transformed":["Strike_B","Strike_B"],"player_choice":"Became Test Subject","damage_taken":0,"max_hp_gain":0,"max_hp_loss":0,"event_name":"Drug Dealer","floor":20,"gold_loss":0,"cards_obtained":["Consume","All For One"]},{"damage_healed":0,"gold_gain":0,"player_choice":"Gave Idol","damage_taken":0,"relics_obtained":["Bloody Idol"],"max_hp_gain":0,"max_hp_loss":0,"event_name":"Forgotten Altar","floor":31,"relics_lost":["Golden Idol"],"gold_loss":0},{"cards_removed":["Zap"],"damage_healed":0,"gold_gain":0,"player_choice":"Removed Skill","damage_taken":0,"max_hp_gain":0,"max_hp_loss":0,"event_name":"Falling","floor":38,"gold_loss":0}],"is_beta":false,"boss_relics":[{"not_picked":["Astrolabe","FrozenCore"],"picked":"Busted Crown"},{"not_picked":["Tiny House","Fusion Hammer"],"picked":"Black Star"}],"items_purged_floors":[8,13],"is_endless":false,"potions_floor_spawned":[1,2,5,14,18,21,29,35,37],"killed_by":"Nemesis","ascension_level":3}}