{"host":"6rd8hsjmp8z8o98z","time":1613079722,"event":{"mods":["AchievementEnabler","BaseMod","Better Match","Better Third Choice","BetterRewards","Gremlin Mod","Minty Spire (QoL Compilation)","Say the Spire","Shop Mod","StSLib","The Jungle"],"gold_per_floor":[115,15,15,27,44,44,0,33,33,33,33,65,65,81,81,180,180,190,201,201,216,228,254,254,69,114,114,114,114,114,214,214,319,319,330,378,428,444,463,63,63,63,87,87,13,13,13],"floor_reached":46,"language":"KOR","playtime":2614,"items_purged":["Strike_B","Strike_B"],"score":706,"play_id":"b589b42a-b4f8-47ee-bf5c-bc1cdad9f1aa","local_time":"20210212064202","is_ascension_mode":true,"campfire_choices":[{"floor":6,"key":"REST"},{"floor":11,"key":"REST"},{"data":"Dualcast","floor":13,"key":"SMITH"},{"floor":15,"key":"REST"},{"floor":24,"key":"REST"},{"floor":27,"key":"REST"},{"data":"Seek","floor":30,"key":"SMITH"},{"floor":32,"key":"REST"},{"floor":41,"key":"REST"},{"floor":44,"key":"REST"}],"circlet_count":0,"master_deck":["Strike_B+1","Defend_B","Defend_B","Defend_B","Defend_B","Zap+1","Dualcast+1","Sunder+1","Streamline","Rebound","Leap","Redo","Bandage Up","FTL","Darkness","Self Repair","Cold Snap","Conserve Battery","Seek+1","Static Discharge","Coolheaded","Recycle","Creative AI+1","Lockon+1","Aggregate+1","Decay","Shame","Capacitor"],"relics":["Cracked Core","Torii","Juzu Bracelet","Orrery","Whetstone","Blue Candle","betterThird:SlimedRelic","Nunchaku","Mercury Hourglass","Singing Bowl","Busted Crown","theJungle:WildPear","Strawberry","theJungle:Creamberry","DataDisk","Cursed Key","Gambling Chip","Girya","Bottled Lightning","ClockworkSouvenir","Happy Flower"],"acts_visited":["Exordium","Exordium","TheBeyond"],"potions_floor_usage":[12,21,22],"damage_taken":[{"damage":0,"enemies":"Cultist","floor":1,"turns":2},{"damage":0,"enemies":"2 Louse","floor":4,"turns":2},{"damage":1,"enemies":"Small Slimes","floor":5,"turns":3},{"damage":30,"enemies":"Lagavulin","floor":8,"turns":5},{"damage":10,"enemies":"3 Sentries","floor":12,"turns":4},{"damage":0,"enemies":"Blue Slaver","floor":14,"turns":3},{"damage":21,"enemies":"Hexaghost","floor":16,"turns":8},{"damage":2,"enemies":"theJungle:Flameango_and_Byrd","floor":18,"turns":5},{"damage":2,"enemies":"theJungle:MUSHROOMGANG","floor":19,"turns":3},{"damage":0,"enemies":"theJungle:Lyon","floor":21,"turns":3},{"damage":40,"enemies":"theJungle:2_Snecko_Cultists","floor":22,"turns":3},{"damage":30,"enemies":"theJungle:MamaSnecko","floor":23,"turns":7},{"damage":3,"enemies":"theJungle:QueenSpyder","floor":33,"turns":15},{"damage":3,"enemies":"3 Darklings","floor":35,"turns":5},{"damage":52,"enemies":"2 Orb Walkers","floor":36,"turns":5},{"damage":4,"enemies":"Mind Bloom Boss Battle","floor":37,"turns":5},{"damage":1,"enemies":"3 Shapes","floor":38,"turns":4},{"damage":45,"enemies":"Transient","floor":39,"turns":5},{"damage":101,"enemies":"Writhing Mass","floor":46,"turns":5}],"seed_played":"-2913723832223441792","potions_obtained":[{"floor":5,"key":"Ancient Potion"},{"floor":12,"key":"Fire Potion"},{"floor":16,"key":"Energy Potion"},{"floor":21,"key":"ColorlessPotion"},{"floor":22,"key":"Strength Potion"},{"floor":37,"key":"PotionOfCapacity"}],"is_trial":false,"path_per_floor":["M","$","?","M","M","R","?","E","T","?","R","E","R","M","R","B",null,"M","M","?","M","M","E","R","?","T","R","?","?","R","?","R","B",null,"M","?","?","M","M","$","R","?","T","R","$","M"],"character_chosen":"DEFECT","items_purchased":["Juzu Bracelet","Orrery","Whetstone","Bandage Up","Explosive Potion","Bottled Lightning","ClockworkSouvenir","Capacitor"],"campfire_rested":8,"item_purchase_floors":[0,0,0,0,0,40,40,45],"current_hp_per_floor":[44,44,41,45,48,70,59,33,33,33,55,56,56,60,75,65,75,76,79,89,89,49,37,65,65,65,93,93,83,83,83,96,96,96,97,56,65,68,36,36,66,66,66,96,96,0,0],"gold":13,"neow_bonus":"","is_daily":false,"chose_seed":false,"campfire_upgraded":2,"win_rate":0.0,"timestamp":1613079722,"path_taken":["M","$","?","M","M","R","?","E","T","?","R","E","R","M","R","BOSS","M","M","?","M","M","E","R","?","T","R","?","?","R","?","R","BOSS","M","?","?","M","M","$","R","?","T","R","$","M"],"items_purchased_type":["Relic","Relic","Relic","Card","Potion","Relic","Relic","Card"],"build_version":"2020-12-22","purchased_purges":2,"victory":false,"max_hp_per_floor":[75,75,75,75,75,75,75,75,75,75,75,75,75,75,75,75,75,77,79,89,89,89,96,96,96,96,96,96,96,96,96,96,96,96,98,98,100,100,102,102,102,102,102,102,102,102,102],"card_choices":[{"not_picked":["Conserve Battery","Scrape"],"picked":"Sunder","floor":0},{"not_picked":["Steam","Hologram"],"picked":"Streamline","floor":0},{"not_picked":["Leap","Thunder Strike"],"picked":"Rebound","floor":0},{"not_picked":["Aggregate","Heatsinks"],"picked":"Leap","floor":0},{"not_picked":["Recycle","Steam"],"picked":"Redo","floor":0},{"not_picked":["Coolheaded","Steam"],"picked":"FTL","floor":1},{"not_picked":["Redo","Compile Driver"],"picked":"Darkness","floor":4},{"not_picked":["Steam","Reprogram","Hello World"],"picked":"SKIP","floor":5},{"not_picked":["Barrage","Ball Lightning"],"picked":"Self Repair","floor":8},{"not_picked":["Go for the Eyes","Meteor Strike"],"picked":"Cold Snap","floor":12},{"not_picked":["Barrage","Stack"],"picked":"Conserve Battery","floor":14},{"not_picked":["Reboot","Thunder Strike"],"picked":"Seek","floor":16},{"not_picked":["Heatsinks"],"picked":"Singing Bowl","floor":18},{"not_picked":["Leap"],"picked":"Singing Bowl","floor":19},{"not_picked":[],"picked":"Static Discharge","floor":21},{"not_picked":[],"picked":"Coolheaded","floor":22},{"not_picked":[],"picked":"Recycle","floor":23},{"not_picked":[],"picked":"Creative AI+1","floor":33},{"not_picked":["Gash+1"],"picked":"Singing Bowl","floor":35},{"not_picked":[],"picked":"Lockon+1","floor":36},{"not_picked":["Reprogram+1"],"picked":"Singing Bowl","floor":37},{"not_picked":[],"picked":"Aggregate+1","floor":38},{"not_picked":["Sweeping Beam+1"],"picked":"Singing Bowl","floor":39}],"player_experience":538887,"relics_obtained":[{"floor":8,"key":"Nunchaku"},{"floor":9,"key":"Mercury Hourglass"},{"floor":12,"key":"Singing Bowl"},{"floor":23,"key":"Strawberry"},{"floor":26,"key":"DataDisk"},{"floor":36,"key":"Gambling Chip"},{"floor":37,"key":"Girya"},{"floor":43,"key":"Happy Flower"}],"event_choices":[{"damage_healed":0,"gold_gain":0,"player_choice":"Relic ","damage_taken":3,"max_hp_gain":0,"max_hp_loss":0,"event_name":"betterThird:BetterScrap","floor":3,"gold_loss":0,"cards_obtained":["Nirvana"]},{"damage_healed":0,"gold_gain":0,"player_choice":"Slimed","damage_taken":11,"max_hp_gain":0,"max_hp_loss":0,"event_name":"betterThird:BetterGoop","floor":7,"gold_loss":44},{"damage_healed":0,"gold_gain":0,"player_choice":"Grow","damage_taken":0,"max_hp_gain":0,"max_hp_loss":0,"event_name":"Living Wall","floor":10,"gold_loss":0,"cards_upgraded":["Zap"]},{"damage_healed":0,"gold_gain":100,"player_choice":"Pray","damage_taken":0,"max_hp_gain":0,"max_hp_loss":0,"event_name":"Golden Shrine","floor":31,"gold_loss":0},{"damage_healed":0,"gold_gain":0,"player_choice":"Fight","damage_taken":0,"max_hp_gain":0,"max_hp_loss":0,"event_name":"Mysterious Sphere","floor":36,"gold_loss":0},{"damage_healed":0,"gold_gain":0,"player_choice":"Fight","damage_taken":0,"max_hp_gain":0,"max_hp_loss":0,"event_name":"MindBloom","floor":37,"gold_loss":0},{"damage_healed":0,"gold_gain":0,"player_choice":"Cursed","damage_taken":0,"max_hp_gain":0,"max_hp_loss":0,"event_name":"Wheel of Change","floor":42,"gold_loss":0,"cards_obtained":["Decay"]}],"is_beta":false,"boss_relics":[{"not_picked":["Runic Dome","Philosopher\u0027s Stone"],"picked":"Busted Crown"},{"not_picked":["SacredBark","Velvet Choker"],"picked":"Cursed Key"}],"items_purged_floors":[0,2],"is_endless":false,"potions_floor_spawned":[5,12,16,21,22,23,37,38],"killed_by":"Writhing Mass","ascension_level":3}}