{"host":"txhhdwa0hqfs4jhb","time":1613071413,"event":{"mods":["BaseMod","Better Third Choice","Filter the Spire","Fox Events","Jorbs\u0027s Wanderer Trilogy","Minty Spire (QoL Compilation)","Relic Filter Mod","Relic Stats","StSLib","Thieving Mod"],"gold_per_floor":[209,309,326,401,87,112,128,83,136,163,163,208,219,252,252,252,252],"floor_reached":16,"language":"ENG","playtime":1275,"items_purged":["stsjorbsmod:Strike_Wanderer"],"score":124,"play_id":"73ca382f-24cc-42fe-ad4d-a20180ddb1d1","local_time":"20210211192333","is_ascension_mode":true,"campfire_choices":[{"floor":15,"key":"REST"}],"circlet_count":0,"master_deck":["stsjorbsmod:ForbiddenGrimoire+1","stsjorbsmod:Strike_Wanderer","stsjorbsmod:Strike_Wanderer+1","stsjorbsmod:Strike_Wanderer","stsjorbsmod:Defend_Wanderer","stsjorbsmod:Defend_Wanderer+1","stsjorbsmod:Defend_Wanderer","stsjorbsmod:Defend_Wanderer","stsjorbsmod:FreshAdventure","stsjorbsmod:EyeOfTheStorm","stsjorbsmod:TinyHut","stsjorbsmod:Feast+1","stsjorbsmod:ChainLightning+1","stsjorbsmod:ChatteringStrike+1","stsjorbsmod:ChainLightning+1"],"relics":["stsjorbsmod:GrimoireRelic","Molten Egg 2","Oddly Smooth Stone","Bag of Marbles","The Courier","MealTicket","stsjorbsmod:MindPalaceRelic"],"acts_visited":["Exordium"],"potions_floor_usage":[14],"damage_taken":[{"damage":0,"enemies":"Cultist","floor":1,"turns":6},{"damage":9,"enemies":"Jaw Worm","floor":3,"turns":7},{"damage":43,"enemies":"Gremlin Nob","floor":6,"turns":6},{"damage":0,"enemies":"2 Louse","floor":7,"turns":4},{"damage":0,"enemies":"Looter","floor":8,"turns":5},{"damage":19,"enemies":"Lagavulin","floor":10,"turns":9},{"damage":0,"enemies":"Blue Slaver","floor":13,"turns":5},{"damage":18,"enemies":"3 Sentries","floor":14,"turns":7},{"damage":37,"enemies":"Slime Boss","floor":16,"turns":7}],"seed_played":"-6684116656335247715","potions_obtained":[{"floor":3,"key":"FairyPotion"},{"floor":6,"key":"Weak Potion"}],"is_trial":false,"path_per_floor":["M","?","M","?","$","E","M","M","T","E","?","T","M","E","R","B"],"character_chosen":"WANDERER","items_purchased":["Molten Egg 2"],"campfire_rested":1,"item_purchase_floors":[5],"current_hp_per_floor":[68,68,59,48,48,10,18,22,22,3,3,3,8,13,35,0,0],"gold":252,"neow_bonus":"HUNDRED_GOLD","is_daily":false,"chose_seed":false,"campfire_upgraded":0,"win_rate":0.0,"timestamp":1613071413,"path_taken":["M","?","?","?","$","E","M","M","T","E","?","?","M","E","R","BOSS"],"items_purchased_type":["Relic"],"build_version":"2020-12-22","purchased_purges":1,"victory":false,"max_hp_per_floor":[68,68,68,68,68,68,72,72,72,72,72,72,74,74,74,74,74],"relic_stats":{"counters":[9,56],"MealTicket":0,"obtain_stats":[{"Oddly Smooth Stone":6,"stsjorbsmod:GrimoireRelic":0,"Molten Egg 2":5,"MealTicket":12,"The Courier":10,"Bag of Marbles":9,"stsjorbsmod:MindPalaceRelic":14},{"Oddly Smooth Stone":3,"stsjorbsmod:GrimoireRelic":0,"Molten Egg 2":2,"MealTicket":6,"The Courier":6,"Bag of Marbles":5,"stsjorbsmod:MindPalaceRelic":8},{"Oddly Smooth Stone":19,"stsjorbsmod:GrimoireRelic":0,"Molten Egg 2":13,"MealTicket":37,"The Courier":37,"Bag of Marbles":28,"stsjorbsmod:MindPalaceRelic":49}]},"card_choices":[{"not_picked":["stsjorbsmod:FracturedMind","stsjorbsmod:Hurt","stsjorbsmod:RayOfFrost"],"picked":"SKIP","floor":1},{"not_picked":["stsjorbsmod:BurningFlask","stsjorbsmod:ScorchingRay"],"picked":"stsjorbsmod:TinyHut","floor":3},{"not_picked":["stsjorbsmod:HedgeWizard","stsjorbsmod:Materialize"],"picked":"stsjorbsmod:Feast","floor":6},{"not_picked":["stsjorbsmod:UnseenServant","stsjorbsmod:Counterspell","stsjorbsmod:Index"],"picked":"SKIP","floor":7},{"not_picked":["stsjorbsmod:ScorchingRay","stsjorbsmod:Index","stsjorbsmod:BookOfTongues"],"picked":"SKIP","floor":8},{"not_picked":["stsjorbsmod:Aid","stsjorbsmod:FracturedMind+1"],"picked":"stsjorbsmod:ChainLightning+1","floor":10},{"not_picked":["stsjorbsmod:ChainLightning+1","stsjorbsmod:DisguiseSelf"],"picked":"stsjorbsmod:ChatteringStrike+1","floor":13},{"not_picked":["stsjorbsmod:BookOfTongues","stsjorbsmod:BurningFlask"],"picked":"stsjorbsmod:ChainLightning+1","floor":14}],"player_experience":318782,"relics_obtained":[{"floor":6,"key":"Oddly Smooth Stone"},{"floor":9,"key":"Bag of Marbles"},{"floor":10,"key":"The Courier"},{"floor":12,"key":"MealTicket"},{"floor":14,"key":"stsjorbsmod:MindPalaceRelic"}],"event_choices":[{"damage_healed":0,"gold_gain":100,"player_choice":"Pray","damage_taken":0,"max_hp_gain":0,"max_hp_loss":0,"event_name":"Golden Shrine","floor":2,"gold_loss":0},{"damage_healed":0,"gold_gain":75,"player_choice":"Gold","damage_taken":11,"max_hp_gain":0,"max_hp_loss":0,"event_name":"betterThird:BetterGoop","floor":4,"gold_loss":0},{"damage_healed":3,"gold_gain":0,"player_choice":"Leave","damage_taken":0,"max_hp_gain":0,"max_hp_loss":72,"event_name":"betterThird:BetterShining","floor":11,"gold_loss":0}],"is_beta":false,"boss_relics":[],"items_purged_floors":[5],"is_endless":false,"potions_floor_spawned":[3,6],"killed_by":"Slime Boss","ascension_level":1}}