{"host":"mi0eibewekhugwl1","time":1613018268,"event":{"mods":["AchievementEnabler","BaseMod","Colored Map","Colored Powertips","DeckTracker","Keyboard Shortcuts","Minty Spire (QoL Compilation)","Quick Restart","Rare Cards Sparkle","Relic Stats","StSLib","SuperFastMode","everything is the same but u backflip on backflip"],"gold_per_floor":[109,109,109,129,143,143,155,71,71,81,97,372,389,420,420,499,499,515,243,243,259,272,272,285,311,311,331,331,365,365,384,384,458,458,469,38,63,63,76,76,109,109,160,160,160],"floor_reached":44,"language":"KOR","playtime":1042,"items_purged":["Strike_G"],"score":920,"play_id":"742260a0-00e7-4c32-b88f-16294a074351","local_time":"20210211133748","is_ascension_mode":true,"campfire_choices":[{"data":"Cloak And Dagger","floor":6,"key":"SMITH"},{"floor":15,"key":"REST"},{"floor":23,"key":"REST"},{"data":"After Image","floor":28,"key":"SMITH"},{"floor":32,"key":"REST"},{"data":"Adrenaline","floor":40,"key":"SMITH"}],"circlet_count":0,"master_deck":["AscendersBane","Defend_G","Defend_G","Defend_G","Defend_G","Defend_G","Survivor","Neutralize","Adrenaline+1","Cloak And Dagger+1","Tactician","Masterful Stab","Dagger Spray","Endless Agony","Backstab","Leg Sweep","After Image+1","Backflip+1","Infinite Blades","Endless Agony+1","Choke+1","Terror","Prepared+1","Finisher+1","A Thousand Cuts","Die Die Die+1","Blade Dance","Phantasmal Killer","Accuracy","Backflip+1","Glass Knife+1"],"relics":["Ring of the Snake","Shuriken","Molten Egg 2","Empty Cage","TwistedFunnel","Red Mask","TungstenRod","Orichalcum","WristBlade","OrangePellets","WingedGreaves","Lantern"],"acts_visited":["Exordium","TheCity","TheBeyond"],"potions_floor_usage":[7,29,41,41],"damage_taken":[{"damage":2,"enemies":"2 Louse","floor":1,"turns":2},{"damage":0,"enemies":"Small Slimes","floor":4,"turns":3},{"damage":0,"enemies":"Cultist","floor":5,"turns":4},{"damage":1,"enemies":"Lots of Slimes","floor":7,"turns":2},{"damage":3,"enemies":"Looter","floor":10,"turns":2},{"damage":0,"enemies":"Red Slaver","floor":11,"turns":3},{"damage":0,"enemies":"2 Fungi Beasts","floor":13,"turns":2},{"damage":19,"enemies":"3 Sentries","floor":14,"turns":7},{"damage":32,"enemies":"The Guardian","floor":16,"turns":18},{"damage":4,"enemies":"Chosen","floor":18,"turns":7},{"damage":0,"enemies":"2 Thieves","floor":21,"turns":2},{"damage":11,"enemies":"Cultist and Chosen","floor":22,"turns":5},{"damage":7,"enemies":"Snecko","floor":24,"turns":5},{"damage":0,"enemies":"Masked Bandits","floor":25,"turns":3},{"damage":0,"enemies":"Snake Plant","floor":27,"turns":4},{"damage":13,"enemies":"Book of Stabbing","floor":29,"turns":5},{"damage":6,"enemies":"Shelled Parasite and Fungi","floor":31,"turns":4},{"damage":49,"enemies":"Automaton","floor":33,"turns":9},{"damage":0,"enemies":"Orb Walker","floor":35,"turns":2},{"damage":4,"enemies":"Mind Bloom Boss Battle","floor":37,"turns":5},{"damage":7,"enemies":"3 Shapes","floor":39,"turns":3},{"damage":33,"enemies":"Nemesis","floor":41,"turns":7},{"damage":11,"enemies":"Writhing Mass","floor":44,"turns":2}],"seed_played":"-5284840641305983754","potions_obtained":[{"floor":1,"key":"ColorlessPotion"},{"floor":11,"key":"Energy Potion"},{"floor":13,"key":"FairyPotion"},{"floor":33,"key":"SteroidPotion"},{"floor":37,"key":"ColorlessPotion"},{"floor":41,"key":"SteroidPotion"}],"is_trial":false,"path_per_floor":["M","?","?","M","M","R","M","$","T","M","M","?","M","E","R","B",null,"M","$","?","M","M","R","M","?","T","M","R","E","?","M","R","B",null,"M","$","?","?","M","R","E","?","T","M"],"character_chosen":"THE_SILENT","items_purchased":["Masterful Stab","TwistedFunnel","Infinite Blades","Phantasmal Killer","Accuracy","OrangePellets"],"campfire_rested":3,"item_purchase_floors":[8,19,19,36,36,36],"current_hp_per_floor":[42,42,42,42,42,42,41,41,41,38,38,38,38,19,38,6,51,47,47,47,47,36,55,48,48,48,48,48,35,35,29,48,19,54,54,54,50,50,43,43,10,10,10,0,0],"gold":160,"neow_bonus":"THREE_RARE_CARDS","is_daily":false,"chose_seed":false,"campfire_upgraded":3,"win_rate":0.0,"timestamp":1613018268,"path_taken":["M","?","?","?","M","R","M","$","T","?","M","?","?","E","R","BOSS","M","$","?","M","M","R","M","?","T","M","R","E","?","?","R","BOSS","M","$","?","?","M","R","E","?","T","M"],"items_purchased_type":["Card","Relic","Card","Card","Card","Relic"],"build_version":"2020-12-22","purchased_purges":1,"victory":false,"max_hp_per_floor":[66,66,66,66,66,66,66,66,66,66,66,66,66,66,66,66,66,66,66,66,66,66,66,66,66,66,66,66,66,66,66,66,66,66,66,66,66,63,63,63,63,63,63,63,63],"relic_stats":{"OrangePellets":[1],"counters":[23,106],"Shuriken":[53],"Orichalcum":[0],"obtain_stats":[{"TwistedFunnel":19,"OrangePellets":36,"Lantern":41,"WristBlade":34,"Shuriken":9,"Molten Egg 2":14,"WingedGreaves":37,"Red Mask":25,"Orichalcum":29,"Empty Cage":17,"TungstenRod":26,"Ring of the Snake":0},{"TwistedFunnel":10,"OrangePellets":19,"Lantern":22,"WristBlade":18,"Shuriken":4,"Molten Egg 2":8,"WingedGreaves":20,"Red Mask":14,"Orichalcum":16,"Empty Cage":9,"TungstenRod":14,"Ring of the Snake":0},{"TwistedFunnel":50,"OrangePellets":89,"Lantern":104,"WristBlade":87,"Shuriken":11,"Molten Egg 2":25,"WingedGreaves":94,"Red Mask":65,"Orichalcum":74,"Empty Cage":43,"TungstenRod":65,"Ring of the Snake":0}],"TungstenRod":20,"Ring of the Snake":[48]},"card_choices":[{"not_picked":["Burst","Phantasmal Killer"],"picked":"Adrenaline","floor":0},{"not_picked":["Quick Slash","Underhanded Strike"],"picked":"Cloak And Dagger","floor":1},{"not_picked":["Deflect","Backflip","Distraction"],"picked":"SKIP","floor":4},{"not_picked":["Sucker Punch","Bane","All Out Attack"],"picked":"SKIP","floor":5},{"not_picked":["Quick Slash","Flying Knee"],"picked":"Tactician","floor":7},{"not_picked":["Quick Slash","Acrobatics"],"picked":"Dagger Spray","floor":10},{"not_picked":["Flying Knee","Dagger Spray"],"picked":"Endless Agony","floor":11},{"not_picked":["Unload","Poisoned Stab"],"picked":"Backstab","floor":13},{"not_picked":["Underhanded Strike+1","Escape Plan"],"picked":"Leg Sweep","floor":14},{"not_picked":["Envenom","Burst"],"picked":"After Image","floor":16},{"not_picked":["Outmaneuver","Heel Hook+1"],"picked":"Backflip+1","floor":18},{"not_picked":["Prepared","Bouncing Flask+1","Deflect"],"picked":"SKIP","floor":21},{"not_picked":["Escape Plan","Expertise+1"],"picked":"Terror","floor":22},{"not_picked":["Dodge and Roll","Underhanded Strike+1"],"picked":"Prepared+1","floor":24},{"not_picked":["Poisoned Stab+1","Dagger Throw+1","PiercingWail"],"picked":"SKIP","floor":27},{"not_picked":["All Out Attack+1","Quick Slash+1"],"picked":"Finisher+1","floor":29},{"not_picked":["Flying Knee+1","Bane+1","Deadly Poison"],"picked":"SKIP","floor":31},{"not_picked":["Tools of the Trade","Storm of Steel"],"picked":"Die Die Die+1","floor":33},{"not_picked":["Dodge and Roll","Poisoned Stab+1"],"picked":"Blade Dance","floor":35},{"not_picked":["Endless Agony+1","Finisher+1"],"picked":"Backflip+1","floor":37},{"not_picked":["Slice+1","Sucker Punch+1","Choke+1"],"picked":"SKIP","floor":39},{"not_picked":["Deadly Poison+1","Quick Slash+1"],"picked":"Glass Knife+1","floor":41}],"player_experience":1794475,"relics_obtained":[{"floor":9,"key":"Shuriken"},{"floor":14,"key":"Molten Egg 2"},{"floor":25,"key":"Red Mask"},{"floor":26,"key":"TungstenRod"},{"floor":29,"key":"Orichalcum"},{"floor":37,"key":"WingedGreaves"},{"floor":41,"key":"Lantern"}],"event_choices":[{"cards_removed":["Strike_G"],"damage_healed":0,"gold_gain":0,"player_choice":"Forget","damage_taken":0,"max_hp_gain":0,"max_hp_loss":0,"event_name":"Living Wall","floor":2,"gold_loss":0},{"damage_healed":0,"gold_gain":0,"player_choice":"0 cards matched","damage_taken":0,"max_hp_gain":0,"max_hp_loss":0,"event_name":"Match and Keep!","floor":3,"gold_loss":0,"cards_obtained":[]},{"damage_healed":0,"gold_gain":275,"player_choice":"Desecrate","damage_taken":0,"max_hp_gain":0,"max_hp_loss":0,"event_name":"Golden Shrine","floor":12,"gold_loss":0,"cards_obtained":["Regret"]},{"damage_healed":0,"gold_gain":0,"cards_transformed":["Strike_G","Strike_G"],"player_choice":"Became Test Subject","damage_taken":0,"max_hp_gain":0,"max_hp_loss":0,"event_name":"Drug Dealer","floor":20,"gold_loss":0,"cards_obtained":["Endless Agony","Choke"]},{"damage_healed":0,"gold_gain":0,"player_choice":"Fought Bandits","damage_taken":0,"max_hp_gain":0,"max_hp_loss":0,"event_name":"Masked Bandits","floor":25,"gold_loss":0},{"damage_healed":0,"gold_gain":0,"player_choice":"1 cards matched","damage_taken":0,"max_hp_gain":0,"max_hp_loss":0,"event_name":"Match and Keep!","floor":30,"gold_loss":0,"cards_obtained":["A Thousand Cuts"]},{"damage_healed":0,"gold_gain":0,"player_choice":"Fight","damage_taken":0,"max_hp_gain":0,"max_hp_loss":0,"event_name":"MindBloom","floor":37,"gold_loss":0},{"damage_healed":0,"gold_gain":0,"player_choice":"Max HP","damage_taken":0,"max_hp_gain":0,"max_hp_loss":3,"event_name":"Winding Halls","floor":38,"gold_loss":0},{"damage_healed":0,"gold_gain":0,"player_choice":"Memory 1","damage_taken":0,"max_hp_gain":0,"max_hp_loss":0,"event_name":"SensoryStone","floor":42,"gold_loss":0}],"is_beta":false,"boss_relics":[{"not_picked":["SlaversCollar","Black Star"],"picked":"Empty Cage"},{"not_picked":["Runic Pyramid","Velvet Choker"],"picked":"WristBlade"}],"items_purged_floors":[19],"is_endless":false,"potions_floor_spawned":[1,11,13,16,24,25,27,33,37,39,41],"killed_by":"Writhing Mass","ascension_level":20}}