{"host":"hx5bui4di82vxq8x","time":1613025903,"event":{"mods":["Act Like it!","Arknights","BaseMod","Colored Powertips","Dota2Spire","Friendly Minions","Minty Spire (QoL Compilation)","Quick Restart","Replay The Spire","Spicy Shops","StSLib"],"gold_per_floor":[117,117,143,155,167,212,244,256,292,319,342,374,386,25,25,25,25],"floor_reached":16,"language":"ZHS","playtime":747,"items_purged":[],"score":102,"play_id":"12f4e50a-5a28-47ff-ba2f-2c808877e3df","local_time":"20210211144503","is_ascension_mode":false,"campfire_choices":[{"data":"ats:Emotion Absorption","floor":8,"key":"SMITH"},{"floor":13,"key":"REST"},{"data":"ats:Apocalypse","floor":15,"key":"SMITH"}],"circlet_count":0,"master_deck":["ats:Strike C","ats:Strike G","ats:Strike S","ats:Strike V","ats:Armor Crushing Shot","ats:Defend","ats:Defend","ats:Defend","ats:Defend","ats:Emotion Absorption+1","Jack Of All Trades","ats:Explosion Area Strengthen","ats:Assault Order","Iron Wave","ats:Blood Oath","ats:Automatic Cover","ats:Apocalypse","ats:Red Shift","ats:Cat Scratch","ats:Apocalypse+1"],"relics":["ats:Sanity","MawBank","ats:Originium","Dota2Spire:ArcaneBoots","Lantern","Dota2Spire:OctarineCore"],"acts_visited":["Exordium"],"potions_floor_usage":[10,12],"damage_taken":[{"damage":12,"enemies":"2 Louse","floor":1,"turns":4},{"damage":17,"enemies":"Jaw Worm","floor":3,"turns":5},{"damage":22,"enemies":"3 Sentries","floor":6,"turns":5},{"damage":7,"enemies":"ats:Genji","floor":7,"turns":2},{"damage":12,"enemies":"Gremlin Gang","floor":10,"turns":5},{"damage":12,"enemies":"Looter","floor":11,"turns":4},{"damage":0,"enemies":"Large Slime","floor":12,"turns":4},{"damage":75,"enemies":"Fading Forest","floor":16,"turns":8}],"seed_played":"6546172988082145434","potions_obtained":[{"floor":1,"key":"Milkshake"},{"floor":6,"key":"Adrenaline Potion"},{"floor":11,"key":"Weak Potion"}],"is_trial":false,"path_per_floor":["M","?","M","$","?","E","M","R","T","M","M","M","R","$","R","B"],"character_chosen":"DOCTOR_CLASS","items_purchased":["Dota2Spire:OctarineCore","ats:Apocalypse"],"campfire_rested":1,"item_purchase_floors":[14,14],"current_hp_per_floor":[60,60,43,43,43,21,17,17,17,11,6,16,37,37,37,0,0],"gold":25,"neow_bonus":"RANDOM_COLORLESS","is_daily":false,"chose_seed":false,"campfire_upgraded":2,"win_rate":0.0,"timestamp":1613025903,"path_taken":["M","?","M","?","?","E","M","R","T","M","?","M","R","$","R","BOSS"],"items_purchased_type":["Relic","Card"],"build_version":"2020-12-22","purchased_purges":0,"victory":false,"max_hp_per_floor":[72,72,72,72,72,72,72,72,72,72,72,72,72,72,72,72,72],"card_choices":[{"not_picked":["Purity","PanicButton"],"picked":"Jack Of All Trades","floor":0},{"not_picked":["ats:Flame Of Heaven","ats:Closed Bolt Burst Fire"],"picked":"ats:Explosion Area Strengthen","floor":1},{"not_picked":["ats:Hammer On","ats:Revitalization"],"picked":"ats:Assault Order","floor":3},{"not_picked":["ats:Consecutive Shot Auto","ats:Closed Bolt Burst Fire"],"picked":"ats:Blood Oath","floor":6},{"not_picked":["ats:Sunburst","ats:Closed Bolt Burst Fire"],"picked":"ats:Automatic Cover","floor":7},{"not_picked":["ats:Revitalization","ats:Absolute Focus"],"picked":"ats:Apocalypse","floor":10},{"not_picked":["ats:Composite Medical Shells","ats:Curse Doll"],"picked":"ats:Red Shift","floor":11},{"not_picked":["ats:Revitalization","ats:Healing Strengthening"],"picked":"ats:Cat Scratch","floor":12}],"player_experience":430346,"relics_obtained":[{"floor":6,"key":"ats:Originium"},{"floor":6,"key":"Dota2Spire:ArcaneBoots"},{"floor":9,"key":"Lantern"}],"event_choices":[{"damage_healed":0,"gold_gain":0,"player_choice":"Box","damage_taken":0,"relics_obtained":["MawBank"],"max_hp_gain":0,"max_hp_loss":0,"event_name":"Big Fish","floor":2,"gold_loss":0,"cards_obtained":["Regret"]},{"cards_removed":["Regret"],"damage_healed":0,"gold_gain":0,"player_choice":"Took Card","damage_taken":0,"max_hp_gain":0,"max_hp_loss":0,"event_name":"NoteForYourself","floor":5,"gold_loss":0,"cards_obtained":["Iron Wave"]}],"is_beta":false,"boss_relics":[],"items_purged_floors":[],"is_endless":false,"potions_floor_spawned":[1,6,11],"killed_by":"Fading Forest","ascension_level":0}}