{"host":"gjwzgdilc53yxmt0","time":1613065484,"event":{"mods":["2.2 Compatiblity","BaseMod","Bestiary","Highlight Path","Minty Spire (QoL Compilation)","Relic Stats","StSLib","ojb\u0027s Info Mod"],"gold_per_floor":[110,110,54,66,82,111,127,127,175,209,259,259,294,29,29,103,103,116,27,42,62,23,23,23,51,126,126,126,126],"floor_reached":28,"language":"ENG","playtime":1310,"items_purged":[],"score":558,"play_id":"33df99da-8880-48fb-be93-4f8890ddf3bd","local_time":"20210211124444","is_ascension_mode":true,"campfire_choices":[{"floor":12.0,"key":"REST"},{"data":"Eruption","floor":15.0,"key":"SMITH"},{"floor":23.0,"key":"REST"}],"circlet_count":0,"master_deck":["AscendersBane","Strike_P","Strike_P","Strike_P","Defend_P","Defend_P","Defend_P","Eruption+1","Vigilance","FlyingSleeves","EmptyFist","FlurryOfBlows","Wallop","FollowUp","Evaluate","Omniscience","Indignation","FlurryOfBlows","Blasphemy","ThirdEye","Wallop","Crescendo","WaveOfTheHand","FearNoEvil","Wish"],"relics":["Empty Cage","Letter Opener","Regal Pillow","Potion Belt","GoldenEye","Pear","Vajra","Sozu","Gambling Chip"],"acts_visited":["Exordium","TheCity"],"potions_floor_usage":[],"damage_taken":[{"damage":8.0,"enemies":"Jaw Worm","floor":1.0,"turns":6.0},{"damage":0.0,"enemies":"Cultist","floor":4.0,"turns":2.0},{"damage":0.0,"enemies":"2 Louse","floor":5.0,"turns":3.0},{"damage":41.0,"enemies":"Lagavulin","floor":6.0,"turns":8.0},{"damage":0.0,"enemies":"Gremlin Gang","floor":7.0,"turns":5.0},{"damage":0.0,"enemies":"Gremlin Nob","floor":10.0,"turns":2.0},{"damage":27.0,"enemies":"3 Sentries","floor":13.0,"turns":9.0},{"damage":13.0,"enemies":"Hexaghost","floor":16.0,"turns":6.0},{"damage":16.0,"enemies":"Shell Parasite","floor":18.0,"turns":2.0},{"damage":10.0,"enemies":"2 Thieves","floor":20.0,"turns":2.0},{"damage":19.0,"enemies":"Cultist and Chosen","floor":21.0,"turns":3.0},{"damage":52.0,"enemies":"Gremlin Leader","floor":25.0,"turns":6.0},{"damage":23,"enemies":"Book of Stabbing","floor":28,"turns":3}],"seed_played":"-1534813345823051177","potions_obtained":[{"floor":6.0,"key":"Strength Potion"},{"floor":10.0,"key":"CultistPotion"},{"floor":16.0,"key":"Energy Potion"}],"is_trial":false,"path_per_floor":["M","?","?","M","M","E","M","?","T","E","?","R","E","$","R","B",null,"M","$","M","M","$","R","$","E","T","?","E"],"character_chosen":"WATCHER","items_purchased":["Vajra","Indignation","FlurryOfBlows","Wallop","FearNoEvil"],"campfire_rested":2,"item_purchase_floors":[14,14,14,19,22],"current_hp_per_floor":[53,53,53,53,53,12,12,12,12,12,6,41,24,24,24,11,61,45,45,35,16,16,54,54,2,2,18,0,0],"gold":126,"neow_bonus":"BOSS_RELIC","is_daily":false,"chose_seed":false,"campfire_upgraded":1,"win_rate":0.0,"timestamp":1613065484,"path_taken":["M","?","?","M","M","E","?","?","T","E","?","R","E","$","R","BOSS","M","$","?","M","$","R","?","E","T","?","E"],"items_purchased_type":["Relic","Card","Card","Card","Card"],"build_version":"2020-12-22","purchased_purges":0,"victory":false,"max_hp_per_floor":[68,68,68,68,68,68,68,68,68,68,68,68,78,78,78,78,78,78,78,78,78,78,78,78,78,78,78,78,78],"relic_stats":{"Sozu":2,"Regal Pillow":30,"counters":[13,57],"Gambling Chip":[2],"Letter Opener":[22],"GoldenEye":[8],"obtain_stats":[{"Potion Belt":9,"Sozu":17,"Regal Pillow":6,"Pear":13,"Gambling Chip":25,"Vajra":14,"Letter Opener":3,"PureWater":0,"Empty Cage":0,"GoldenEye":10},{"Potion Belt":5,"Sozu":8,"Regal Pillow":4,"Pear":7,"Gambling Chip":12,"Vajra":7,"Letter Opener":1,"PureWater":0,"Empty Cage":0,"GoldenEye":6},{"Potion Belt":24,"Sozu":41,"Regal Pillow":19,"Pear":35,"Gambling Chip":54,"Vajra":35,"Letter Opener":6,"PureWater":0,"Empty Cage":0,"GoldenEye":26}]},"card_choices":[{"not_picked":["Evaluate","WaveOfTheHand"],"picked":"FlyingSleeves","floor":1.0},{"not_picked":["CrushJoints","Consecrate"],"picked":"EmptyFist","floor":4.0},{"not_picked":["FollowUp","JustLucky"],"picked":"FlurryOfBlows","floor":5.0},{"not_picked":["EmptyFist","Crescendo"],"picked":"Wallop","floor":6.0},{"not_picked":["SashWhip","DeceiveReality"],"picked":"FollowUp","floor":7.0},{"not_picked":["CrushJoints","Study"],"picked":"Evaluate","floor":10.0},{"not_picked":["Evaluate","FollowUp"],"picked":"Omniscience","floor":13.0},{"not_picked":["Judgement","MasterReality"],"picked":"Blasphemy","floor":16.0},{"not_picked":["JustLucky","WaveOfTheHand"],"picked":"ThirdEye","floor":18.0},{"not_picked":["PathToVictory","Protect"],"picked":"Crescendo","floor":20.0},{"not_picked":["FollowUp","CrushJoints"],"picked":"WaveOfTheHand","floor":21.0},{"not_picked":["Meditate","Prostrate"],"picked":"Wish","floor":25.0}],"player_experience":4910219,"relics_obtained":[{"floor":6.0,"key":"Regal Pillow"},{"floor":9.0,"key":"Potion Belt"},{"floor":10.0,"key":"GoldenEye"},{"floor":13.0,"key":"Pear"},{"floor":25.0,"key":"Gambling Chip"}],"event_choices":[{"damage_healed":0.0,"max_hp_gain":0.0,"max_hp_loss":0.0,"gold_gain":0.0,"event_name":"Liars Game","player_choice":"Ignored","floor":2.0,"gold_loss":0.0,"damage_taken":0.0},{"damage_healed":0.0,"max_hp_gain":0.0,"max_hp_loss":0.0,"gold_gain":0.0,"event_name":"WeMeetAgain","player_choice":"Paid Gold","floor":3.0,"gold_loss":56.0,"damage_taken":0.0,"relics_obtained":["Letter Opener"]},{"damage_healed":0.0,"max_hp_gain":0.0,"max_hp_loss":0.0,"gold_gain":0.0,"event_name":"Dead Adventurer","player_choice":"Searched \u00270\u0027 times","floor":8.0,"gold_loss":0.0,"damage_taken":0.0},{"damage_healed":0.0,"max_hp_gain":0.0,"max_hp_loss":0.0,"gold_gain":50.0,"event_name":"FaceTrader","player_choice":"Touch","floor":11.0,"gold_loss":0.0,"damage_taken":6.0},{"damage_healed":16.0,"max_hp_gain":0.0,"max_hp_loss":0.0,"gold_gain":0.0,"event_name":"The Library","player_choice":"Heal","floor":27.0,"gold_loss":0.0,"damage_taken":0.0}],"is_beta":false,"boss_relics":[{"not_picked":["Snecko Eye","Runic Dome"],"picked":"Sozu"}],"items_purged_floors":[],"is_endless":false,"potions_floor_spawned":[6,10,16,21,25],"killed_by":"Book of Stabbing","ascension_level":20}}