{"host":"sav7uxregyirlf69","time":1613022756,"event":{"mods":["AchievementEnabler","BaseMod","Colored Map","DeckTracker","Keyboard Shortcuts","Minty Spire (QoL Compilation)","READ ME - Guardian Mod","StSLib","SuperFastMode"],"gold_per_floor":[119,119,119,137,62,62,97,97,97,117,137,37,50,74,74,172,172,187,102,19,19,19,19,63,63,87,111,111,111],"floor_reached":28,"language":"KOR","playtime":443,"items_purged":["Defend_G","Strike_G"],"score":622,"play_id":"439f68ce-d0f4-425a-a9e3-1928f6755df8","local_time":"20210211145236","is_ascension_mode":true,"campfire_choices":[{"data":"Crippling Poison","floor":6,"key":"SMITH"},{"data":"Malaise","floor":15,"key":"SMITH"},{"data":"Catalyst","floor":23,"key":"SMITH"},{"floor":25,"key":"REST"}],"circlet_count":0,"master_deck":["AscendersBane","Strike_G+1","Strike_G+1","Defend_G+1","Defend_G","Defend_G","Survivor","Neutralize+1","Poisoned Stab","Dagger Spray","Crippling Poison+1","Malaise+1","Escape Plan","Deadly Poison","Burst","Footwork","Catalyst+1","Sucker Punch","Sucker Punch","Deflect+1"],"relics":["Ring of the Snake","NeowsBlessing","Mango","Golden Idol","White Beast Statue","Philosopher\u0027s Stone","Ice Cream","Whetstone"],"acts_visited":["Exordium","TheCity"],"potions_floor_usage":[16,16,24,24,28,28],"damage_taken":[{"damage":0,"enemies":"Jaw Worm","floor":1,"turns":1},{"damage":0,"enemies":"Small Slimes","floor":4,"turns":1},{"damage":0,"enemies":"Gremlin Nob","floor":7,"turns":1},{"damage":0,"enemies":"Cultist","floor":10,"turns":3},{"damage":8,"enemies":"Large Slime","floor":11,"turns":7},{"damage":5,"enemies":"Looter","floor":13,"turns":4},{"damage":12,"enemies":"Exordium Wildlife","floor":14,"turns":4},{"damage":0,"enemies":"The Guardian","floor":16,"turns":13},{"damage":9,"enemies":"Chosen","floor":18,"turns":6},{"damage":38,"enemies":"Gremlin Leader","floor":24,"turns":6},{"damage":11,"enemies":"Shell Parasite","floor":27,"turns":6},{"damage":39,"enemies":"Slavers","floor":28,"turns":4}],"seed_played":"-2258394093663177558","potions_obtained":[{"floor":4,"key":"FearPotion"},{"floor":7,"key":"Swift Potion"},{"floor":10,"key":"DistilledChaos"},{"floor":14,"key":"SkillPotion"},{"floor":16,"key":"EssenceOfSteel"},{"floor":18,"key":"LiquidMemories"},{"floor":24,"key":"Strength Potion"},{"floor":27,"key":"Swift Potion"}],"is_trial":false,"path_per_floor":["M","?","?","M","$","R","E","?","T","M","M","$","M","M","R","B",null,"M","?","$","?","?","R","E","R","T","M","E"],"character_chosen":"THE_SILENT","items_purchased":["Footwork"],"campfire_rested":1,"item_purchase_floors":[20],"current_hp_per_floor":[59,39,39,39,39,39,53,53,53,53,45,45,40,28,28,28,61,52,52,52,52,52,52,14,35,35,24,0,0],"gold":111,"neow_bonus":"THREE_ENEMY_KILL","is_daily":false,"chose_seed":false,"campfire_upgraded":3,"win_rate":0.0,"timestamp":1613022756,"path_taken":["M","?","?","M","$","R","E","?","T","M","M","?","M","?","R","BOSS","M","?","$","?","?","R","E","R","T","M","E"],"items_purchased_type":["Card"],"build_version":"2020-12-22","purchased_purges":2,"victory":false,"max_hp_per_floor":[66,66,66,66,66,66,80,72,72,72,72,72,72,72,72,72,72,72,72,72,72,72,72,72,72,72,72,72,72],"card_choices":[{"not_picked":["Skewer","Deflect"],"picked":"Poisoned Stab","floor":1},{"not_picked":["Eviscerate","Predator"],"picked":"Crippling Poison","floor":4},{"not_picked":["Deflect","Dodge and Roll"],"picked":"Malaise","floor":7},{"not_picked":["Endless Agony","Prepared"],"picked":"Escape Plan","floor":10},{"not_picked":["Quick Slash","Flying Knee"],"picked":"Deadly Poison","floor":11},{"not_picked":["Predator","Slice","Deadly Poison"],"picked":"SKIP","floor":13},{"not_picked":["Quick Slash","Predator","Sucker Punch"],"picked":"SKIP","floor":14},{"not_picked":["Envenom","A Thousand Cuts"],"picked":"Burst","floor":16},{"not_picked":["Backstab","Skewer","Cloak And Dagger+1"],"picked":"SKIP","floor":18},{"not_picked":["Slice","Setup","Skewer"],"picked":"SKIP","floor":24},{"not_picked":["Cloak And Dagger","Dodge and Roll"],"picked":"Deflect+1","floor":27}],"player_experience":1555762,"relics_obtained":[{"floor":7,"key":"Mango"},{"floor":9,"key":"White Beast Statue"},{"floor":24,"key":"Whetstone"}],"event_choices":[{"damage_healed":0,"gold_gain":0,"player_choice":"Entered Light","damage_taken":20,"max_hp_gain":0,"max_hp_loss":0,"event_name":"Shining Light","floor":2,"gold_loss":0,"cards_upgraded":["Defend_G","Neutralize"]},{"damage_healed":0,"gold_gain":0,"cards_transformed":["Strike_G"],"player_choice":"Change","damage_taken":0,"max_hp_gain":0,"max_hp_loss":0,"event_name":"Living Wall","floor":3,"gold_loss":0,"cards_obtained":["Dagger Spray"]},{"damage_healed":0,"gold_gain":0,"player_choice":"Lose Max HP","damage_taken":0,"relics_obtained":["Golden Idol"],"max_hp_gain":0,"max_hp_loss":8,"event_name":"Golden Idol","floor":8,"gold_loss":0},{"damage_healed":0,"gold_gain":0,"player_choice":"Obtained Relic","damage_taken":0,"relics_obtained":["Ice Cream"],"max_hp_gain":0,"max_hp_loss":0,"event_name":"Addict","floor":19,"gold_loss":85},{"damage_healed":0,"gold_gain":0,"player_choice":"Read","damage_taken":0,"max_hp_gain":0,"max_hp_loss":0,"event_name":"The Library","floor":21,"gold_loss":0,"cards_obtained":["Catalyst"]},{"damage_healed":0,"gold_gain":0,"cards_transformed":["Strike_G","Defend_G"],"player_choice":"Became Test Subject","damage_taken":0,"max_hp_gain":0,"max_hp_loss":0,"event_name":"Drug Dealer","floor":22,"gold_loss":0,"cards_obtained":["Sucker Punch","Sucker Punch"]}],"is_beta":false,"boss_relics":[{"not_picked":["Black Star","WristBlade"],"picked":"Philosopher\u0027s Stone"}],"items_purged_floors":[5,12],"is_endless":false,"potions_floor_spawned":[4,7,10,11,13,14,16,18,24,27],"killed_by":"Slavers","ascension_level":20}}