{"host":"¿à÷økuyou","time":1613015905,"event":{"mods":["ATMod(°¢èªMod)","Act Like it!","BaseMod","BetterRewards","Minty Spire (QoL Compilation)","Quick Restart","StSLib"],"gold_per_floor":[114,189,39,54,89,89,89,104,104,144,144,209,19,84,84,209,209,274,40,40,80,165,165,230,295,345,345,385,385,450,540,540,715,715,830,995,1110,1186,1261,1391,568,608,633,633,798,302,327,404,416,553],"floor_reached":51,"language":"ZHS","playtime":1503,"items_purged":["Defend_P","Strike_P","Defend_P"],"score":987,"play_id":"2a93e556-3ed5-45ff-a898-1e35191d72f9","local_time":"20210211115825","daily_mods":["Allstar","Vintage","Binary"],"is_ascension_mode":false,"campfire_choices":[{"data":"AT_FamilyPortrait","floor":7.0,"key":"SMITH"},{"floor":15.0,"key":"REST"},{"data":"Devotion","floor":23.0,"key":"SMITH"},{"data":"Eruption","floor":29,"key":"SMITH"},{"data":"AT_DiedThrough","floor":32,"key":"SMITH"},{"floor":49,"key":"DIG"}],"circlet_count":0,"master_deck":["Strike_P+1","Defend_P+1","Defend_P","Eruption+1","Vigilance","Good Instincts","AT_LightSaberMaster","AT_FamilyPortrait+1","Master of Strategy+1","AT_DiedThrough+1","AT_EmpoweredMortalDraw+1","Devotion+1","WheelKick+1","Perseverance+1","Brilliance+1","HandOfGreed+1","CutThroughFate+1","CrushJoints+1","EmptyMind+1","Pray+1","Prostrate+1"],"relics":["PureWater","AT_ATBox","Shuriken","AT_BellDemon","Omamori","Vajra","Tiny Chest","Centennial Puzzle","AT_MibuBalloonWealth","Gambling Chip","Molten Egg 2","Kunai","Damaru","Letter Opener","AT_ForceNature","Busted Crown","Smiling Mask","Bronze Scales","AT_SpeedBoots","Art of War","AT_LudenTempest","Toxic Egg 2","White Beast Statue","PreservedInsect","Regal Pillow","Bag of Marbles","Gremlin Horn","Boot","Mummified Hand","Potion Belt","Turnip","Juzu Bracelet","AT_DeathDance","AT_Kusabimaru","Strawberry","Question Card","Astrolabe","Oddly Smooth Stone","AT_EbonyIvory","Bag of Preparation","Ice Cream","AT_BellowingDragoncrestRing","Bottled Lightning","Shovel","AT_ChloranthyRing","FossilizedHelix","AT_RedTearstoneRing","MealTicket","Blood Vial","HandDrill","TeardropLocket","Unceasing Top","AT_RabadonDeathcap","War Paint","Toy Ornithopter","Whetstone","AT_BladeRuinedKing","AT_ArchangelStaff","Frozen Egg 2","MawBank","AT_SilvercatRing","CloakClasp","AT_SunfireAegis"],"acts_visited":["Exordium","TheCity","TheBeyond"],"potions_floor_usage":[33,37,50],"damage_taken":[{"damage":0.0,"enemies":"2 Louse","floor":1.0,"turns":2.0},{"damage":11.0,"enemies":"Jaw Worm","floor":4.0,"turns":4.0},{"damage":7.0,"enemies":"Cultist","floor":5.0,"turns":3.0},{"damage":8.0,"enemies":"3 Sentries","floor":6.0,"turns":2.0},{"damage":22.0,"enemies":"Exordium Wildlife","floor":8.0,"turns":3.0},{"damage":1.0,"enemies":"Looter","floor":10.0,"turns":3.0},{"damage":14.0,"enemies":"Large Slime","floor":12.0,"turns":6.0},{"damage":0.0,"enemies":"Exordium Thugs","floor":14.0,"turns":2.0},{"damage":9.0,"enemies":"Hexaghost","floor":16.0,"turns":8.0},{"damage":14.0,"enemies":"2 Thieves","floor":18.0,"turns":2.0},{"damage":0.0,"enemies":"Spheric Guardian","floor":21.0,"turns":1.0},{"damage":0.0,"enemies":"Centurion and Healer","floor":22.0,"turns":1.0},{"damage":0.0,"enemies":"Cultist and Chosen","floor":24.0,"turns":1.0},{"damage":2,"enemies":"Shelled Parasite and Fungi","floor":25,"turns":2},{"damage":0,"enemies":"Snake Plant","floor":28,"turns":1},{"damage":0,"enemies":"Cultist and Chosen","floor":30,"turns":2},{"damage":0,"enemies":"3 Cultists","floor":31,"turns":2},{"damage":33,"enemies":"Collector","floor":33,"turns":5},{"damage":0,"enemies":"3 Shapes","floor":35,"turns":1},{"damage":0,"enemies":"3 Darklings","floor":36,"turns":1},{"damage":0,"enemies":"Sphere and 2 Shapes","floor":37,"turns":3},{"damage":0,"enemies":"2 Orb Walkers","floor":38,"turns":3},{"damage":0,"enemies":"Mind Bloom Boss Battle","floor":39,"turns":1},{"damage":0,"enemies":"Reptomancer","floor":40,"turns":1},{"damage":0,"enemies":"Spire Growth","floor":42,"turns":1},{"damage":0,"enemies":"3 Darklings","floor":45,"turns":1},{"damage":0,"enemies":"Writhing Mass","floor":48,"turns":1},{"damage":0,"enemies":"Awakened One","floor":50,"turns":2}],"seed_played":"-587577638262706789","potions_obtained":[{"floor":1.0,"key":"Fruit Juice"},{"floor":8.0,"key":"Weak Potion"},{"floor":14.0,"key":"Regen Potion"},{"floor":16.0,"key":"FearPotion"},{"floor":22.0,"key":"Ambrosia"},{"floor":24.0,"key":"LiquidBronze"},{"floor":25,"key":"DuplicationPotion"},{"floor":28,"key":"Dexterity Potion"},{"floor":30,"key":"StancePotion"},{"floor":31,"key":"Regen Potion"},{"floor":33,"key":"Dexterity Potion"},{"floor":36,"key":"CultistPotion"},{"floor":37,"key":"LiquidMemories"},{"floor":39,"key":"Ambrosia"},{"floor":48,"key":"Regen Potion"}],"is_trial":false,"path_per_floor":["M","?","$","M","M","E","R","M","T","M","?","M","$","M","R","B",null,"M","$","?","M","M","R","M","M","T","T","M","R","M","M","R","B",null,"M","M","M","?","?","E","$","M","T","?","M","$","T","M","R","B",null],"character_chosen":"WATCHER","items_purchased":["AT_BellDemon","AT_EmpoweredMortalDraw+1","AT_SpeedBoots","WheelKick+1","HandDrill","TeardropLocket","Unceasing Top","Pray+1","AT_ArchangelStaff","Frozen Egg 2","Prostrate+1"],"campfire_rested":1,"item_purchase_floors":[3,13,19,19,41,41,41,41,46,46,46],"current_hp_per_floor":[77,66,66,55,48,40,40,18,18,17,17,3,3,3,26,32,77,63,63,63,63,63,63,63,61,61,61,61,61,61,68,68,44,84,84,84,84,84,84,84,84,84,84,84,84,84,84,84,84,84],"gold":565,"neow_bonus":"","is_daily":true,"chose_seed":false,"campfire_upgraded":4,"win_rate":0.0,"timestamp":1613015905,"path_taken":["M","?","$","M","M","E","R","M","T","M","?","M","?","M","R","BOSS","M","$","?","M","M","R","M","M","T","?","M","R","M","M","R","BOSS","M","M","M","?","?","E","$","M","T","?","M","$","?","M","R","BOSS"],"items_purchased_type":["Relic","Card","Relic","Card","Relic","Relic","Relic","Card","Relic","Relic","Card"],"build_version":"2020-12-18","purchased_purges":3,"victory":true,"max_hp_per_floor":[77,77,77,77,77,77,77,77,77,77,77,77,77,77,77,77,77,77,77,77,77,77,77,77,77,77,77,77,77,77,84,84,84,84,84,84,84,84,84,84,84,84,84,84,84,84,84,84,84,84],"card_choices":[{"not_picked":["Blasphemy"],"picked":"Devotion","floor":16.0},{"not_picked":[],"picked":"CutThroughFate+1","floor":38},{"not_picked":[],"picked":"CrushJoints+1","floor":39},{"not_picked":[],"picked":"EmptyMind+1","floor":40}],"player_experience":209922,"relics_obtained":[{"floor":1.0,"key":"Shuriken"},{"floor":4.0,"key":"Omamori"},{"floor":4.0,"key":"Vajra"},{"floor":5.0,"key":"Tiny Chest"},{"floor":5.0,"key":"Centennial Puzzle"},{"floor":8.0,"key":"AT_MibuBalloonWealth"},{"floor":8.0,"key":"Gambling Chip"},{"floor":9.0,"key":"Molten Egg 2"},{"floor":10.0,"key":"Kunai"},{"floor":12.0,"key":"Damaru"},{"floor":14.0,"key":"Letter Opener"},{"floor":14.0,"key":"AT_ForceNature"},{"floor":18.0,"key":"Smiling Mask"},{"floor":18.0,"key":"Bronze Scales"},{"floor":21.0,"key":"AT_LudenTempest"},{"floor":21.0,"key":"Toxic Egg 2"},{"floor":22.0,"key":"White Beast Statue"},{"floor":22.0,"key":"PreservedInsect"},{"floor":24.0,"key":"Regal Pillow"},{"floor":24.0,"key":"Bag of Marbles"},{"floor":25,"key":"Gremlin Horn"},{"floor":26,"key":"Boot"},{"floor":27,"key":"Mummified Hand"},{"floor":28,"key":"Potion Belt"},{"floor":28,"key":"Turnip"},{"floor":30,"key":"Juzu Bracelet"},{"floor":30,"key":"AT_DeathDance"},{"floor":31,"key":"AT_Kusabimaru"},{"floor":31,"key":"Strawberry"},{"floor":33,"key":"Question Card"},{"floor":35,"key":"Oddly Smooth Stone"},{"floor":35,"key":"AT_EbonyIvory"},{"floor":36,"key":"Bag of Preparation"},{"floor":36,"key":"Ice Cream"},{"floor":37,"key":"AT_BellowingDragoncrestRing"},{"floor":37,"key":"Bottled Lightning"},{"floor":38,"key":"Shovel"},{"floor":38,"key":"AT_ChloranthyRing"},{"floor":39,"key":"FossilizedHelix"},{"floor":39,"key":"AT_RedTearstoneRing"},{"floor":40,"key":"MealTicket"},{"floor":40,"key":"Blood Vial"},{"floor":42,"key":"AT_RabadonDeathcap"},{"floor":42,"key":"War Paint"},{"floor":43,"key":"Toy Ornithopter"},{"floor":45,"key":"Whetstone"},{"floor":45,"key":"AT_BladeRuinedKing"},{"floor":47,"key":"MawBank"},{"floor":48,"key":"AT_SilvercatRing"},{"floor":48,"key":"CloakClasp"},{"floor":49,"key":"AT_SunfireAegis"}],"event_choices":[{"damage_healed":0.0,"max_hp_gain":0.0,"max_hp_loss":0.0,"gold_gain":75.0,"event_name":"World of Goop","player_choice":"Gather Gold","floor":2.0,"gold_loss":0.0,"damage_taken":11.0},{"damage_healed":0.0,"max_hp_gain":0.0,"max_hp_loss":0.0,"gold_gain":0.0,"event_name":"Shining Light","player_choice":"Ignored","floor":11.0,"gold_loss":0.0,"damage_taken":0.0},{"damage_healed":0.0,"max_hp_gain":0.0,"max_hp_loss":0.0,"gold_gain":0.0,"event_name":"The Mausoleum","player_choice":"Opened","floor":20.0,"gold_loss":0.0,"damage_taken":0.0,"relics_obtained":["Art of War"],"cards_obtained":["Writhe"]},{"damage_healed":0,"gold_gain":0,"player_choice":"Fight","damage_taken":0,"max_hp_gain":0,"max_hp_loss":0,"event_name":"Mysterious Sphere","floor":38,"gold_loss":0},{"damage_healed":0,"gold_gain":0,"player_choice":"Fight","damage_taken":0,"max_hp_gain":0,"max_hp_loss":0,"event_name":"MindBloom","floor":39,"gold_loss":0},{"damage_healed":0,"gold_gain":0,"player_choice":"Ignored","damage_taken":0,"max_hp_gain":0,"max_hp_loss":0,"event_name":"Tomb of Lord Red Mask","floor":44,"gold_loss":0}],"is_beta":true,"boss_relics":[{"not_picked":["Sozu","Black Star"],"picked":"Busted Crown"},{"not_picked":["Cursed Key","Snecko Eye"],"picked":"Astrolabe"}],"items_purged_floors":[19,41,46],"is_endless":false,"potions_floor_spawned":[1,8,14,16,22,24,25,28,30,31,33,35,36,37,38,39,40,42,45,48],"ascension_level":0}}