{"host":"kw4o7b3ro2ktmmbe","time":1613030713,"event":{"mods":["BaseMod","Bossed Relics","Evolution","Magitek Elite","Minty Spire (QoL Compilation)","StSLib"],"gold_per_floor":[115,115,115,115,134,134,169,169,195,195,42,42,52,63,63,161,161,174,194,212,229,304,329,329,24,24,24,123,137,168,179,179,281,281,298,344,187,187,203,203,222,256,283,283,134,151,168,196,196,196],"floor_reached":51,"language":"ENG","playtime":4289,"items_purged":[],"score":809,"play_id":"a0f9c12c-ec48-4637-b4fe-05d1c34dd648","local_time":"20210211210513","is_ascension_mode":true,"campfire_choices":[{"data":"Haste","floor":6.0,"key":"SMITH"},{"data":"Esuna","floor":8.0,"key":"SMITH"},{"data":"Focus","floor":10.0,"key":"SMITH"},{"data":"Cure","floor":12.0,"key":"SMITH"},{"data":"Cure","floor":15.0,"key":"SMITH"},{"data":"Osmosis","floor":24.0,"key":"SMITH"},{"data":"Lightbringer","floor":32.0,"key":"SMITH"},{"data":"Lightbringer","floor":40,"key":"SMITH"},{"data":"Fire2","floor":44,"key":"SMITH"},{"data":"Transpose_P","floor":49,"key":"SMITH"}],"circlet_count":0,"master_deck":["Aero","Aero","Aero","Strike_L","Defend_L","Defend_L","Defend_L","Defend_L","Defend_L","Fire2","Cure+2","Focus+1","Haste+1","Esuna","Lightbringer+1","Osmosis+1","Lightbringer+1","Icebrand+1","Stop+1","Transpose_P+1"],"relics":["EVO:Axolotl","Golden_Hairpin","Bag of Marbles","Mercury Hourglass","Potion Belt","Akabeko","Centennial Puzzle","Busted Crown","StrikeDummy","Strange Spoon","Toy Ornithopter","Mummified Hand","Angel_Ring","Pandora\u0027s Box","Ribbon","OrangePellets","Toxic Egg 2","Ancient Tea Set","Guard_Bracelet","Incense Burner"],"acts_visited":["TheCity","TheBeyond"],"potions_floor_usage":[36,41,42,47,50],"damage_taken":[{"damage":0.0,"enemies":"Cultist","floor":1.0,"turns":4.0},{"damage":0.0,"enemies":"2 Louse","floor":5.0,"turns":2.0},{"damage":12.0,"enemies":"Lagavulin","floor":7.0,"turns":6.0},{"damage":0.0,"enemies":"Jaw Worm","floor":13.0,"turns":1.0},{"damage":3.0,"enemies":"Lots of Slimes","floor":14.0,"turns":2.0},{"damage":0.0,"enemies":"Slime Boss","floor":16.0,"turns":4.0},{"damage":5.0,"enemies":"2 Thieves","floor":18.0,"turns":3.0},{"damage":0.0,"enemies":"Spheric Guardian","floor":19.0,"turns":3.0},{"damage":2.0,"enemies":"Shelled Parasite and Fungi","floor":20.0,"turns":3.0},{"damage":5.0,"enemies":"Chosen and Byrds","floor":21.0,"turns":3.0},{"damage":17.0,"enemies":"Book of Stabbing","floor":23.0,"turns":3.0},{"damage":11.0,"enemies":"Snake Plant","floor":29.0,"turns":2.0},{"damage":27.0,"enemies":"Gremlin Leader","floor":30.0,"turns":3.0},{"damage":0.0,"enemies":"Snecko","floor":31.0,"turns":3.0},{"damage":54.0,"enemies":"Collector","floor":33.0,"turns":5.0},{"damage":18.0,"enemies":"3 Shapes","floor":35.0,"turns":5.0},{"damage":19,"enemies":"2 Orb Walkers","floor":36,"turns":4},{"damage":10,"enemies":"Orb Walker","floor":39,"turns":3},{"damage":18,"enemies":"Sphere and 2 Shapes","floor":41,"turns":4},{"damage":25,"enemies":"Reptomancer","floor":42,"turns":4},{"damage":0,"enemies":"Writhing Mass","floor":46,"turns":4},{"damage":13,"enemies":"4 Shapes","floor":47,"turns":3},{"damage":0,"enemies":"Giant Head","floor":48,"turns":9},{"damage":49,"enemies":"Donu and Deca","floor":50,"turns":7}],"seed_played":"-8288402412081646672","potions_obtained":[{"floor":5.0,"key":"GamblersBrew"},{"floor":7.0,"key":"Strength Potion"},{"floor":19.0,"key":"Ancient Potion"},{"floor":23.0,"key":"Energy Potion"},{"floor":29.0,"key":"Explosive Potion"},{"floor":33.0,"key":"Energy Potion"},{"floor":35.0,"key":"EssenceOfSteel"},{"floor":36,"key":"DuplicationPotion"},{"floor":38,"key":"Dexterity Potion"},{"floor":42,"key":"GamblersBrew"},{"floor":46,"key":"Explosive Potion"}],"is_trial":false,"path_per_floor":["M","$","?","T","M","R","E","R","T","R","$","R","M","M","R","B",null,"M","M","M","M","?","E","R","$","T","$","?","M","E","M","R","B",null,"M","?","$","?","M","R","M","E","T","R","$","M","M","E","R","B",null],"character_chosen":"MAGITEKELITE","items_purchased":["Centennial Puzzle","Strange Spoon","Toy Ornithopter","OrangePellets","Guard_Bracelet"],"campfire_rested":0,"item_purchase_floors":[11,25,25,37,45],"current_hp_per_floor":[63,63,60,60,63,63,57,57,57,57,57,57,63,60,60,60,63,58,63,61,63,57,48,48,48,48,48,48,49,39,56,56,20,63,45,52,52,52,53,53,51,43,43,43,43,55,56,63,63,43],"gold":196,"neow_bonus":"BOSS_RELIC","is_daily":false,"chose_seed":false,"campfire_upgraded":10,"win_rate":0.0,"timestamp":1613030713,"path_taken":["M","?","?","?","M","R","E","R","T","R","$","R","M","M","R","BOSS","M","?","M","M","?","E","R","$","T","?","?","M","E","M","R","BOSS","M","?","$","?","M","R","M","E","T","R","$","M","?","E","R","BOSS"],"items_purchased_type":["Relic","Relic","Relic","Relic","Relic"],"build_version":"2020-12-22","purchased_purges":0,"victory":true,"max_hp_per_floor":[63,63,63,63,63,63,63,63,63,63,63,63,63,63,63,63,63,63,63,63,63,63,63,63,63,63,63,63,63,63,63,63,63,63,63,63,63,63,63,63,63,63,63,63,63,63,63,63,63,63],"card_choices":[{"not_picked":["Mythril_Knife","Icebrand"],"picked":"Focus","floor":1.0},{"not_picked":["Transfusion","Thornlet"],"picked":"Haste","floor":5.0},{"not_picked":["Gladius","Cursed_Shield"],"picked":"Esuna","floor":7.0},{"not_picked":["Man_Eater","Gladius","Mythril_Knife"],"picked":"SKIP","floor":13.0},{"not_picked":["Rasp","Slow"],"picked":"Lightbringer","floor":14.0},{"not_picked":["Lightbringer","Valor"],"picked":"Osmosis","floor":16.0},{"not_picked":["Vox"],"picked":"SKIP","floor":18.0},{"not_picked":["Enhancer+1"],"picked":"SKIP","floor":19.0},{"not_picked":["Gladius"],"picked":"SKIP","floor":20.0},{"not_picked":["Thunder_Blade"],"picked":"SKIP","floor":21.0},{"not_picked":["Icebrand"],"picked":"SKIP","floor":23.0},{"not_picked":["Quake"],"picked":"SKIP","floor":29.0},{"not_picked":["Aero"],"picked":"SKIP","floor":30.0},{"not_picked":["Barrier"],"picked":"SKIP","floor":31.0},{"not_picked":[],"picked":"Lightbringer","floor":33.0},{"not_picked":[],"picked":"Icebrand+1","floor":35.0},{"not_picked":["Water"],"picked":"SKIP","floor":39},{"not_picked":["Throw"],"picked":"SKIP","floor":41},{"not_picked":[],"picked":"Stop+1","floor":42},{"not_picked":["Flare+1"],"picked":"SKIP","floor":46},{"not_picked":[],"picked":"Transpose_P","floor":47},{"not_picked":["Transpose2+1"],"picked":"SKIP","floor":48}],"player_experience":1854917,"relics_obtained":[{"floor":4.0,"key":"Mercury Hourglass"},{"floor":7.0,"key":"Potion Belt"},{"floor":9.0,"key":"Akabeko"},{"floor":23.0,"key":"StrikeDummy"},{"floor":26.0,"key":"Mummified Hand"},{"floor":30.0,"key":"Angel_Ring"},{"floor":36,"key":"Ribbon"},{"floor":42,"key":"Toxic Egg 2"},{"floor":43,"key":"Ancient Tea Set"},{"floor":48,"key":"Incense Burner"}],"event_choices":[{"damage_healed":0.0,"max_hp_gain":0.0,"max_hp_loss":0.0,"gold_gain":0.0,"event_name":"Scrap Ooze","player_choice":"Success","floor":3.0,"gold_loss":0.0,"damage_taken":3.0,"relics_obtained":["Bag of Marbles"]},{"damage_healed":0.0,"max_hp_gain":0.0,"max_hp_loss":0.0,"gold_gain":75.0,"event_name":"FaceTrader","player_choice":"Touch","floor":22.0,"gold_loss":0.0,"damage_taken":6.0},{"damage_healed":0.0,"max_hp_gain":0.0,"max_hp_loss":0.0,"gold_gain":99.0,"event_name":"Nest","player_choice":"Stole From Cult","floor":28.0,"gold_loss":0.0,"damage_taken":0.0},{"damage_healed":0,"gold_gain":0,"player_choice":"Fight","damage_taken":0,"max_hp_gain":0,"max_hp_loss":0,"event_name":"Mysterious Sphere","floor":36,"gold_loss":0},{"damage_healed":0,"gold_gain":0,"player_choice":"Got Potions","damage_taken":0,"max_hp_gain":0,"max_hp_loss":0,"event_name":"Lab","floor":38,"gold_loss":0}],"is_beta":false,"boss_relics":[{"not_picked":["Astrolabe","Cursed Key"],"picked":"Busted Crown"},{"not_picked":["Philosopher\u0027s Stone","Runic Pyramid"],"picked":"Pandora\u0027s Box"}],"items_purged_floors":[],"is_endless":false,"potions_floor_spawned":[5,7,19,23,29,33,35,36,42,46],"ascension_level":1}}