{"host":"zdcz0a6aak4rnx0s","time":1613075113,"event":{"mods":["AchievementEnabler","BaseMod","Colored Map","Colored Powertips","Minty Spire (QoL Compilation)","StSLib"],"gold_per_floor":[117,42,42,62,10,10,41,56,56,89,101,101,101,26,26,119,119,137,137,158,70,70,70],"floor_reached":22,"language":"ENG","playtime":1451,"items_purged":["Regret"],"score":412,"play_id":"eea89523-3c4d-44a1-bc1b-440406d02a5a","local_time":"20210211142513","is_ascension_mode":true,"campfire_choices":[{"data":"Armaments","floor":6.0,"key":"SMITH"},{"data":"Metallicize","floor":12.0,"key":"SMITH"},{"data":"Metallicize","floor":15.0,"key":"SMITH"}],"circlet_count":0,"master_deck":["AscendersBane","Strike_R","Strike_R","Strike_R","Strike_R","Defend_R","Defend_R","Defend_R","Defend_R","Bash","Metallicize+1","Intimidate","Armaments+1","Metallicize+1","Cleave","Shockwave","Limit Break+1","CurseOfTheBell","Rupture+1","Heavy Blade+1","Combust+1"],"relics":["Burning Blood","NeowsBlessing","Darkstone Periapt","Art of War","Mummified Hand","Pear","Golden Idol","Calling Bell","Regal Pillow","Frozen Egg 2","Champion Belt"],"acts_visited":["Exordium","TheCity"],"potions_floor_usage":[16],"damage_taken":[{"damage":0.0,"enemies":"Jaw Worm","floor":1.0,"turns":1.0},{"damage":0.0,"enemies":"2 Louse","floor":4.0,"turns":2.0},{"damage":2.0,"enemies":"3 Sentries","floor":7.0,"turns":3.0},{"damage":5.0,"enemies":"Cultist","floor":8.0,"turns":6.0},{"damage":33.0,"enemies":"Gremlin Nob","floor":10.0,"turns":5.0},{"damage":11.0,"enemies":"Blue Slaver","floor":11.0,"turns":6.0},{"damage":13,"enemies":"The Guardian","floor":16,"turns":14},{"damage":17,"enemies":"Spheric Guardian","floor":18,"turns":10},{"damage":39,"enemies":"3 Byrds","floor":20,"turns":10},{"damage":37,"enemies":"Snake Plant","floor":22,"turns":5}],"seed_played":"4069020354566779726","potions_obtained":[{"floor":1.0,"key":"GamblersBrew"},{"floor":4.0,"key":"LiquidMemories"},{"floor":8.0,"key":"Block Potion"},{"floor":11.0,"key":"SteroidPotion"},{"floor":18,"key":"ElixirPotion"}],"is_trial":false,"path_per_floor":["M","?","?","M","$","R","E","M","T","E","M","R","?","$","R","B",null,"M","?","M","$","M"],"character_chosen":"IRONCLAD","items_purchased":["Armaments","Combust+1"],"campfire_rested":0,"item_purchase_floors":[5,21],"current_hp_per_floor":[74,74,80,81,81,81,81,81,81,64,59,59,59,59,59,52,81,70,70,37,37,0,0],"gold":70,"neow_bonus":"THREE_ENEMY_KILL","is_daily":false,"chose_seed":false,"campfire_upgraded":3,"win_rate":0.0,"timestamp":1613075113,"path_taken":["M","?","?","M","$","R","E","?","T","E","M","R","?","$","R","BOSS","M","?","?","$","M"],"items_purchased_type":["Card","Card"],"build_version":"2020-12-22","purchased_purges":1,"victory":false,"max_hp_per_floor":[75,75,81,81,81,81,81,81,81,91,91,91,82,82,82,82,88,88,88,88,88,88,88],"card_choices":[{"not_picked":["Rupture","Anger"],"picked":"Metallicize","floor":1.0},{"not_picked":["Thunderclap","Bloodletting"],"picked":"Intimidate","floor":4.0},{"not_picked":["Headbutt","Battle Trance"],"picked":"Metallicize","floor":7.0},{"not_picked":["Dropkick","Wild Strike"],"picked":"Cleave","floor":8.0},{"not_picked":["Inflame","Warcry","Havoc"],"picked":"SKIP","floor":10.0},{"not_picked":["Thunderclap","Clash"],"picked":"Shockwave","floor":11.0},{"not_picked":["Double Tap","Exhume"],"picked":"Limit Break","floor":16},{"not_picked":["Flex","Sword Boomerang"],"picked":"Rupture+1","floor":18},{"not_picked":["Sentinel","Reaper"],"picked":"Heavy Blade+1","floor":20}],"player_experience":1014376,"relics_obtained":[{"floor":7.0,"key":"Art of War"},{"floor":9.0,"key":"Mummified Hand"},{"floor":10.0,"key":"Pear"},{"floor":17,"key":"Regal Pillow"},{"floor":17,"key":"Frozen Egg 2"},{"floor":17,"key":"Champion Belt"}],"event_choices":[{"cards_removed":["Strike_R"],"damage_healed":0.0,"max_hp_gain":0.0,"max_hp_loss":0.0,"gold_gain":0.0,"event_name":"The Cleric","player_choice":"Card Removal","floor":2.0,"gold_loss":75.0,"damage_taken":0.0},{"damage_healed":0.0,"max_hp_gain":0.0,"max_hp_loss":0.0,"gold_gain":0.0,"event_name":"Big Fish","player_choice":"Box","floor":3.0,"gold_loss":0.0,"damage_taken":0.0,"relics_obtained":["Darkstone Periapt"],"cards_obtained":["Regret"]},{"damage_healed":0.0,"max_hp_gain":0.0,"max_hp_loss":9.0,"gold_gain":0.0,"event_name":"Golden Idol","player_choice":"Lose Max HP","floor":13.0,"gold_loss":0.0,"damage_taken":0.0,"relics_obtained":["Golden Idol"]},{"damage_healed":0,"gold_gain":0,"player_choice":"Forge","damage_taken":0,"max_hp_gain":0,"max_hp_loss":0,"event_name":"Accursed Blacksmith","floor":19,"gold_loss":0,"cards_upgraded":["Limit Break"]}],"is_beta":false,"boss_relics":[{"not_picked":["Pandora\u0027s Box","Tiny House"],"picked":"Calling Bell"}],"items_purged_floors":[14],"is_endless":false,"potions_floor_spawned":[1,4,8,11,18],"killed_by":"Snake Plant","ascension_level":18}}