{"host":"qksa0nge77ubun9a","time":1613013413,"event":{"mods":["AchievementEnabler","BaseMod","Colored Map","Colored Powertips","Googly Eyes","Highlight Path","Minty Spire (QoL Compilation)","Quick Restart","StSLib"],"gold_per_floor":[211,25,44,44,60,95,95,113,113,188,35,35,63,78,78,155,155,172,172,30,49,62,62,93,93,93,93,126,126,143,4,4,81,81,101,119,135,135,149,149,35,60,84,84,84,95,7,36,36,36,36],"floor_reached":50,"language":"ENG","playtime":4213,"items_purged":["Defend_R","Strike_R","Strike_R","Strike_R","Strike_R"],"score":921,"play_id":"6aadbd40-7bc6-4614-84cc-180d124166d2","local_time":"20210210191653","is_ascension_mode":true,"campfire_choices":[{"floor":7.0,"key":"REST"},{"floor":12.0,"key":"REST"},{"data":"Body Slam","floor":15.0,"key":"SMITH"},{"floor":23.0,"key":"REST"},{"floor":25.0,"key":"REST"},{"data":"Evolve","floor":27.0,"key":"SMITH"},{"floor":32.0,"key":"REST"},{"floor":40.0,"key":"REST"},{"floor":45,"key":"REST"},{"floor":49,"key":"REST"}],"circlet_count":0,"master_deck":["AscendersBane","Strike_R","Defend_R","Defend_R+1","Defend_R","Bash","Sword Boomerang+1","Dual Wield","Spot Weakness","Body Slam+1","Inflame","Heavy Blade","Cleave","Power Through","Offering","Evolve+1","RitualDagger","Rupture","Armaments+1","Iron Wave","Blood for Blood+1","Shrug It Off","True Grit","Brutality","Entrench","Metallicize","Madness","Warcry+1"],"relics":["Burning Blood","Mummified Hand","Membership Card","Bronze Scales","Velvet Choker","ClockworkSouvenir","Toy Ornithopter","InkBottle","Darkstone Periapt","Nloth\u0027s Gift","Vajra","Busted Crown","Pocketwatch","Pen Nib","Strawberry"],"acts_visited":["Exordium","TheCity","TheBeyond"],"potions_floor_usage":[48],"damage_taken":[{"damage":8.0,"enemies":"2 Louse","floor":1.0,"turns":3.0},{"damage":5.0,"enemies":"Small Slimes","floor":3.0,"turns":3.0},{"damage":4.0,"enemies":"Jaw Worm","floor":5.0,"turns":3.0},{"damage":40.0,"enemies":"Lagavulin","floor":6.0,"turns":4.0},{"damage":11.0,"enemies":"Looter","floor":8.0,"turns":2.0},{"damage":0.0,"enemies":"Gremlin Nob","floor":13.0,"turns":2.0},{"damage":23.0,"enemies":"Exordium Thugs","floor":14.0,"turns":3.0},{"damage":51.0,"enemies":"The Guardian","floor":16.0,"turns":10.0},{"damage":6.0,"enemies":"3 Byrds","floor":18.0,"turns":3.0},{"damage":16.0,"enemies":"Shell Parasite","floor":21.0,"turns":4.0},{"damage":24.0,"enemies":"Snecko","floor":22.0,"turns":4.0},{"damage":12.0,"enemies":"Gremlin Leader","floor":24.0,"turns":3.0},{"damage":50.0,"enemies":"Slavers","floor":28.0,"turns":5.0},{"damage":16.0,"enemies":"Snake Plant","floor":30.0,"turns":4.0},{"damage":40.0,"enemies":"Collector","floor":33.0,"turns":6.0},{"damage":22.0,"enemies":"3 Darklings","floor":35.0,"turns":4.0},{"damage":31.0,"enemies":"3 Shapes","floor":36.0,"turns":3.0},{"damage":19.0,"enemies":"Spire Growth","floor":37.0,"turns":4.0},{"damage":17.0,"enemies":"3 Darklings","floor":39.0,"turns":4.0},{"damage":8,"enemies":"Mind Bloom Boss Battle","floor":42,"turns":3},{"damage":28,"enemies":"Maw","floor":46,"turns":5},{"damage":17,"enemies":"Giant Head","floor":48,"turns":6},{"damage":97,"enemies":"Donu and Deca","floor":50,"turns":5}],"seed_played":"-1658707961897678901","potions_obtained":[{"floor":5.0,"key":"DistilledChaos"},{"floor":6.0,"key":"Explosive Potion"},{"floor":8.0,"key":"Strength Potion"},{"floor":16.0,"key":"SteroidPotion"},{"floor":21.0,"key":"LiquidBronze"},{"floor":24.0,"key":"SpeedPotion"},{"floor":35.0,"key":"DistilledChaos"},{"floor":46,"key":"BlessingOfTheForge"}],"is_trial":false,"path_per_floor":["M","$","M","?","M","E","R","M","T","?","$","R","E","M","R","B",null,"M","?","$","M","M","R","E","R","T","R","E","?","M","$","R","B",null,"M","M","M","?","M","R","$","?","T","?","R","M","$","E","R","B"],"character_chosen":"IRONCLAD","items_purchased":["Dual Wield","Spot Weakness","Membership Card","ClockworkSouvenir","Rupture","Vajra","Metallicize"],"campfire_rested":8,"item_purchase_floors":[2,2,11,20,20,31,41],"current_hp_per_floor":[70,70,71,55,57,23,47,42,52,41,41,68,74,57,57,12,71,71,65,65,55,37,64,58,85,85,85,41,41,31,31,58,29,75,64,39,31,31,20,47,47,45,45,45,72,50,50,51,80,0,0],"gold":36,"neow_bonus":"HUNDRED_GOLD","is_daily":false,"chose_seed":false,"campfire_upgraded":2,"win_rate":0.0,"timestamp":1613013413,"path_taken":["M","$","M","?","M","E","R","M","T","?","?","R","E","M","R","BOSS","M","?","$","M","M","R","E","R","T","R","E","?","M","$","R","BOSS","M","M","M","?","M","R","$","?","T","?","R","M","$","E","R","BOSS"],"items_purchased_type":["Card","Card","Relic","Relic","Card","Relic","Card"],"build_version":"2020-12-22","purchased_purges":5,"victory":false,"max_hp_per_floor":[80,80,80,80,80,80,80,80,90,90,90,90,90,90,90,90,90,90,90,90,90,90,90,90,90,90,90,90,90,90,90,90,90,90,90,90,90,90,90,90,90,90,90,90,90,90,90,97,97,97,97],"card_choices":[{"not_picked":["Bloodletting","Disarm"],"picked":"Sword Boomerang","floor":1.0},{"not_picked":["Heavy Blade","Feel No Pain"],"picked":"Body Slam","floor":3.0},{"not_picked":["Dropkick","Second Wind"],"picked":"Inflame","floor":5.0},{"not_picked":["Uppercut","Havoc"],"picked":"Rupture","floor":6.0},{"not_picked":["Dropkick","Armaments"],"picked":"Heavy Blade","floor":8.0},{"not_picked":["Thunderclap","Sword Boomerang"],"picked":"Cleave","floor":13.0},{"not_picked":["Sever Soul","Ghostly Armor"],"picked":"Power Through","floor":14.0},{"not_picked":["Corruption","Demon Form"],"picked":"Offering","floor":16.0},{"not_picked":["Armaments","Cleave"],"picked":"Evolve","floor":18.0},{"not_picked":["Dropkick+1","Inflame"],"picked":"Armaments+1","floor":21.0},{"not_picked":["Cleave+1","Clash"],"picked":"Iron Wave","floor":22.0},{"not_picked":["Thunderclap","Corruption"],"picked":"Blood for Blood+1","floor":24.0},{"not_picked":["Havoc","Seeing Red"],"picked":"Shrug It Off","floor":28.0},{"not_picked":["Dual Wield","Shrug It Off"],"picked":"True Grit","floor":30.0},{"not_picked":["Exhume","Bludgeon"],"picked":"Brutality","floor":33.0},{"not_picked":["Thunderclap"],"picked":"SKIP","floor":35.0},{"not_picked":[],"picked":"Entrench","floor":36.0},{"not_picked":["Thunderclap"],"picked":"SKIP","floor":37.0},{"not_picked":["Entrench"],"picked":"SKIP","floor":39.0},{"not_picked":["Dual Wield+1"],"picked":"SKIP","floor":46},{"not_picked":[],"picked":"Warcry+1","floor":48}],"player_experience":1391211,"relics_obtained":[{"floor":6.0,"key":"Mummified Hand"},{"floor":9.0,"key":"Pear"},{"floor":13.0,"key":"Bronze Scales"},{"floor":24.0,"key":"Toy Ornithopter"},{"floor":26.0,"key":"InkBottle"},{"floor":28.0,"key":"Darkstone Periapt"},{"floor":42,"key":"Pocketwatch"},{"floor":43,"key":"Pen Nib"},{"floor":48,"key":"Strawberry"}],"event_choices":[{"damage_healed":0.0,"max_hp_gain":0.0,"max_hp_loss":0.0,"gold_gain":0.0,"event_name":"Shining Light","player_choice":"Entered Light","floor":4.0,"gold_loss":0.0,"damage_taken":16.0,"cards_upgraded":["Sword Boomerang","Defend_R"]},{"damage_healed":0.0,"max_hp_gain":0.0,"max_hp_loss":0.0,"gold_gain":75.0,"event_name":"World of Goop","player_choice":"Gather Gold","floor":10.0,"gold_loss":0.0,"damage_taken":11.0},{"damage_healed":0.0,"max_hp_gain":0.0,"max_hp_loss":0.0,"gold_gain":0.0,"event_name":"Nest","player_choice":"Joined the Cult","floor":19.0,"gold_loss":0.0,"damage_taken":6.0,"cards_obtained":["RitualDagger"]},{"damage_healed":0.0,"max_hp_gain":0.0,"max_hp_loss":0.0,"gold_gain":0.0,"event_name":"N\u0027loth","player_choice":"Traded Relic","floor":29.0,"relics_lost":["Pear"],"gold_loss":0.0,"damage_taken":0.0,"relics_obtained":["Nloth\u0027s Gift"]},{"cards_removed":["Rupture"],"damage_healed":0.0,"max_hp_gain":0.0,"max_hp_loss":0.0,"gold_gain":0.0,"event_name":"Falling","player_choice":"Removed Power","floor":38.0,"gold_loss":0.0,"damage_taken":0.0},{"damage_healed":0,"gold_gain":0,"player_choice":"Fight","damage_taken":0,"max_hp_gain":0,"max_hp_loss":0,"event_name":"MindBloom","floor":42,"gold_loss":0},{"damage_healed":0,"gold_gain":0,"player_choice":"1 cards matched","damage_taken":0,"max_hp_gain":0,"max_hp_loss":0,"event_name":"Match and Keep!","floor":44,"gold_loss":0,"cards_obtained":["Madness"]}],"is_beta":false,"boss_relics":[{"not_picked":["Cursed Key","Coffee Dripper"],"picked":"Velvet Choker"},{"not_picked":["Sozu","Philosopher\u0027s Stone"],"picked":"Busted Crown"}],"items_purged_floors":[2,20,31,41,47],"is_endless":false,"potions_floor_spawned":[5,6,8,16,21,24,35,46],"killed_by":"Donu and Deca","ascension_level":13}}