{"host":"7gewg82ormp6yt4e","time":1613018337,"event":{"mods":["BaseMod","Block Reminder","Colored Map","DeckTracker","Highlight Path","Minty Spire (QoL Compilation)","Relic Stats","StSLib","ojb\u0027s Info Mod"],"gold_per_floor":[115,115,130,130,153,153,192,192,265,303,303,347,26,46,46,142,142,161,181,214,214,234,261,261,271,317,11,41,41,11,11,11,88,88,105,105,117,154,166,207,219,17,17,35,257,288,333,352,352,352,352,352],"floor_reached":51,"language":"JPN","playtime":4562,"items_purged":["Pain","Strike_P"],"score":1514,"play_id":"f391f4b0-7e29-4e32-b4f0-bdf8f74e5960","local_time":"20210211133857","is_ascension_mode":true,"campfire_choices":[{"data":"Wallop","floor":6.0,"key":"SMITH"},{"data":"BowlingBash","floor":8.0,"key":"SMITH"},{"data":"Eruption","floor":11.0,"key":"SMITH"},{"data":"CrushJoints","floor":15.0,"key":"SMITH"},{"data":"Judgement","floor":24.0,"key":"SMITH"},{"data":"1","floor":29.0,"key":"LIFT"},{"data":"TalkToTheHand","floor":32.0,"key":"SMITH"},{"data":"SpiritShield","floor":41.0,"key":"SMITH"},{"floor":49.0,"key":"RECALL"}],"circlet_count":0,"master_deck":["AscendersBane","Strike_P","Defend_P","Defend_P","Defend_P","Defend_P","Eruption+1","Vigilance","BowlingBash+1","EmptyFist","Wallop+1","CutThroughFate","EmptyBody","CarveReality","Wireheading","CrushJoints+1","Judgement+1","EmptyFist+1","CarveReality+1","ForeignInfluence+1","Indignation","Adaptation","MentalFortress","SpiritShield+1","TalkToTheHand+1","Sanctity","Omniscience","SashWhip+1","FlurryOfBlows+1"],"relics":["PureWater","NeowsBlessing","WarpedTongs","Bloody Idol","Juzu Bracelet","Pear","Matryoshka","Meat on the Bone","Membership Card","Black Star","Red Mask","Singing Bowl","Yang","The Courier","Art of War","Girya","Orichalcum","Ginger","Smiling Mask","Runic Pyramid","MawBank","CloakClasp","Eternal Feather","White Beast Statue","Strange Spoon","GoldenEye","Ancient Tea Set","Akabeko","Bottled Lightning","Unceasing Top"],"acts_visited":["Exordium","TheCity","TheBeyond"],"potions_floor_usage":[],"damage_taken":[{"damage":0.0,"enemies":"Jaw Worm","floor":1.0,"turns":1.0},{"damage":0.0,"enemies":"Cultist","floor":3.0,"turns":1.0},{"damage":1.0,"enemies":"Small Slimes","floor":5.0,"turns":2.0},{"damage":19.0,"enemies":"Lagavulin","floor":7.0,"turns":7.0},{"damage":7.0,"enemies":"3 Sentries","floor":10.0,"turns":7.0},{"damage":17.0,"enemies":"Lagavulin","floor":12.0,"turns":8.0},{"damage":1.0,"enemies":"Blue Slaver","floor":14.0,"turns":4.0},{"damage":28.0,"enemies":"Slime Boss","floor":16.0,"turns":4.0},{"damage":22.0,"enemies":"2 Thieves","floor":18.0,"turns":2.0},{"damage":0.0,"enemies":"Chosen","floor":19.0,"turns":3.0},{"damage":12.0,"enemies":"Masked Bandits","floor":20.0,"turns":4.0},{"damage":3.0,"enemies":"Snake Plant","floor":22.0,"turns":2.0},{"damage":26.0,"enemies":"Gremlin Leader","floor":23.0,"turns":4.0},{"damage":28.0,"enemies":"Shelled Parasite and Fungi","floor":25.0,"turns":4.0},{"damage":3.0,"enemies":"Slavers","floor":28.0,"turns":3.0},{"damage":27.0,"enemies":"Collector","floor":33.0,"turns":9.0},{"damage":11.0,"enemies":"3 Darklings","floor":35.0,"turns":2.0},{"damage":25.0,"enemies":"Mind Bloom Boss Battle","floor":38.0,"turns":7.0},{"damage":2.0,"enemies":"Giant Head","floor":40.0,"turns":6.0},{"damage":2.0,"enemies":"Orb Walker","floor":44.0,"turns":3.0},{"damage":30.0,"enemies":"Reptomancer","floor":46.0,"turns":8.0},{"damage":0.0,"enemies":"2 Orb Walkers","floor":47.0,"turns":3.0},{"damage":0.0,"enemies":"Maw","floor":48.0,"turns":7.0},{"damage":54.0,"enemies":"Time Eater","floor":50.0,"turns":19.0},{"damage":50,"enemies":"Donu and Deca","floor":51,"turns":6}],"seed_played":"-1941407338827785574","potions_obtained":[{"floor":1.0,"key":"Dexterity Potion"},{"floor":10.0,"key":"CultistPotion"},{"floor":12.0,"key":"ColorlessPotion"},{"floor":18.0,"key":"Weak Potion"},{"floor":25.0,"key":"GamblersBrew"},{"floor":28.0,"key":"SneckoOil"},{"floor":35.0,"key":"BottledMiracle"},{"floor":40.0,"key":"Dexterity Potion"},{"floor":46.0,"key":"LiquidMemories"},{"floor":47.0,"key":"LiquidMemories"}],"is_trial":false,"path_per_floor":["M","?","M","?","M","R","E","R","T","E","R","E","$","M","R","B",null,"M","M","?","?","M","E","R","M","T","$","E","R","$","?","R","B",null,"M","?","$","?","?","E","R","$","T","M","?","E","?","M","R","B","B"],"character_chosen":"WATCHER","items_purchased":["Membership Card","CarveReality","Wireheading","Fruit Juice","Explosive Potion","LiquidBronze","Adaptation","Girya","Orichalcum","MentalFortress","Strange Spoon","LiquidMemories","GoldenEye"],"campfire_rested":0,"item_purchase_floors":[13,13,13,13,27,27,27,27,27,30,42,42,42],"current_hp_per_floor":[61,61,61,61,60,60,41,41,51,44,44,27,32,43,43,27,65,43,43,43,43,45,38,38,29,34,34,50,50,50,50,50,42,74,70,70,75,60,65,75,85,85,85,87,87,62,67,72,87,45,0,0],"gold":352,"neow_bonus":"THREE_ENEMY_KILL","is_daily":false,"chose_seed":false,"campfire_upgraded":7,"win_rate":0.0,"timestamp":1613018337,"path_taken":["M","?","?","?","M","R","E","R","T","E","R","E","?","M","R","BOSS","M","M","?","?","M","E","R","M","T","$","E","R","?","?","R","BOSS","M","?","?","?","?","E","R","$","T","M","?","E","?","M","R","BOSS","BOSS"],"items_purchased_type":["Relic","Card","Card","Potion","Potion","Potion","Card","Relic","Relic","Card","Relic","Potion","Relic"],"build_version":"2020-12-22","purchased_purges":2,"victory":false,"max_hp_per_floor":[68,68,68,62,62,62,62,62,72,72,72,72,77,77,77,77,77,77,77,77,77,77,79,79,81,81,81,83,83,83,83,83,85,85,87,87,87,87,83,85,85,85,85,87,87,87,87,87,87,87,87,87],"relic_stats":{"Singing Bowl":14,"counters":[25,126],"Yang":[164],"Eternal Feather":20,"Juzu Bracelet":1,"CloakClasp":[276],"Ginger":[19],"Orichalcum":[42],"Smiling Mask":0,"MawBank":72,"GoldenEye":[50],"WarpedTongs":[118],"Strange Spoon":[23],"Bloody Idol":87,"Black Star":4,"Art of War":[11],"obtain_stats":[{"Singing Bowl":23,"Yang":23,"Juzu Bracelet":7,"CloakClasp":38,"Ginger":28,"Smiling Mask":28,"Ancient Tea Set":43,"Matryoshka":10,"Red Mask":20,"Runic Pyramid":34,"Girya":27,"Pear":9,"NeowsBlessing":0,"Golden Idol":4,"Eternal Feather":40,"The Courier":26,"Orichalcum":27,"MawBank":36,"GoldenEye":42,"White Beast Statue":40,"Akabeko":46,"WarpedTongs":2,"Strange Spoon":42,"Bloody Idol":21,"Black Star":17,"Art of War":26,"Membership Card":13,"Bottled Lightning":46,"PureWater":0,"Unceasing Top":47,"Meat on the Bone":12},{"Singing Bowl":13,"Yang":13,"Juzu Bracelet":4,"CloakClasp":18,"Ginger":15,"Smiling Mask":15,"Ancient Tea Set":19,"Matryoshka":5,"Red Mask":11,"Runic Pyramid":16,"Girya":14,"Pear":4,"NeowsBlessing":0,"Golden Idol":2,"Eternal Feather":19,"The Courier":14,"Orichalcum":14,"MawBank":17,"GoldenEye":19,"White Beast Statue":19,"Akabeko":21,"WarpedTongs":1,"Strange Spoon":19,"Bloody Idol":11,"Black Star":8,"Art of War":14,"Membership Card":6,"Bottled Lightning":21,"PureWater":0,"Unceasing Top":22,"Meat on the Bone":6},{"Singing Bowl":49,"Yang":49,"Juzu Bracelet":11,"CloakClasp":74,"Ginger":56,"Smiling Mask":56,"Ancient Tea Set":80,"Matryoshka":18,"Red Mask":43,"Runic Pyramid":65,"Girya":53,"Pear":11,"NeowsBlessing":0,"Golden Idol":2,"Eternal Feather":80,"The Courier":53,"Orichalcum":53,"MawBank":67,"GoldenEye":80,"White Beast Statue":80,"Akabeko":91,"WarpedTongs":1,"Strange Spoon":80,"Bloody Idol":43,"Black Star":34,"Art of War":53,"Membership Card":26,"Bottled Lightning":91,"PureWater":0,"Unceasing Top":94,"Meat on the Bone":26}],"Unceasing Top":[0],"Meat on the Bone":96},"card_choices":[{"not_picked":["SignatureMove","Evaluate"],"picked":"BowlingBash","floor":1.0},{"not_picked":["ClearTheMind","WindmillStrike"],"picked":"EmptyFist","floor":3.0},{"not_picked":["CutThroughFate","ThirdEye"],"picked":"Wallop","floor":5.0},{"not_picked":["FlyingSleeves","Establishment"],"picked":"CutThroughFate","floor":7.0},{"not_picked":["DeusExMachina","Study","WreathOfFlame"],"picked":"SKIP","floor":10.0},{"not_picked":["Protect","BowlingBash"],"picked":"EmptyBody","floor":12.0},{"not_picked":["FollowUp","Crescendo"],"picked":"CrushJoints","floor":14.0},{"not_picked":["Establishment","Ragnarok"],"picked":"Judgement","floor":16.0},{"not_picked":["PathToVictory","WheelKick"],"picked":"EmptyFist+1","floor":18.0},{"not_picked":["EmptyBody","PathToVictory+1"],"picked":"CarveReality+1","floor":19.0},{"not_picked":["Fasting2","Prostrate"],"picked":"ForeignInfluence+1","floor":20.0},{"not_picked":["Pray","FlurryOfBlows"],"picked":"Indignation","floor":22.0},{"not_picked":["Study","Crescendo","Protect"],"picked":"Singing Bowl","floor":23.0},{"not_picked":["Blasphemy","Study+1","CrushJoints"],"picked":"Singing Bowl","floor":25.0},{"not_picked":["Vengeance","Crescendo","ReachHeaven"],"picked":"Singing Bowl","floor":28.0},{"not_picked":["Brilliance","ConjureBlade","Vault"],"picked":"Singing Bowl","floor":33.0},{"not_picked":["Weave","Prostrate","EmptyMind"],"picked":"Singing Bowl","floor":35.0},{"not_picked":["ThirdEye","FollowUp"],"picked":"Sanctity","floor":38.0},{"not_picked":["EmptyFist","Ragnarok","FlyingSleeves"],"picked":"Singing Bowl","floor":40.0},{"not_picked":["Crescendo+1","Consecrate+1","BowlingBash"],"picked":"Singing Bowl","floor":44.0},{"not_picked":["EmptyBody","Protect+1"],"picked":"Omniscience","floor":46.0},{"not_picked":["LikeWater","BowlingBash"],"picked":"SashWhip+1","floor":47.0},{"not_picked":["CutThroughFate","Conclude"],"picked":"FlurryOfBlows+1","floor":48.0}],"player_experience":2823995,"relics_obtained":[{"floor":7.0,"key":"Juzu Bracelet"},{"floor":9.0,"key":"Pear"},{"floor":10.0,"key":"Matryoshka"},{"floor":12.0,"key":"Meat on the Bone"},{"floor":20.0,"key":"Red Mask"},{"floor":23.0,"key":"Singing Bowl"},{"floor":23.0,"key":"Yang"},{"floor":26.0,"key":"The Courier"},{"floor":26.0,"key":"Art of War"},{"floor":28.0,"key":"Ginger"},{"floor":28.0,"key":"Smiling Mask"},{"floor":38.0,"key":"CloakClasp"},{"floor":40.0,"key":"Eternal Feather"},{"floor":40.0,"key":"White Beast Statue"},{"floor":43.0,"key":"Ancient Tea Set"},{"floor":46.0,"key":"Akabeko"},{"floor":46.0,"key":"Bottled Lightning"},{"floor":47.0,"key":"Unceasing Top"}],"event_choices":[{"damage_healed":0.0,"max_hp_gain":0.0,"max_hp_loss":0.0,"gold_gain":0.0,"event_name":"Accursed Blacksmith","player_choice":"Rummage","floor":2.0,"gold_loss":0.0,"damage_taken":0.0,"relics_obtained":["WarpedTongs"],"cards_obtained":["Pain"]},{"damage_healed":0.0,"max_hp_gain":0.0,"max_hp_loss":6.0,"gold_gain":0.0,"event_name":"Golden Idol","player_choice":"Lose Max HP","floor":4.0,"gold_loss":0.0,"damage_taken":0.0,"relics_obtained":["Golden Idol"]},{"damage_healed":0.0,"max_hp_gain":0.0,"max_hp_loss":0.0,"gold_gain":0.0,"event_name":"Masked Bandits","player_choice":"Fought Bandits","floor":20.0,"gold_loss":0.0,"damage_taken":0.0},{"damage_healed":0.0,"max_hp_gain":0.0,"max_hp_loss":0.0,"gold_gain":0.0,"event_name":"Forgotten Altar","player_choice":"Gave Idol","floor":21.0,"relics_lost":["Golden Idol"],"gold_loss":0.0,"damage_taken":0.0,"relics_obtained":["Bloody Idol"]},{"damage_healed":0.0,"max_hp_gain":0.0,"max_hp_loss":0.0,"gold_gain":0.0,"cards_transformed":["Strike_P","Strike_P"],"event_name":"Drug Dealer","player_choice":"Became Test Subject","floor":31.0,"gold_loss":0.0,"damage_taken":0.0,"cards_obtained":["SpiritShield","TalkToTheHand"]},{"damage_healed":0.0,"max_hp_gain":0.0,"max_hp_loss":0.0,"gold_gain":0.0,"event_name":"WeMeetAgain","player_choice":"Gave Potion","floor":36.0,"gold_loss":0.0,"damage_taken":0.0,"relics_obtained":["MawBank"]},{"damage_healed":0.0,"max_hp_gain":0.0,"max_hp_loss":0.0,"gold_gain":0.0,"event_name":"MindBloom","player_choice":"Fight","floor":38.0,"gold_loss":0.0,"damage_taken":0.0},{"damage_healed":0.0,"max_hp_gain":0.0,"max_hp_loss":4.0,"gold_gain":0.0,"event_name":"Winding Halls","player_choice":"Max HP","floor":39.0,"gold_loss":0.0,"damage_taken":0.0},{"damage_healed":0.0,"max_hp_gain":0.0,"max_hp_loss":0.0,"gold_gain":222.0,"event_name":"Tomb of Lord Red Mask","player_choice":"Wore Mask","floor":45.0,"gold_loss":0.0,"damage_taken":0.0},{"damage_healed":0.0,"max_hp_gain":0.0,"max_hp_loss":0.0,"gold_gain":0.0,"event_name":"Mysterious Sphere","player_choice":"Fight","floor":47.0,"gold_loss":0.0,"damage_taken":0.0}],"is_beta":false,"boss_relics":[{"not_picked":["Busted Crown","SacredBark"],"picked":"Black Star"},{"not_picked":["Empty Cage","Cursed Key"],"picked":"Runic Pyramid"}],"items_purged_floors":[13,27],"is_endless":false,"potions_floor_spawned":[1,10,12,18,19,25,28,35,40,44,46,47,48],"killed_by":"Donu and Deca","ascension_level":20}}