{"host":"kh6fvhxn285ncg0o","time":1613061146,"event":{"mods":["Act Like it!","BaseMod","Colored Map","Friendly Minions","Keyboard Shortcuts","Minty Spire (QoL Compilation)","Quick Restart","Relic Stats","StSLib","SuperFastMode","UnlockEverythingMod"],"gold_per_floor":[117,192,209,223,16,47,57,57,57,91,91,91,120,175,175,248,248,262,312,312,326,326,359,378,405,430,756,779,85,96,111,111,188,188,206,206,222,222,239,268,268,280,280,314,331,341,354,143,143,143,143,143,143,43,74,74],"floor_reached":57,"language":"KOR","playtime":1923,"items_purged":["Strike_R","Strike_R","Headbutt"],"score":3259,"play_id":"ef0790dd-0374-4b8c-a7cb-ef2d97cf2f88","local_time":"20210212013226","is_ascension_mode":true,"campfire_choices":[{"data":"Apotheosis","floor":8.0,"key":"SMITH"},{"data":"Fire Breathing","floor":15.0,"key":"SMITH"},{"floor":32.0,"key":"RECALL"},{"floor":41.0,"key":"REST"},{"floor":49.0,"key":"REST"},{"floor":53.0,"key":"REST"}],"circlet_count":0,"master_deck":["AscendersBane","Strike_R","Defend_R","Defend_R","Defend_R","Defend_R","Immolate","Rage","Headbutt","Apotheosis+1","Shrug It Off","Body Slam","Pommel Strike","Fire Breathing+1","Impervious","Warcry+1","Dark Embrace","Burning Pact","Power Through+1","Battle Trance+1","Shockwave","Entrench","Exhume","Disarm+1","Second Wind","Evolve","Feel No Pain","Seeing Red"],"relics":["Burning Blood","Bronze Scales","Letter Opener","Question Card","Toy Ornithopter","The Courier","Dream Catcher","Fusion Hammer","MealTicket","Happy Flower","Old Coin","War Paint","TheAbacus","Anchor","Strawberry","Akabeko","PreservedInsect","SacredBark","Pocketwatch","Vajra","Art of War","Lantern"],"acts_visited":["Exordium","TheCity","TheBeyond","TheEnding"],"potions_floor_usage":[],"damage_taken":[{"damage":5.0,"enemies":"Small Slimes","floor":1.0,"turns":3.0},{"damage":1.0,"enemies":"2 Louse","floor":3.0,"turns":2.0},{"damage":6.0,"enemies":"Jaw Worm","floor":4.0,"turns":2.0},{"damage":4.0,"enemies":"3 Sentries","floor":6.0,"turns":2.0},{"damage":16.0,"enemies":"Exordium Wildlife","floor":7.0,"turns":4.0},{"damage":4.0,"enemies":"Lagavulin","floor":10.0,"turns":7.0},{"damage":0.0,"enemies":"3 Sentries","floor":13.0,"turns":3.0},{"damage":0.0,"enemies":"Gremlin Nob","floor":14.0,"turns":3.0},{"damage":0.0,"enemies":"Slime Boss","floor":16.0,"turns":5.0},{"damage":0.0,"enemies":"3 Byrds","floor":18.0,"turns":2.0},{"damage":3.0,"enemies":"Shell Parasite","floor":21.0,"turns":5.0},{"damage":43.0,"enemies":"Book of Stabbing","floor":23.0,"turns":4.0},{"damage":17.0,"enemies":"Snecko","floor":24.0,"turns":4.0},{"damage":21.0,"enemies":"Slavers","floor":25.0,"turns":5.0},{"damage":4.0,"enemies":"Book of Stabbing","floor":27.0,"turns":3.0},{"damage":0.0,"enemies":"Centurion and Healer","floor":30.0,"turns":5.0},{"damage":0.0,"enemies":"Chosen and Byrds","floor":31.0,"turns":3.0},{"damage":32.0,"enemies":"Collector","floor":33.0,"turns":7.0},{"damage":12.0,"enemies":"3 Darklings","floor":35.0,"turns":5.0},{"damage":13.0,"enemies":"Orb Walker","floor":37.0,"turns":4.0},{"damage":0.0,"enemies":"Maw","floor":39.0,"turns":7.0},{"damage":0.0,"enemies":"Reptomancer","floor":40.0,"turns":4.0},{"damage":4.0,"enemies":"Spire Growth","floor":42.0,"turns":5.0},{"damage":0.0,"enemies":"Nemesis","floor":44.0,"turns":5.0},{"damage":1.0,"enemies":"Transient","floor":45.0,"turns":6.0},{"damage":0.0,"enemies":"Writhing Mass","floor":46.0,"turns":6.0},{"damage":0.0,"enemies":"Sphere and 2 Shapes","floor":47.0,"turns":2.0},{"damage":0.0,"enemies":"Awakened One","floor":50.0,"turns":9.0},{"damage":9.0,"enemies":"Time Eater","floor":51.0,"turns":9.0},{"damage":31.0,"enemies":"Shield and Spear","floor":55.0,"turns":3.0},{"damage":59,"enemies":"The Heart","floor":56,"turns":8}],"seed_played":"2134600663061249510","potions_obtained":[{"floor":3.0,"key":"Fruit Juice"},{"floor":6.0,"key":"AttackPotion"},{"floor":13.0,"key":"GamblersBrew"},{"floor":14.0,"key":"BlessingOfTheForge"},{"floor":16.0,"key":"BlessingOfTheForge"},{"floor":27.0,"key":"SneckoOil"},{"floor":30.0,"key":"AttackPotion"},{"floor":37.0,"key":"Swift Potion"},{"floor":40.0,"key":"SkillPotion"},{"floor":45.0,"key":"Swift Potion"},{"floor":46.0,"key":"ColorlessPotion"}],"is_trial":false,"path_per_floor":["M","?","M","M","$","E","M","R","T","E","?","?","E","?","R","B",null,"M","?","?","M","?","E","M","E","T","E","T","$","M","M","R","B",null,"M","?","M","?","M","E","R","M","T","E","M","M","M","$","R","B","B",null,"R","$","E","B",null],"character_chosen":"IRONCLAD","items_purchased":["Apotheosis","TheAbacus","Anchor","Strawberry","Akabeko","PreservedInsect","Evolve","Feel No Pain"],"campfire_rested":3,"item_purchase_floors":[5,29,29,29,29,29,48,48],"current_hp_per_floor":[51,40,45,45,45,47,37,37,37,39,34,39,45,61,61,77,83,85,85,85,85,85,48,37,27,27,29,29,51,57,63,63,47,81,75,75,68,68,74,85,92,92,92,92,92,92,92,92,92,92,89,91,92,92,67,14],"gold":74,"neow_bonus":"THREE_RARE_CARDS","is_daily":false,"chose_seed":false,"campfire_upgraded":2,"win_rate":0.0,"timestamp":1613061146,"path_taken":["M","?","M","M","$","E","M","R","T","E","?","?","E","?","R","BOSS","M","?","?","M","?","E","M","E","T","E","?","$","M","M","R","BOSS","M","?","M","?","?","E","R","M","T","E","M","M","M","$","R","BOSS","BOSS","R","$","E","BOSS"],"items_purchased_type":["Card","Relic","Relic","Relic","Relic","Relic","Card","Card"],"build_version":"2020-12-22","purchased_purges":3,"victory":true,"max_hp_per_floor":[75,75,75,75,75,75,75,75,75,75,75,80,80,85,85,85,85,85,85,85,85,85,85,85,85,85,85,85,92,92,92,92,92,92,92,92,92,92,92,92,92,92,92,92,92,92,92,92,92,92,92,92,92,92,92,92],"relic_stats":{"Happy Flower":[30],"counters":[31,142],"PreservedInsect":188,"Letter Opener":[529],"War Paint":["Battle Trance","Power Through"],"Question Card":25,"Burning Blood":148,"Dream Catcher":3,"TheAbacus":[618],"Bronze Scales":[539],"MealTicket":15,"Art of War":[15],"obtain_stats":[{"Lantern":55,"Happy Flower":25,"SacredBark":34,"Vajra":43,"The Courier":13,"PreservedInsect":29,"Letter Opener":9,"War Paint":28,"Question Card":10,"Burning Blood":0,"Akabeko":29,"Old Coin":27,"Dream Catcher":14,"Anchor":29,"TheAbacus":29,"Bronze Scales":6,"Strawberry":29,"MealTicket":23,"Fusion Hammer":17,"Art of War":44,"Toy Ornithopter":11,"Pocketwatch":40},{"Lantern":30,"Happy Flower":14,"SacredBark":18,"Vajra":23,"The Courier":7,"PreservedInsect":15,"Letter Opener":5,"War Paint":15,"Question Card":6,"Burning Blood":0,"Akabeko":15,"Old Coin":15,"Dream Catcher":8,"Anchor":15,"TheAbacus":15,"Bronze Scales":4,"Strawberry":15,"MealTicket":12,"Fusion Hammer":9,"Art of War":24,"Toy Ornithopter":6,"Pocketwatch":22},{"Lantern":134,"Happy Flower":51,"SacredBark":69,"Vajra":94,"The Courier":23,"PreservedInsect":54,"Letter Opener":13,"War Paint":54,"Question Card":20,"Burning Blood":0,"Akabeko":54,"Old Coin":54,"Dream Catcher":26,"Anchor":54,"TheAbacus":54,"Bronze Scales":9,"Strawberry":54,"MealTicket":42,"Fusion Hammer":31,"Art of War":99,"Toy Ornithopter":20,"Pocketwatch":89}],"Toy Ornithopter":35,"Pocketwatch":[57]},"card_choices":[{"not_picked":["Feed","Corruption"],"picked":"Immolate","floor":0.0},{"not_picked":["Warcry","Perfected Strike","Cleave"],"picked":"SKIP","floor":1.0},{"not_picked":["Corruption","Perfected Strike"],"picked":"Rage","floor":3.0},{"not_picked":["Sword Boomerang","Infernal Blade"],"picked":"Headbutt","floor":4.0},{"not_picked":["Sever Soul","Iron Wave","Twin Strike"],"picked":"SKIP","floor":6.0},{"not_picked":["Cleave","Infernal Blade"],"picked":"Shrug It Off","floor":7.0},{"not_picked":["Iron Wave","Pommel Strike"],"picked":"Body Slam","floor":10.0},{"not_picked":["Exhume","Wild Strike","Iron Wave"],"picked":"Pommel Strike","floor":13.0},{"not_picked":["Body Slam","Armaments","Shrug It Off"],"picked":"Fire Breathing","floor":14.0},{"not_picked":["Immolate","Reaper","Brutality"],"picked":"Impervious","floor":16.0},{"not_picked":["Sword Boomerang+1","Clothesline","Twin Strike"],"picked":"Warcry+1","floor":18.0},{"not_picked":["Dropkick","Clash","Searing Blow"],"picked":"Dark Embrace","floor":21.0},{"not_picked":["Whirlwind","Rampage+1","Flex+1"],"picked":"Power Through","floor":23.0},{"not_picked":["Ghostly Armor","Heavy Blade","Clothesline"],"picked":"Battle Trance","floor":24.0},{"not_picked":["Headbutt","Fire Breathing","Spot Weakness","Burning Pact"],"picked":"SKIP","floor":25.0},{"not_picked":["Armaments","Clash","Reaper"],"picked":"Shockwave","floor":27.0},{"not_picked":["Armaments","Clothesline","Body Slam+1","Iron Wave"],"picked":"SKIP","floor":30.0},{"not_picked":["Armaments","Havoc","Sword Boomerang"],"picked":"Entrench","floor":31.0},{"not_picked":["Reaper","Berserk","Demon Form"],"picked":"Exhume","floor":33.0},{"not_picked":["Twin Strike","Clash","Thunderclap+1"],"picked":"Disarm+1","floor":35.0},{"not_picked":["Anger","Power Through","Shrug It Off","Pommel Strike"],"picked":"SKIP","floor":37.0},{"not_picked":["Warcry+1","Perfected Strike+1","Disarm","Shrug It Off+1"],"picked":"SKIP","floor":39.0},{"not_picked":["Bloodletting+1","Limit Break","Clothesline","Thunderclap"],"picked":"SKIP","floor":40.0},{"not_picked":["Ghostly Armor","Thunderclap","Bloodletting"],"picked":"Second Wind","floor":41.0},{"not_picked":["Dark Embrace","Fire Breathing","Iron Wave","Pommel Strike+1"],"picked":"SKIP","floor":42.0},{"not_picked":["Twin Strike","Havoc","True Grit","Wild Strike+1"],"picked":"SKIP","floor":44.0},{"not_picked":["Spot Weakness","Body Slam","Flame Barrier","True Grit"],"picked":"SKIP","floor":45.0},{"not_picked":["Shockwave","Bloodletting","Warcry","Ghostly Armor"],"picked":"SKIP","floor":46.0},{"not_picked":["Pommel Strike","Body Slam","Impervious","Flex"],"picked":"SKIP","floor":47.0},{"not_picked":["Iron Wave+1","Havoc","Cleave+1"],"picked":"Seeing Red","floor":49.0},{"not_picked":["Second Wind+1","Double Tap","Wild Strike+1","Infernal Blade"],"picked":"SKIP","floor":55.0}],"player_experience":1373845,"relics_obtained":[{"floor":6.0,"key":"Bronze Scales"},{"floor":9.0,"key":"Letter Opener"},{"floor":10.0,"key":"Question Card"},{"floor":13.0,"key":"The Courier"},{"floor":14.0,"key":"Dream Catcher"},{"floor":23.0,"key":"MealTicket"},{"floor":25.0,"key":"Happy Flower"},{"floor":27.0,"key":"Old Coin"},{"floor":28.0,"key":"War Paint"},{"floor":40.0,"key":"Pocketwatch"},{"floor":43.0,"key":"Vajra"},{"floor":44.0,"key":"Art of War"},{"floor":55.0,"key":"Lantern"}],"event_choices":[{"damage_healed":0.0,"max_hp_gain":0.0,"max_hp_loss":0.0,"gold_gain":75.0,"event_name":"World of Goop","player_choice":"Gather Gold","floor":2.0,"gold_loss":0.0,"damage_taken":11.0},{"damage_healed":0.0,"max_hp_gain":0.0,"max_hp_loss":0.0,"gold_gain":0.0,"event_name":"Scrap Ooze","player_choice":"Success","floor":11.0,"gold_loss":0.0,"damage_taken":5.0,"relics_obtained":["Toy Ornithopter"]},{"damage_healed":0.0,"max_hp_gain":5.0,"max_hp_loss":0.0,"gold_gain":0.0,"event_name":"Big Fish","player_choice":"Donut","floor":12.0,"gold_loss":0.0,"damage_taken":0.0},{"damage_healed":0.0,"max_hp_gain":0.0,"max_hp_loss":0.0,"gold_gain":30.0,"event_name":"Dead Adventurer","player_choice":"Searched \u00272\u0027 times","floor":14.0,"gold_loss":0.0,"damage_taken":0.0},{"damage_healed":0.0,"max_hp_gain":0.0,"max_hp_loss":0.0,"gold_gain":50.0,"event_name":"Nest","player_choice":"Stole From Cult","floor":19.0,"gold_loss":0.0,"damage_taken":0.0},{"damage_healed":0.0,"max_hp_gain":0.0,"max_hp_loss":0.0,"gold_gain":0.0,"event_name":"The Mausoleum","player_choice":"Ignored","floor":20.0,"gold_loss":0.0,"damage_taken":0.0},{"damage_healed":0.0,"max_hp_gain":0.0,"max_hp_loss":0.0,"gold_gain":0.0,"cards_transformed":["Strike_R","Strike_R"],"event_name":"Drug Dealer","player_choice":"Became Test Subject","floor":22.0,"gold_loss":0.0,"damage_taken":0.0,"cards_obtained":["Headbutt","Burning Pact"]},{"damage_healed":0.0,"max_hp_gain":0.0,"max_hp_loss":0.0,"gold_gain":0.0,"event_name":"Tomb of Lord Red Mask","player_choice":"Ignored","floor":36.0,"gold_loss":0.0,"damage_taken":0.0},{"cards_removed":["Bash"],"damage_healed":0.0,"max_hp_gain":0.0,"max_hp_loss":0.0,"gold_gain":0.0,"event_name":"Falling","player_choice":"Removed Attack","floor":38.0,"gold_loss":0.0,"damage_taken":0.0}],"is_beta":false,"boss_relics":[{"not_picked":["Coffee Dripper","Cursed Key"],"picked":"Fusion Hammer"},{"not_picked":["Black Blood","Tiny House"],"picked":"SacredBark"}],"items_purged_floors":[29,48,54],"is_endless":false,"potions_floor_spawned":[3,6,13,14,16,27,30,31,37,40,45,46,47],"ascension_level":20}}