{"host":"b4v9fzk04eo0kg41","time":1613084349,"event":{"mods":["AchievementEnabler","BaseMod","Minty Spire (QoL Compilation)"],"gold_per_floor":[118,22,22,33,47,75,75,105,156,156,46,46,8,8,8,103,103,115,131,143,160,176,206,220,220,220],"floor_reached":25,"language":"ENG","playtime":1070,"items_purged":[],"score":245,"play_id":"de03f09b-3eec-49e8-9493-3018e0ceb4bb","local_time":"20210211165909","is_ascension_mode":true,"campfire_choices":[{"data":"Deadly Poison","floor":7,"key":"SMITH"},{"floor":10,"key":"RECALL"},{"floor":12,"key":"REST"},{"data":"Crippling Poison","floor":15,"key":"SMITH"}],"circlet_count":0,"master_deck":["Strike_G","Strike_G","Strike_G","Strike_G","Strike_G","Defend_G","Defend_G","Defend_G","Defend_G","Defend_G","Survivor","Neutralize","Deflect","Poisoned Stab+1","Quick Slash","Backstab","Terror","Slice","Deadly Poison+1","Crippling Poison","Crippling Poison+1","Predator","Parasite","Corpse Explosion","Dodge and Roll","Dodge and Roll","Reflex","Terror+1"],"relics":["Ring of the Snake","Bottled Lightning","Orichalcum","Blood Vial","Busted Crown","Juzu Bracelet"],"acts_visited":["Exordium","TheCity"],"potions_floor_usage":[23,23,25],"damage_taken":[{"damage":0,"enemies":"Small Slimes","floor":1,"turns":4},{"damage":0,"enemies":"Cultist","floor":4,"turns":2},{"damage":0,"enemies":"Jaw Worm","floor":5,"turns":3},{"damage":23,"enemies":"Gremlin Nob","floor":6,"turns":4},{"damage":17,"enemies":"Lagavulin","floor":8,"turns":5},{"damage":40,"enemies":"Slime Boss","floor":16,"turns":13},{"damage":10,"enemies":"Shell Parasite","floor":18,"turns":4},{"damage":12,"enemies":"Spheric Guardian","floor":19,"turns":5},{"damage":3,"enemies":"Snake Plant","floor":20,"turns":3},{"damage":0,"enemies":"Chosen and Byrds","floor":21,"turns":4},{"damage":0,"enemies":"Cultist and Chosen","floor":22,"turns":4},{"damage":19,"enemies":"Gremlin Leader","floor":23,"turns":4},{"damage":13,"enemies":"Centurion and Healer","floor":24,"turns":4},{"damage":30,"enemies":"Book of Stabbing","floor":25,"turns":4}],"seed_played":"414123345392143091","potions_obtained":[{"floor":1,"key":"DistilledChaos"},{"floor":5,"key":"EssenceOfSteel"},{"floor":18,"key":"Poison Potion"}],"is_trial":false,"path_per_floor":["M","$","?","M","M","E","R","E","T","R","$","R","?","?","R","B",null,"M","M","M","M","M","E","M","E"],"character_chosen":"THE_SILENT","items_purchased":["Quick Slash","Backstab","Crippling Poison","Predator"],"campfire_rested":1,"item_purchase_floors":[2,2,11,11],"current_hp_per_floor":[70,70,70,70,70,47,47,30,30,30,30,51,51,68,68,30,70,60,50,49,51,53,36,25,0,0],"gold":220,"neow_bonus":"THREE_CARDS","is_daily":false,"chose_seed":false,"campfire_upgraded":2,"win_rate":0.0,"timestamp":1613084349,"path_taken":["M","$","?","?","M","E","R","E","T","R","$","R","?","?","R","BOSS","M","M","M","M","M","E","M","E"],"items_purchased_type":["Card","Card","Card","Card"],"build_version":"2020-12-22","purchased_purges":0,"victory":false,"max_hp_per_floor":[70,70,70,70,70,70,70,70,70,70,70,70,70,70,70,70,70,70,70,70,70,70,70,70,70,70],"card_choices":[{"not_picked":["Well Laid Plans","Backflip"],"picked":"Deflect","floor":0},{"not_picked":["Backstab","PiercingWail"],"picked":"Poisoned Stab","floor":1},{"not_picked":["Dagger Spray","Outmaneuver"],"picked":"Terror","floor":4},{"not_picked":["Dodge and Roll","Deflect"],"picked":"Slice","floor":5},{"not_picked":["Cloak And Dagger","Bane"],"picked":"Deadly Poison","floor":6},{"not_picked":["Eviscerate","Calculated Gamble"],"picked":"Crippling Poison","floor":8},{"not_picked":["Doppelganger","A Thousand Cuts"],"picked":"Corpse Explosion","floor":16},{"not_picked":[],"picked":"Dodge and Roll","floor":18},{"not_picked":["Cloak And Dagger"],"picked":"SKIP","floor":19},{"not_picked":[],"picked":"Dodge and Roll","floor":20},{"not_picked":[],"picked":"Reflex","floor":21},{"not_picked":["Dash"],"picked":"SKIP","floor":22},{"not_picked":[],"picked":"Terror+1","floor":23},{"not_picked":["Well Laid Plans"],"picked":"SKIP","floor":24}],"player_experience":437644,"relics_obtained":[{"floor":6,"key":"Bottled Lightning"},{"floor":8,"key":"Orichalcum"},{"floor":9,"key":"Blood Vial"},{"floor":23,"key":"Juzu Bracelet"}],"event_choices":[{"damage_healed":0,"gold_gain":0,"player_choice":"Upgraded","damage_taken":0,"max_hp_gain":0,"max_hp_loss":0,"event_name":"Upgrade Shrine","floor":3,"gold_loss":0,"cards_upgraded":["Poisoned Stab"]},{"damage_healed":0,"gold_gain":0,"player_choice":"Left Gold","damage_taken":0,"max_hp_gain":0,"max_hp_loss":0,"event_name":"World of Goop","floor":13,"gold_loss":38},{"damage_healed":17,"gold_gain":0,"player_choice":"Healed and dodged fight","damage_taken":0,"max_hp_gain":0,"max_hp_loss":0,"event_name":"Mushrooms","floor":14,"gold_loss":0,"cards_obtained":["Parasite"]}],"is_beta":false,"boss_relics":[{"not_picked":["Philosopher\u0027s Stone","HoveringKite"],"picked":"Busted Crown"}],"items_purged_floors":[],"is_endless":false,"potions_floor_spawned":[1,5,18,20,22],"killed_by":"Book of Stabbing","ascension_level":1}}