{"host":"mo324zvkdr1xwprd","time":1613063462,"event":{"mods":["BaseMod","Better Note","BetterRewards","Hermit","Highlight Path","Hubris","Minty Spire (QoL Compilation)","Quick Restart","Rare Cards Sparkle","Shop Mod","StSLib","The Cursed","The Hierophant"],"gold_per_floor":[112,123,134,134,148,182,182,209,232,262,282,282,71,90,90,194,194,210,119,151,164,164,192,192,223,269,301,301,315,333,18,18,113,113,127,127,127,147,157,186,186,205,228,228,238,270,23,39,39,39,39,39,39,67,67,67],"floor_reached":55,"language":"ENG","playtime":4096,"items_purged":[],"score":1415,"play_id":"29610261-ead4-4b9a-b3b2-18e80e309693","local_time":"20210211171102","is_ascension_mode":true,"campfire_choices":[{"floor":7.0,"key":"REST"},{"floor":12.0,"key":"REST"},{"floor":15.0,"key":"RECALL"},{"floor":28.0,"key":"REST"},{"data":"Adrenaline","floor":32.0,"key":"SMITH"},{"floor":44.0,"key":"REST"},{"floor":49.0,"key":"REST"},{"floor":52,"key":"REST"}],"circlet_count":0,"master_deck":["Survivor","Neutralize+1","Dash","Deflect","Deflect","Terror","Backstab","Bouncing Flask","Accuracy","Calculated Gamble","Bane","PiercingWail","Noxious Fumes","Flying Knee","Burst","Expertise","Blur","Concentrate","Bullet Time","Dagger Throw","Phantasmal Killer","Burst","Riddle With Holes","Acrobatics","Predator","Caltrops","Endless Agony","Blade Dance","Accuracy","Flying Knee","Bouncing Flask+1","Flying Knee+1","Deflect","Bouncing Flask","Adrenaline+1","Caltrops","A Thousand Cuts","Flying Knee","Madness","Madness","Dagger Spray","Parasite","Cloak And Dagger","Dodge and Roll+1","Adrenaline+1","Endless Agony","Catalyst+1","Prepared+1","Caltrops","Deflect","Cloak And Dagger"],"relics":["Ring of the Snake","Lee\u0027s Waffle","Mango","Kunai","Whetstone","Vajra","White Beast Statue","Happy Flower","Pandora\u0027s Box","Red Mask","MutagenicStrength","Anchor","Orichalcum","Snake Skull","Pocketwatch","Bottled Lightning","WristBlade","hubris:Towel","Nunchaku","PreservedInsect","InkBottle","Lantern","Oddly Smooth Stone"],"acts_visited":["Exordium","TheCity","TheBeyond","TheEnding"],"potions_floor_usage":[50,54,55],"damage_taken":[{"damage":0.0,"enemies":"Jaw Worm","floor":1.0,"turns":3.0},{"damage":2.0,"enemies":"Cultist","floor":2.0,"turns":4.0},{"damage":0.0,"enemies":"Small Slimes","floor":3.0,"turns":3.0},{"damage":5.0,"enemies":"Blue Slaver","floor":5.0,"turns":4.0},{"damage":36.0,"enemies":"3 Sentries","floor":6.0,"turns":13.0},{"damage":17.0,"enemies":"Gremlin Nob","floor":8.0,"turns":4.0},{"damage":6.0,"enemies":"Lagavulin","floor":10.0,"turns":5.0},{"damage":0.0,"enemies":"Gremlin Gang","floor":11.0,"turns":4.0},{"damage":0.0,"enemies":"3 Louse","floor":14.0,"turns":2.0},{"damage":45.0,"enemies":"Hexaghost","floor":16.0,"turns":7.0},{"damage":0.0,"enemies":"Spheric Guardian","floor":18.0,"turns":2.0},{"damage":0.0,"enemies":"Masked Bandits","floor":20.0,"turns":2.0},{"damage":4.0,"enemies":"3 Byrds","floor":21.0,"turns":5.0},{"damage":3.0,"enemies":"Gremlin Leader","floor":23.0,"turns":6.0},{"damage":15.0,"enemies":"Slavers","floor":25.0,"turns":5.0},{"damage":0.0,"enemies":"Gremlin Leader","floor":27.0,"turns":6.0},{"damage":4.0,"enemies":"3 Cultists","floor":29.0,"turns":4.0},{"damage":4.0,"enemies":"Centurion and Healer","floor":30.0,"turns":3.0},{"damage":38.0,"enemies":"Automaton","floor":33.0,"turns":8.0},{"damage":0.0,"enemies":"Orb Walker","floor":35.0,"turns":2.0},{"damage":0.0,"enemies":"3 Darklings","floor":38.0,"turns":3.0},{"damage":10.0,"enemies":"Writhing Mass","floor":39.0,"turns":5.0},{"damage":23.0,"enemies":"Reptomancer","floor":40.0,"turns":5.0},{"damage":6.0,"enemies":"Spire Growth","floor":42.0,"turns":4.0},{"damage":0.0,"enemies":"Jaw Worm Horde","floor":45.0,"turns":3.0},{"damage":27.0,"enemies":"Nemesis","floor":46.0,"turns":5.0},{"damage":0.0,"enemies":"Maw","floor":48.0,"turns":4.0},{"damage":14,"enemies":"Time Eater","floor":50,"turns":2},{"damage":0,"enemies":"Shield and Spear","floor":54,"turns":2},{"damage":97,"enemies":"The Heart","floor":55,"turns":5}],"seed_played":"9083559713561594975","potions_obtained":[{"floor":2.0,"key":"SpeedPotion"},{"floor":10.0,"key":"LiquidMemories"},{"floor":11.0,"key":"Poison Potion"},{"floor":14.0,"key":"SneckoOil"},{"floor":16.0,"key":"SmokeBomb"},{"floor":18.0,"key":"DuplicationPotion"},{"floor":20.0,"key":"CunningPotion"},{"floor":21.0,"key":"Dexterity Potion"},{"floor":23.0,"key":"FearPotion"},{"floor":25.0,"key":"BlessingOfTheForge"},{"floor":27.0,"key":"Energy Potion"},{"floor":29.0,"key":"Fruit Juice"},{"floor":30.0,"key":"Dexterity Potion"},{"floor":33.0,"key":"Regen Potion"},{"floor":35.0,"key":"BlessingOfTheForge"},{"floor":38.0,"key":"BlessingOfTheForge"},{"floor":39.0,"key":"SkillPotion"},{"floor":40.0,"key":"Explosive Potion"},{"floor":42.0,"key":"PowerPotion"},{"floor":45.0,"key":"Weak Potion"},{"floor":46.0,"key":"Fire Potion"},{"floor":48.0,"key":"LiquidMemories"},{"floor":54,"key":"BlessingOfTheForge"}],"is_trial":false,"path_per_floor":["M","M","M","?","M","E","R","E","T","E","M","R","$","M","R","B",null,"M","$","?","M","?","E","T","E","T","E","R","M","M","$","R","B",null,"M","?","?","M","M","E","?","M","T","R","M","E","$","M","R","B",null,"R","$","E","B"],"character_chosen":"THE_SILENT","items_purchased":["Lee\u0027s Waffle","Dash","Bouncing Flask","Deflect","Happy Flower","Noxious Fumes","Endless Agony","Blade Dance","Bottled Lightning","Caltrops","Lantern","Caltrops","Deflect"],"campfire_rested":6,"item_purchase_floors":[0,0,0,0,13,13,19,19,31,31,47,47,47],"current_hp_per_floor":[91,89,89,91,86,50,77,60,60,54,54,81,81,81,81,36,77,77,77,77,73,73,70,70,55,55,55,82,83,79,79,79,41,82,82,82,70,79,69,46,46,40,40,68,68,41,41,41,69,55,86,96,96,96,0,0],"gold":67,"neow_bonus":"","is_daily":false,"chose_seed":false,"campfire_upgraded":1,"win_rate":0.0,"timestamp":1613063462,"path_taken":["M","M","M","?","?","E","R","E","T","E","M","R","$","M","R","BOSS","M","$","?","M","?","E","?","E","T","E","R","M","M","$","R","BOSS","M","?","?","M","M","E","?","?","T","R","M","E","$","M","R","BOSS","R","$","E","BOSS"],"items_purchased_type":["Relic","Card","Card","Card","Relic","Card","Card","Card","Relic","Card","Relic","Card","Card"],"build_version":"2020-12-22","purchased_purges":0,"victory":false,"max_hp_per_floor":[91,91,91,91,91,91,91,91,91,91,91,91,91,91,91,91,91,91,91,91,91,91,91,91,91,91,91,91,96,96,96,96,96,96,96,96,96,96,96,96,96,96,96,96,96,96,96,96,96,96,96,96,96,96,96,96],"card_choices":[{"not_picked":["Dodge and Roll","Sucker Punch"],"picked":"Deflect","floor":1.0},{"not_picked":["Predator","Cloak And Dagger"],"picked":"Terror","floor":2.0},{"not_picked":["Distraction","Backflip"],"picked":"Backstab","floor":3.0},{"not_picked":["Cloak And Dagger","Accuracy"],"picked":"Bouncing Flask","floor":5.0},{"not_picked":["hubris:TrickCloak","Slice"],"picked":"Accuracy","floor":6.0},{"not_picked":["Dagger Spray","Accuracy"],"picked":"Calculated Gamble","floor":8.0},{"not_picked":["Malaise","Underhanded Strike"],"picked":"Bane","floor":10.0},{"not_picked":["Blur","Sucker Punch"],"picked":"PiercingWail","floor":11.0},{"not_picked":["Setup","Dodge and Roll"],"picked":"Flying Knee","floor":14.0},{"not_picked":["Storm of Steel","Glass Knife"],"picked":"Burst","floor":16.0},{"not_picked":["Acrobatics","Deadly Poison+1"],"picked":"Caltrops","floor":18.0},{"not_picked":["Tactician+1","Poisoned Stab"],"picked":"Accuracy","floor":20.0},{"not_picked":["Underhanded Strike","Deflect"],"picked":"Flying Knee","floor":21.0},{"not_picked":["hubris:Sniper","Underhanded Strike"],"picked":"Bouncing Flask+1","floor":23.0},{"not_picked":["Masterful Stab","Deflect"],"picked":"Flying Knee+1","floor":25.0},{"not_picked":["Poisoned Stab+1","Sucker Punch"],"picked":"Deflect","floor":27.0},{"not_picked":["Escape Plan","Dagger Throw"],"picked":"Bouncing Flask","floor":29.0},{"not_picked":["Dash","Tactician+1"],"picked":"Adrenaline","floor":30.0},{"not_picked":["Grand Finale","Malaise"],"picked":"A Thousand Cuts","floor":33.0},{"not_picked":["Riddle With Holes+1","Flechettes"],"picked":"Flying Knee","floor":35.0},{"not_picked":["hubris:TrickCloak+1","Deadly Poison"],"picked":"Dagger Spray","floor":38.0},{"not_picked":["hubris:TrickCloak","Quick Slash+1"],"picked":"Cloak And Dagger","floor":39.0},{"not_picked":["hubris:SlightOfHand+1","Riddle With Holes+1"],"picked":"Dodge and Roll+1","floor":40.0},{"not_picked":["PiercingWail","Bane"],"picked":"Endless Agony","floor":42.0},{"not_picked":["Glass Knife","Setup"],"picked":"Catalyst+1","floor":45.0},{"not_picked":["Finisher+1","Accuracy+1"],"picked":"Prepared+1","floor":46.0},{"not_picked":["Underhanded Strike","hubris:SlightOfHand"],"picked":"Cloak And Dagger","floor":48.0},{"not_picked":["Acrobatics","Heel Hook+1","Concentrate+1"],"picked":"SKIP","floor":54}],"player_experience":563110,"relics_obtained":[{"floor":6.0,"key":"Kunai"},{"floor":8.0,"key":"Whetstone"},{"floor":9.0,"key":"Vajra"},{"floor":10.0,"key":"White Beast Statue"},{"floor":20.0,"key":"Red Mask"},{"floor":23.0,"key":"Anchor"},{"floor":25.0,"key":"Orichalcum"},{"floor":26.0,"key":"Snake Skull"},{"floor":27.0,"key":"Pocketwatch"},{"floor":40.0,"key":"Nunchaku"},{"floor":43.0,"key":"PreservedInsect"},{"floor":46.0,"key":"InkBottle"},{"floor":54,"key":"Oddly Smooth Stone"}],"event_choices":[{"cards_removed":["Bouncing Flask"],"damage_healed":2.0,"max_hp_gain":0.0,"max_hp_loss":0.0,"gold_gain":0.0,"event_name":"Bonfire Elementals","player_choice":"Offered Uncommon","floor":4.0,"gold_loss":0.0,"damage_taken":0.0},{"damage_healed":0.0,"max_hp_gain":0.0,"max_hp_loss":0.0,"gold_gain":0.0,"event_name":"Masked Bandits","player_choice":"Fought Bandits","floor":20.0,"gold_loss":0.0,"damage_taken":0.0},{"damage_healed":0.0,"max_hp_gain":0.0,"max_hp_loss":0.0,"gold_gain":0.0,"event_name":"Drug Dealer","player_choice":"Inject Mutagens","floor":22.0,"gold_loss":0.0,"damage_taken":0.0,"relics_obtained":["MutagenicStrength"]},{"damage_healed":0.0,"max_hp_gain":0.0,"max_hp_loss":0.0,"gold_gain":0.0,"event_name":"Winding Halls","player_choice":"Embrace Madness","floor":37.0,"gold_loss":0.0,"damage_taken":12.0,"cards_obtained":["Madness","Madness"]},{"damage_healed":0.0,"max_hp_gain":0.0,"max_hp_loss":0.0,"gold_gain":0.0,"event_name":"Duplicator","player_choice":"Copied","floor":41.0,"gold_loss":0.0,"damage_taken":0.0,"cards_obtained":["Adrenaline"]}],"is_beta":false,"boss_relics":[{"not_picked":["hubris:VirtuousBlindfold","Coffee Dripper"],"picked":"Pandora\u0027s Box"},{"not_picked":["HoveringKite","Philosopher\u0027s Stone"],"picked":"WristBlade"}],"items_purged_floors":[],"is_endless":false,"potions_floor_spawned":[2,10,11,14,16,18,20,21,23,25,27,29,30,33,35,38,39,40,42,45,46,48,54],"killed_by":"The Heart","ascension_level":5}}