{"host":"nia1zwr35jsu5y7h","time":1613053562,"event":{"mods":["2.2 Compatiblity","Abigail Mod","Bard","BaseMod","Colored Map","Conspire","Downfall","Friendly Minions","Hermit","Highlight Path","Hubris","Infinite Spire","Kiyohime????","Koishi","Marisa????????","Minty Spire (QoL Compilation)","Quick Restart","Replay The Spire","Shade Mod","Shop Mod","StSLib","The Animator","The Construct","The Cursed","The Disciple","The Mystic","The Necromancer","The Servant 0.9.4"],"gold_per_floor":[349,101,111,122,122,141,141,160,160,170,170,29,62,77,89,190,190,190,209,209,220,220,235,235,267,267,286,318,318,193,206,217,318,318,218,238,238,248,267,278,301,301,301,301],"floor_reached":42,"language":"ENG","playtime":3690,"items_purged":["Decay","downfall:Icky","hexamod:Strike"],"score":647,"play_id":"12a18667-7bdf-4ab2-9024-de85e54270b3","local_time":"20210211062602","is_ascension_mode":true,"campfire_choices":[{"data":"hexamod:Float","floor":1.0,"key":"SMITH"},{"data":"hexamod:PhantomCloak","floor":9.0,"key":"SMITH"},{"data":"hexamod:UnlimitedPower","floor":18.0,"key":"SMITH"},{"data":"hexamod:Rewind","floor":35.0,"key":"SMITH"}],"circlet_count":0,"master_deck":["hexamod:Strike","hexamod:Defend","hexamod:Defend","hexamod:Defend","hexamod:Sear","hexamod:Float+1","hexamod:Toasty","hexamod:GhostOfSpirePast","expansioncontent:PrepareCrush","hexamod:GhostflameBarrier","hexamod:GhostOfSpireFuture","hexamod:PhantomCloak+1","hexamod:RecurringNightmare","hexamod:GhostOfSpirePast","hexamod:RadiantFlame","hexamod:RadiantFlame","hexamod:Hexaguard+1","hexamod:Rewind","hexamod:VolcanoVisage+1","hexamod:UnlimitedPower+1","hexamod:BacktrackSmack","hexamod:Rewind+1","ReplayTheSpireMod:Faulty Equipment","hexamod:BacktrackSmack","hexamod:HexaLevel+1","Pot Of Greed","Pot Of Greed","Pot Of Greed","hexamod:ForkedFlame","hexamod:GhostOfSpireFuture","hexamod:GhostflameBarrier","hexamod:TurnItUp","hexamod:GhostOfSpirePast","hexamod:ExtraCrispy","Normality"],"relics":["hexamod:SpiritBrand","hubris:DeckOfHolding","Blue Doll","Akabeko","Cursed Key","Pantograph","Grinning Jar","Nloth\u0027s Gift","hubris:FunFungus","Juzu Bracelet","Painkiller Herb","downfall:HeartBlessingGreen","Lantern"],"acts_visited":["Exordium","TheCity","TheBeyond"],"potions_floor_usage":[],"damage_taken":[{"damage":2.0,"enemies":"downfall:FleeingMerchant","floor":2.0,"turns":4.0},{"damage":0.0,"enemies":"conspire:RoseBush","floor":3.0,"turns":3.0},{"damage":0.0,"enemies":"Cultist","floor":4.0,"turns":3.0},{"damage":0.0,"enemies":"Jaw Worm","floor":6.0,"turns":3.0},{"damage":3.0,"enemies":"Exordium Thugs","floor":8.0,"turns":4.0},{"damage":0.0,"enemies":"2 Fungi Beasts","floor":10.0,"turns":3.0},{"damage":5.0,"enemies":"downfall:FleeingMerchant","floor":12.0,"turns":4.0},{"damage":0.0,"enemies":"3 Sentries","floor":13.0,"turns":8.0},{"damage":0.0,"enemies":"Large Slime","floor":14.0,"turns":5.0},{"damage":9.0,"enemies":"Exordium Wildlife","floor":15.0,"turns":4.0},{"damage":0.0,"enemies":"WA_ARCHETYPE_RETAIN","floor":16.0,"turns":6.0},{"damage":0.0,"enemies":"Shell Parasite","floor":19.0,"turns":3.0},{"damage":3.0,"enemies":"Snecko","floor":21.0,"turns":4.0},{"damage":10.0,"enemies":"Sentry and Sphere","floor":23.0,"turns":5.0},{"damage":6.0,"enemies":"Nightmare","floor":25.0,"turns":5.0},{"damage":8.0,"enemies":"Centurion and Healer","floor":27.0,"turns":4.0},{"damage":10.0,"enemies":"conspire:SneckoGhost","floor":28.0,"turns":6.0},{"damage":0.0,"enemies":"downfall:FleeingMerchant","floor":30.0,"turns":4.0},{"damage":15.0,"enemies":"Shelled Parasite and Fungi","floor":31.0,"turns":4.0},{"damage":7.0,"enemies":"Snecko","floor":32.0,"turns":4.0},{"damage":26.0,"enemies":"IC_MUSHROOM_ARCHETYPE","floor":33.0,"turns":6.0},{"damage":4.0,"enemies":"3 Shapes","floor":36.0,"turns":3.0},{"damage":3.0,"enemies":"Orb Walker","floor":38.0,"turns":4.0},{"damage":17.0,"enemies":"3 Darklings","floor":39.0,"turns":6.0},{"damage":21.0,"enemies":"Writhing Mass","floor":40.0,"turns":6.0},{"damage":39,"enemies":"Nemesis","floor":42,"turns":4}],"seed_played":"3527633802770777601","potions_obtained":[{"floor":3.0,"key":"hexamod:SoulburnPotion"},{"floor":4.0,"key":"hexamod:EctoCoolerPotion"},{"floor":6.0,"key":"BlessingOfTheForge"},{"floor":10.0,"key":"SpeedPotion"}],"is_trial":false,"path_per_floor":["R","$","M","M","?","M","T","M","R","M","T","$","E","M","M","B",null,"R","M","?","M","?","M","T","NM","AVR","M","E","?","$","M","M","B",null,"T","?","?","?","?","?","T","E"],"character_chosen":"THE_SPIRIT","items_purchased":["hexamod:GhostOfSpirePast","expansioncontent:PrepareCrush","hexamod:Hexaguard+1","hubris:FunFungus","Juzu Bracelet"],"campfire_rested":0,"item_purchase_floors":[2,2,12,30,30],"current_hp_per_floor":[70,68,68,68,68,68,68,65,65,65,65,60,60,60,51,51,70,70,70,70,67,67,57,57,51,51,43,33,33,33,19,13,14,70,70,69,69,68,56,37,37,0,0,0],"gold":301,"neow_bonus":"TWO_FIFTY_GOLD","is_daily":false,"chose_seed":false,"campfire_upgraded":4,"win_rate":0.0,"timestamp":1613053562,"path_taken":["R","$","M","M","?","M","T","M","R","?","?","?","E","M","M","BOSS","R","M","?","M","?","M","T","NM","AVR","?","E","?","$","M","M","BOSS","T","?","?","?","?","?","T","E"],"items_purchased_type":["Card","Card","Card","Relic","Relic"],"build_version":"2020-12-22","purchased_purges":3,"victory":false,"max_hp_per_floor":[70,70,70,70,70,70,70,70,70,70,70,70,70,70,70,70,70,70,70,70,70,70,70,70,70,70,70,70,70,70,70,70,70,70,70,70,70,70,70,70,70,70,70,70],"card_choices":[{"not_picked":["hexamod:HauntingEcho","hexamod:BacktrackSmack"],"picked":"hexamod:Toasty","floor":2.0},{"not_picked":["hexamod:AdvancingGuard","hexamod:ShieldOfDarkness"],"picked":"hexamod:GhostflameBarrier","floor":3.0},{"not_picked":["hexamod:ThermalTransfer","hexamod:FastForward"],"picked":"hexamod:GhostOfSpireFuture","floor":4.0},{"not_picked":["hexamod:ThermalTransfer","hexamod:Haunt"],"picked":"hexamod:RadiantFlame","floor":6.0},{"not_picked":["hexamod:ThermalTransfer","hexamod:Firestarter","hexamod:ShieldOfDarkness"],"picked":"SKIP","floor":8.0},{"not_picked":["hexamod:ShieldOfDarkness","hexamod:FlamesFromBeyond"],"picked":"hexamod:RadiantFlame","floor":10.0},{"not_picked":["hexamod:Hexaguard","hexamod:GhostLash","hexamod:Firestarter"],"picked":"SKIP","floor":12.0},{"not_picked":["hexamod:GhostLash","hexamod:HeatShield"],"picked":"hexamod:Rewind","floor":13.0},{"not_picked":["hexamod:ThermalTransfer","hexamod:ShieldOfDarkness"],"picked":"hexamod:VolcanoVisage","floor":14.0},{"not_picked":["hexamod:BurningTouch","hexamod:HeatCrush","hexamod:SwordOfDarkness"],"picked":"SKIP","floor":15.0},{"not_picked":["hexamod:VolcanoVisage","hexamod:TimeOfNeed"],"picked":"hexamod:UnlimitedPower","floor":16.0},{"not_picked":["hexamod:RetreatToShadows","hexamod:AdvancingGuard"],"picked":"hexamod:BacktrackSmack","floor":19.0},{"not_picked":["hexamod:SpectersWail","hexamod:HeatShield","hexamod:NightmareStrike"],"picked":"SKIP","floor":21.0},{"not_picked":["hexamod:RetreatToShadows+1","hexamod:FlamesFromBeyond+1"],"picked":"hexamod:Rewind","floor":23.0},{"not_picked":["hexamod:AdvancingGuard","hexamod:ThermalTransfer+1"],"picked":"hexamod:BacktrackSmack","floor":25.0},{"not_picked":["hexamod:EmpoweredFlame+1","hexamod:HeatMetal"],"picked":"hexamod:HexaLevel+1","floor":27.0},{"not_picked":["hexamod:InspiringFlames","hexamod:EtherealExpedition"],"picked":"hexamod:ForkedFlame","floor":28.0},{"not_picked":["hexamod:FlamesFromBeyond+1","hexamod:SoulSteal+1"],"picked":"hexamod:GhostOfSpireFuture","floor":30.0},{"not_picked":["hexamod:StepThrough+1","hexamod:RainOfEmbers"],"picked":"hexamod:GhostflameBarrier","floor":31.0},{"not_picked":["hexamod:SecondSeal","hexamod:SpectersWail","hexamod:InspiringFlames"],"picked":"SKIP","floor":32.0},{"not_picked":["hexamod:ParanormalForm","hexamod:FifthSeal"],"picked":"hexamod:TurnItUp","floor":33.0},{"not_picked":["hexamod:InspiringFlames","hexamod:GhostShield","hexamod:FourthSeal"],"picked":"SKIP","floor":36.0},{"not_picked":["hexamod:EtherealExpedition","hexamod:ShieldOfDarkness+1","hexamod:FastForward"],"picked":"SKIP","floor":38.0},{"not_picked":["hexamod:GhostOfSpireFuture","hexamod:NightmareStrike+1","hexamod:InspiringFlames"],"picked":"SKIP","floor":39.0},{"not_picked":["hexamod:DynamicBlow+1","hexamod:HeatCrush"],"picked":"hexamod:ExtraCrispy","floor":40.0}],"player_experience":2186552,"relics_obtained":[{"floor":7.0,"key":"hubris:DeckOfHolding"},{"floor":11.0,"key":"Blue Doll"},{"floor":13.0,"key":"Akabeko"},{"floor":24.0,"key":"Pantograph"},{"floor":25.0,"key":"Frozen Egg 2"},{"floor":28.0,"key":"Grinning Jar"},{"floor":41.0,"key":"Lantern"}],"event_choices":[],"is_beta":false,"boss_relics":[{"not_picked":["Replay:Ancient Bell","Fusion Hammer"],"picked":"Cursed Key"},{"not_picked":["construct:WeddingRing","Pandora\u0027s Box"],"picked":"Painkiller Herb"}],"items_purged_floors":[2,12,26],"is_endless":false,"potions_floor_spawned":[3,4,6,10,14,19,27,28,32,33,36,39],"killed_by":"Nemesis","ascension_level":3}}