{"host":"gh97pv908ci4ql26","time":1613073901,"event":{"mods":["AchievementEnabler","BaseMod","Block Reminder","Colored Powertips","Emptier Cage","Highlight Path","Minty Spire (QoL Compilation)","Permanent Neow","Quick Restart","Relic Sorter","StSLib","Together in Spire","everything is the same but u backflip on backflip","slay the spire mod where everything is the same but ironclad has a cowboy hat"],"gold_per_floor":[214,164,239,249,249,249,249,249,325,80,80,413,425,459,459,556,556,572,497,532,532,550,550,566,582,628,163,173,173,173,173,173,271,271,281,503,515,533,548,548,548,548,548,561,578,46,46,61,61,61,61,61,11,43,43,43],"floor_reached":55,"language":"ENG","playtime":8294,"items_purged":["Injury","Normality"],"score":700,"play_id":"46c408df-5a5e-4389-b18b-7fa19a4cecd3","local_time":"20210211120501","is_ascension_mode":false,"campfire_choices":[{"floor":6.0,"key":"REST"},{"floor":8.0,"key":"REST"},{"data":"Enlightenment","floor":11.0,"key":"SMITH"},{"data":"Eruption","floor":15.0,"key":"SMITH"},{"floor":23.0,"key":"REST"},{"floor":29.0,"key":"REST"},{"floor":32.0,"key":"RECALL"},{"floor":40,"key":"REST"},{"data":"Apotheosis","floor":47,"key":"SMITH"},{"floor":49,"key":"REST"},{"data":"FlurryOfBlows","floor":52,"key":"SMITH"}],"circlet_count":0,"master_deck":["Strike_P","Defend_P+1","Defend_P+1","Defend_P","Eruption+1","Vigilance+1","ClearTheMind+1","ReachHeaven+1","Enlightenment+1","LikeWater+1","Conclude+1","WreathOfFlame","ConjureBlade+1","Protect+1","DeusExMachina","SandsOfTime","Study+1","JustLucky+1","ClearTheMind+1","LessonLearned","Crescendo+1","Adaptation+1","Establishment+1","Perseverance+1","Consecrate","Pray+1","Weave+1","Nirvana+1","FlurryOfBlows+1","Apotheosis+1","FlurryOfBlows+1","SashWhip","Prostrate+1"],"relics":["PureWater","Frozen Egg 2","Old Coin","Damaru","Cursed Key","Red Mask","Nloth\u0027s Gift","Matryoshka","Ancient Tea Set","InkBottle","Empty Cage","War Paint","Pear","Ornamental Fan","Mercury Hourglass"],"acts_visited":["Exordium","TheCity","TheBeyond","TheEnding"],"potions_floor_usage":[50,50,50],"damage_taken":[{"damage":0.0,"enemies":"Small Slimes","floor":1.0,"turns":4.0},{"damage":5.0,"enemies":"2 Louse","floor":4.0,"turns":3.0},{"damage":12.0,"enemies":"3 Sentries","floor":12.0,"turns":6.0},{"damage":1.0,"enemies":"Jaw Worm","floor":13.0,"turns":4.0},{"damage":1.0,"enemies":"Lagavulin","floor":14.0,"turns":5.0},{"damage":24.0,"enemies":"The Guardian","floor":16.0,"turns":10.0},{"damage":3.0,"enemies":"Spheric Guardian","floor":18.0,"turns":5.0},{"damage":17.0,"enemies":"Masked Bandits","floor":20.0,"turns":5.0},{"damage":9.0,"enemies":"Shell Parasite","floor":22.0,"turns":7.0},{"damage":3.0,"enemies":"Snecko","floor":24.0,"turns":4.0},{"damage":28.0,"enemies":"Snake Plant","floor":25.0,"turns":4.0},{"damage":10.0,"enemies":"3 Cultists","floor":28.0,"turns":4.0},{"damage":28.0,"enemies":"Champ","floor":33.0,"turns":10.0},{"damage":33.0,"enemies":"3 Darklings","floor":35.0,"turns":5.0},{"damage":0.0,"enemies":"3 Shapes","floor":37.0,"turns":5.0},{"damage":33.0,"enemies":"Spire Growth","floor":38.0,"turns":5.0},{"damage":27,"enemies":"Jaw Worm Horde","floor":39,"turns":5},{"damage":4,"enemies":"Sphere and 2 Shapes","floor":44,"turns":5},{"damage":23,"enemies":"4 Shapes","floor":45,"turns":6},{"damage":14,"enemies":"3 Darklings","floor":48,"turns":5},{"damage":49,"enemies":"Awakened One","floor":50,"turns":8},{"damage":59,"enemies":"Shield and Spear","floor":54,"turns":5},{"damage":17,"enemies":"The Heart","floor":55,"turns":2}],"seed_played":"-4102017684520501869","potions_obtained":[{"floor":1.0,"key":"SkillPotion"},{"floor":4.0,"key":"SkillPotion"},{"floor":14.0,"key":"Dexterity Potion"},{"floor":22.0,"key":"BottledMiracle"},{"floor":24.0,"key":"PowerPotion"},{"floor":35.0,"key":"BlessingOfTheForge"},{"floor":39,"key":"Energy Potion"}],"is_trial":false,"path_per_floor":["M","?","?","M","?","R","?","R","T","$","R","E","M","E","R","B",null,"M","?","?","?","M","R","M","M","T","$","M","R","T","?","R","B",null,"M","?","M","M","M","R","?","?","T","M","M","$","R","M","R","B",null,"R","$","E","B"],"character_chosen":"WATCHER","items_purchased":["Enlightenment","LikeWater+1","Conclude","FairyPotion","Crescendo","Matryoshka","Apotheosis","Ornamental Fan","SashWhip"],"campfire_rested":6,"item_purchase_floors":[10,10,10,27,27,27,46,46,53],"current_hp_per_floor":[72,72,61,56,38,59,45,66,66,66,66,54,53,52,52,28,72,69,69,52,52,43,64,61,33,33,33,23,44,44,44,44,16,72,39,39,39,6,4,25,63,63,73,69,46,46,46,32,53,4,73,73,73,14,0,0],"gold":43,"neow_bonus":"HUNDRED_GOLD","is_daily":false,"chose_seed":false,"campfire_upgraded":4,"win_rate":0.0,"timestamp":1613073901,"path_taken":["M","?","?","M","?","R","?","R","T","?","R","E","M","E","R","BOSS","M","?","?","?","M","R","M","?","T","$","M","R","?","?","R","BOSS","M","?","M","M","M","R","?","?","T","?","M","$","R","M","R","BOSS","R","$","E","BOSS"],"items_purchased_type":["Card","Card","Card","Potion","Card","Relic","Card","Relic","Card"],"build_version":"2020-12-22","purchased_purges":2,"victory":false,"max_hp_per_floor":[72,72,72,72,72,72,72,72,72,72,72,72,72,72,72,72,72,72,72,72,72,72,72,72,72,72,72,72,72,72,72,72,72,72,72,72,72,72,72,72,63,63,73,73,73,73,73,73,73,73,73,73,73,73,73,73],"card_choices":[{"not_picked":["JustLucky","Evaluate"],"picked":"ClearTheMind","floor":1.0},{"not_picked":["ThirdEye","BowlingBash"],"picked":"ReachHeaven","floor":4.0},{"not_picked":["Protect","ThirdEye"],"picked":"WreathOfFlame","floor":12.0},{"not_picked":["Tantrum","EmptyFist"],"picked":"ConjureBlade","floor":13.0},{"not_picked":["Evaluate","SignatureMove"],"picked":"Protect","floor":14.0},{"not_picked":["Omniscience","Blasphemy"],"picked":"DeusExMachina","floor":16.0},{"not_picked":["Indignation","WreathOfFlame"],"picked":"SandsOfTime","floor":18.0},{"not_picked":["Fasting2+1","WheelKick+1"],"picked":"Study+1","floor":20.0},{"not_picked":["Brilliance","Pray"],"picked":"JustLucky+1","floor":22.0},{"not_picked":["JustLucky","ThirdEye"],"picked":"ClearTheMind+1","floor":24.0},{"not_picked":["EmptyBody","Sanctity+1"],"picked":"LessonLearned","floor":25.0},{"not_picked":["Prostrate","FlyingSleeves+1"],"picked":"Adaptation+1","floor":28.0},{"not_picked":["Blasphemy","Omniscience"],"picked":"Establishment+1","floor":33.0},{"not_picked":["InnerPeace+1","ThirdEye"],"picked":"Perseverance+1","floor":35.0},{"not_picked":["PathToVictory","BowlingBash"],"picked":"Consecrate","floor":37.0},{"not_picked":["Crescendo+1","Adaptation+1"],"picked":"Pray+1","floor":38.0},{"not_picked":["Vault","PathToVictory+1"],"picked":"Weave+1","floor":39},{"not_picked":["WheelKick+1","Consecrate"],"picked":"Nirvana+1","floor":44},{"not_picked":["Study+1","ReachHeaven"],"picked":"FlurryOfBlows","floor":45},{"not_picked":["ConjureBlade","EmptyMind+1"],"picked":"FlurryOfBlows+1","floor":48},{"not_picked":["CrushJoints+1","Collect"],"picked":"Prostrate+1","floor":54}],"player_experience":107324,"relics_obtained":[{"floor":9.0,"key":"Frozen Egg 2"},{"floor":12.0,"key":"Old Coin"},{"floor":14.0,"key":"Damaru"},{"floor":20.0,"key":"Red Mask"},{"floor":30.0,"key":"Ancient Tea Set"},{"floor":30.0,"key":"InkBottle"},{"floor":43,"key":"War Paint"},{"floor":43,"key":"Pear"},{"floor":54,"key":"Mercury Hourglass"}],"event_choices":[{"cards_removed":["Strike_P"],"damage_healed":0.0,"max_hp_gain":0.0,"max_hp_loss":0.0,"gold_gain":0.0,"event_name":"The Cleric","player_choice":"Card Removal","floor":2.0,"gold_loss":50.0,"damage_taken":0.0},{"damage_healed":0.0,"max_hp_gain":0.0,"max_hp_loss":0.0,"gold_gain":75.0,"event_name":"World of Goop","player_choice":"Gather Gold","floor":3.0,"gold_loss":0.0,"damage_taken":11.0},{"damage_healed":0.0,"max_hp_gain":0.0,"max_hp_loss":0.0,"gold_gain":0.0,"event_name":"Scrap Ooze","player_choice":"Success","floor":5.0,"gold_loss":0.0,"damage_taken":18.0,"relics_obtained":["Incense Burner"]},{"damage_healed":0.0,"max_hp_gain":0.0,"max_hp_loss":0.0,"gold_gain":0.0,"event_name":"Shining Light","player_choice":"Entered Light","floor":7.0,"gold_loss":0.0,"damage_taken":14.0,"cards_upgraded":["ClearTheMind","ReachHeaven"]},{"cards_removed":["Defend_P"],"damage_healed":0.0,"max_hp_gain":0.0,"max_hp_loss":0.0,"gold_gain":0.0,"event_name":"Beggar","player_choice":"Gave Gold","floor":19.0,"gold_loss":75.0,"damage_taken":0.0},{"damage_healed":0.0,"max_hp_gain":0.0,"max_hp_loss":0.0,"gold_gain":0.0,"event_name":"Masked Bandits","player_choice":"Fought Bandits","floor":20.0,"gold_loss":0.0,"damage_taken":0.0},{"damage_healed":0.0,"max_hp_gain":0.0,"max_hp_loss":0.0,"gold_gain":0.0,"event_name":"N\u0027loth","player_choice":"Traded Relic","floor":21.0,"relics_lost":["Incense Burner"],"gold_loss":0.0,"damage_taken":0.0,"relics_obtained":["Nloth\u0027s Gift"]},{"damage_healed":0.0,"max_hp_gain":0.0,"max_hp_loss":0.0,"gold_gain":0.0,"event_name":"Vampires","player_choice":"Ignored","floor":31.0,"gold_loss":0.0,"damage_taken":0.0},{"damage_healed":0.0,"max_hp_gain":0.0,"max_hp_loss":0.0,"gold_gain":222.0,"event_name":"Tomb of Lord Red Mask","player_choice":"Wore Mask","floor":36.0,"gold_loss":0.0,"damage_taken":0.0},{"damage_healed":63,"gold_gain":0,"player_choice":"Heal","damage_taken":0,"max_hp_gain":0,"max_hp_loss":9,"event_name":"The Moai Head","floor":41,"gold_loss":0},{"damage_healed":0,"gold_gain":0,"player_choice":"Ignored","damage_taken":0,"max_hp_gain":0,"max_hp_loss":0,"event_name":"SecretPortal","floor":42,"gold_loss":0}],"is_beta":false,"boss_relics":[{"not_picked":["Runic Pyramid","Runic Dome"],"picked":"Cursed Key"},{"not_picked":["Snecko Eye","Velvet Choker"],"picked":"Empty Cage"}],"items_purged_floors":[27,46],"is_endless":false,"potions_floor_spawned":[1,4,14,22,24,35,37,39],"killed_by":"The Heart","ascension_level":0}}