{"host":"toh0bbw446wnuexf","time":1613023743,"event":{"mods":["BaseMod","Downfall","Hermit","Minty Spire (QoL Compilation)","Random Character Button","StSLib"],"gold_per_floor":[99,199,199,199,199,219,244,244,244,273,273,29,29,48,59,156,156,156,168,168,178,178,178,253,253,288,299,199,224,224,243,261,364,364,364,379,392,392,26,26,26,37,37,47,47,47,59,79,94,94],"floor_reached":51,"language":"ENG","playtime":3408,"items_purged":["champ:Defend","champ:Strike"],"score":824,"play_id":"aabe30fb-05f9-4457-b3d8-83fc69d40497","local_time":"20210211190903","is_ascension_mode":true,"campfire_choices":[{"data":"champ:Execute","floor":1,"key":"SMITH"},{"data":"champ:ShieldWall","floor":9,"key":"SMITH"},{"data":"champ:Taunt","floor":11,"key":"SMITH"},{"data":"champ:TornadoPunch","floor":13,"key":"SMITH"},{"data":"champ:ShieldThrow","floor":18,"key":"SMITH"},{"floor":25,"key":"REST"},{"floor":28,"key":"REST"},{"data":"champ:DefensiveShout","floor":30,"key":"SMITH"},{"data":"champ:Strike","floor":35,"key":"SMITH"},{"floor":43,"key":"REST"},{"floor":45,"key":"RECALL"}],"circlet_count":0,"master_deck":["champ:Strike+1","champ:Strike","champ:Strike","champ:Defend","champ:Defend+1","champ:Defend","champ:Execute+1","champ:Taunt+1","champ:Circumvent+1","champ:DefensiveShout+1","champ:TornadoPunch+1","champ:ShieldWall+1","champ:ShieldThrow+1","champ:FocusedDefense+1","expansioncontent:AwakenDeath"],"relics":["champ:ChampionCrown","downfall:HeartsMalice","CloakClasp","Toy Ornithopter","Art of War","Oddly Smooth Stone","Black Star","downfall:RedIOU","Gremlin Horn","Bag of Marbles","Smiling Mask","downfall:HeartBlessingGreen","Mango","Omamori","Torii","Sundial"],"acts_visited":["Exordium","TheCity","TheBeyond"],"potions_floor_usage":[49,50,50],"damage_taken":[{"damage":0,"floor":2,"turns":1},{"damage":0,"enemies":"2 Louse","floor":3,"turns":1},{"damage":0,"enemies":"Jaw Worm","floor":4,"turns":1},{"damage":0,"enemies":"Small Slimes","floor":6,"turns":2},{"damage":18,"enemies":"Gremlin Nob","floor":10,"turns":4},{"damage":10,"enemies":"downfall:FleeingMerchant","floor":12,"turns":4},{"damage":0,"enemies":"Blue Slaver","floor":14,"turns":3},{"damage":6,"enemies":"Exordium Wildlife","floor":15,"turns":3},{"damage":25,"enemies":"DF_ARCHETYPE_STREAMLINE","floor":16,"turns":9},{"damage":13,"enemies":"Spheric Guardian","floor":19,"turns":5},{"damage":21,"enemies":"Snake Plant","floor":21,"turns":3},{"damage":26,"enemies":"Book of Stabbing","floor":26,"turns":8},{"damage":0,"enemies":"Chosen and Byrds","floor":27,"turns":2},{"damage":26,"enemies":"Slavers","floor":29,"turns":5},{"damage":24,"enemies":"Shelled Parasite and Fungi","floor":31,"turns":4},{"damage":27,"enemies":"Centurion and Healer","floor":32,"turns":6},{"damage":16,"enemies":"SI_MIRROR_ARCHETYPE","floor":33,"turns":9},{"damage":1,"enemies":"Orb Walker","floor":36,"turns":4},{"damage":19,"enemies":"3 Shapes","floor":37,"turns":6},{"damage":13,"enemies":"downfall:FleeingMerchant","floor":39,"turns":4},{"damage":2,"enemies":"Writhing Mass","floor":42,"turns":6},{"damage":0,"enemies":"Spire Growth","floor":44,"turns":4},{"damage":26,"enemies":"3 Darklings","floor":47,"turns":7},{"damage":17,"enemies":"Sphere and 2 Shapes","floor":48,"turns":5},{"damage":31,"enemies":"Jaw Worm Horde","floor":49,"turns":5},{"damage":13,"enemies":"WA_ARCHETYPE_DIVINITY","floor":50,"turns":13}],"seed_played":"-5991891726731518761","potions_obtained":[{"floor":14,"key":"LiquidMemories"},{"floor":15,"key":"SteroidPotion"},{"floor":19,"key":"LiquidMemories"},{"floor":21,"key":"BlessingOfTheForge"},{"floor":29,"key":"champ:TechniquePotion"},{"floor":33,"key":"Fire Potion"},{"floor":42,"key":"EssenceOfSteel"},{"floor":49,"key":"CultistPotion"}],"is_trial":false,"path_per_floor":["R","?","M","M","?","M","T","?","R","E","R","$","R","M","M","B",null,"R","M","?","M","?","?","T","R","E","M","R","E","R","M","M","B",null,"R","M","M","?","$","?","T","M","R","M","R","?","M","M","M","B",null],"character_chosen":"THE_CHAMP","items_purchased":["War Paint","Torii"],"campfire_rested":3,"item_purchase_floors":[12,39],"current_hp_per_floor":[90,90,90,90,90,90,90,90,90,72,72,72,72,72,66,61,90,90,77,77,56,56,56,56,83,57,57,84,72,72,58,51,45,104,104,103,94,94,91,91,91,89,104,104,104,104,78,61,65,62],"gold":94,"neow_bonus":"THREE_ENEMY_KILL","is_daily":false,"chose_seed":false,"campfire_upgraded":7,"win_rate":0.0,"timestamp":1613023743,"path_taken":["R","?","M","M","?","M","T","?","R","E","R","?","R","M","M","BOSS","R","M","?","M","?","?","T","R","E","M","R","E","R","?","M","BOSS","R","M","M","?","$","?","T","M","R","M","R","?","M","M","M","BOSS"],"items_purchased_type":["Relic","Relic"],"build_version":"2020-12-22","purchased_purges":2,"victory":true,"max_hp_per_floor":[90,90,90,90,90,90,90,90,90,90,90,90,90,90,90,90,90,90,90,90,90,90,90,90,90,90,90,90,104,104,104,104,104,104,104,104,104,104,104,104,104,104,104,104,104,104,104,104,104,104],"card_choices":[{"not_picked":["champ:ArenaPreparation","champ:PreciseThrust"],"picked":"champ:Circumvent","floor":2},{"not_picked":["champ:ShieldSigil","champ:BladeFlurry"],"picked":"champ:DefensiveShout","floor":3},{"not_picked":["champ:BerserkerStyle","champ:ShieldSigil"],"picked":"champ:TornadoPunch","floor":4},{"not_picked":["champ:Endure","champ:EndlessRage"],"picked":"champ:ShieldWall","floor":6},{"not_picked":["champ:StrikeOfGenius","champ:DefensiveShout","champ:Backstep"],"picked":"SKIP","floor":10},{"not_picked":["champ:AdrenalArmor","champ:DeathBlow","champ:Shatter"],"picked":"SKIP","floor":12},{"not_picked":["champ:ViciousMockery","champ:EndlessRage","champ:PreemptiveStrike"],"picked":"SKIP","floor":14},{"not_picked":["champ:BerserkerStyle","champ:FlashCut","champ:RecklessLeap"],"picked":"SKIP","floor":15},{"not_picked":["champ:MurderStrike","champ:Devastate"],"picked":"champ:ShieldThrow","floor":16},{"not_picked":["champ:Shatter","champ:PreciseThrust+1","champ:Circumvent"],"picked":"SKIP","floor":19},{"not_picked":["champ:BerserkersShout","champ:ShieldSlam","champ:Parry"],"picked":"SKIP","floor":21},{"not_picked":["champ:IgnorePain","champ:HeartStrike","champ:EnGarde"],"picked":"SKIP","floor":26},{"not_picked":["champ:StanceDance","champ:Shatter","champ:RageSigil"],"picked":"SKIP","floor":27},{"not_picked":["champ:GladiatorForm","champ:Circumvent","champ:MurderStrike"],"picked":"SKIP","floor":29},{"not_picked":["champ:Shatter+1","champ:FocusedBerserking","champ:ShieldSigil"],"picked":"SKIP","floor":31},{"not_picked":["champ:ArenaPreparation+1","champ:DefensiveStyle","champ:ShieldSigil"],"picked":"SKIP","floor":32},{"not_picked":["champ:SwordSigil+1","champ:Haymaker","champ:BladeFlurry+1"],"picked":"SKIP","floor":36},{"not_picked":["champ:GladiatorStyle+1","champ:AdrenalArmor","champ:FocusedDefense+1"],"picked":"SKIP","floor":37},{"not_picked":["champ:BringItOn","champ:AdrenalArmor+1","champ:Shatter+1"],"picked":"SKIP","floor":39},{"not_picked":["champ:FlashCut+1","champ:DeathBlow+1"],"picked":"champ:FocusedDefense+1","floor":42},{"not_picked":["champ:BerserkersShout","champ:SetATrap","champ:GutPunch"],"picked":"SKIP","floor":44},{"not_picked":["expansioncontent:InvincibleStrength","expansioncontent:PrepareCrush"],"picked":"expansioncontent:AwakenDeath","floor":46},{"not_picked":["champ:FaceSlap","champ:FancyFootwork+1","champ:RapidStrikes"],"picked":"SKIP","floor":47},{"not_picked":["champ:Backstep","champ:BerserkersShout+1","champ:GladiatorStyle"],"picked":"SKIP","floor":48},{"not_picked":["champ:CrownThrow+1","champ:Haymaker","champ:IgnorePain"],"picked":"SKIP","floor":49}],"player_experience":686095,"relics_obtained":[{"floor":2,"key":"CloakClasp"},{"floor":7,"key":"Toy Ornithopter"},{"floor":10,"key":"Oddly Smooth Stone"},{"floor":24,"key":"Gremlin Horn"},{"floor":26,"key":"Bag of Marbles"},{"floor":26,"key":"Smiling Mask"},{"floor":29,"key":"Mango"},{"floor":29,"key":"Omamori"},{"floor":41,"key":"Sundial"}],"event_choices":[{"damage_healed":0,"gold_gain":0,"player_choice":"Ignored","damage_taken":0,"max_hp_gain":0,"max_hp_loss":0,"event_name":"Mysterious Sphere","floor":40,"gold_loss":0}],"is_beta":false,"boss_relics":[{"not_picked":["Cursed Key","bronze:MakeshiftBattery"],"picked":"Black Star"},{"not_picked":["Runic Dome","champ:ChampionCrownUpgraded","Runic Pyramid"]}],"items_purged_floors":[12,39],"is_endless":false,"potions_floor_spawned":[14,15,19,21,29,33,42,44,48,49],"ascension_level":2}}