{"host":"04x9isxu4s2lvye3","time":1613020706,"event":{"mods":["BaseMod","Colored Powertips","Highlight Path","Minty Spire (QoL Compilation)"],"gold_per_floor":[109,109,127,138,61,61,93,93,116,116,146,146,177,189,189,284,284,296,221,221,237,256,290,309,309,309,335,335,335,370,383,383,485,485,497,547,257,257,267,293,593,593,643,643,658,668,434,447,447,447],"floor_reached":51,"language":"ENG","playtime":3782,"items_purged":["Burst","Burst"],"score":1079,"play_id":"c444916d-0525-4706-8c3e-c06ecdf8aaec","local_time":"20210211001826","is_ascension_mode":true,"campfire_choices":[{"data":"Noxious Fumes","floor":6,"key":"SMITH"},{"data":"Poisoned Stab","floor":8,"key":"SMITH"},{"data":"Prepared","floor":10,"key":"SMITH"},{"floor":15,"key":"REST"},{"floor":25,"key":"REST"},{"floor":29,"key":"REST"},{"floor":32,"key":"REST"},{"floor":42,"key":"REST"},{"data":"Burst","floor":44,"key":"SMITH"},{"floor":49,"key":"REST"}],"circlet_count":0,"master_deck":["Survivor","Neutralize+1","Poisoned Stab+1","Bouncing Flask","Cloak And Dagger","Noxious Fumes+1","Prepared+1","Venomology","Deadly Poison","Outmaneuver","Envenom","Bane+1","Crippling Poison+1","Dodge and Roll+1","Calculated Gamble+1","Backflip","Corpse Explosion","Dodge and Roll+1","Acrobatics+1","Dodge and Roll+1","Burst+1","Bullet Time","Adrenaline","Setup","Flechettes","Phantasmal Killer","Eviscerate","Finisher","Backflip+1","Mayhem","Blur","Catalyst+1"],"relics":["Ring of the Snake","PreservedInsect","Happy Flower","Omamori","Shuriken","FossilizedHelix","Philosopher\u0027s Stone","Unceasing Top","Akabeko","Toy Ornithopter","Smiling Mask","Pandora\u0027s Box","Tingsha","Membership Card","Potion Belt","Centennial Puzzle","Oddly Smooth Stone"],"acts_visited":["Exordium","TheCity","TheBeyond"],"potions_floor_usage":[7,13,16,18,22,22,23,24,30,30,33,33,33,33,33,33,39,40,40,48,50,50,50,50,50],"damage_taken":[{"damage":3,"enemies":"Jaw Worm","floor":1,"turns":8},{"damage":0,"enemies":"Cultist","floor":3,"turns":4},{"damage":5,"enemies":"Small Slimes","floor":4,"turns":4},{"damage":5,"enemies":"Lagavulin","floor":7,"turns":6},{"damage":18,"enemies":"Gremlin Nob","floor":11,"turns":4},{"damage":5,"enemies":"3 Sentries","floor":13,"turns":6},{"damage":6,"enemies":"3 Louse","floor":14,"turns":3},{"damage":3,"enemies":"The Guardian","floor":16,"turns":8},{"damage":0,"enemies":"Chosen","floor":18,"turns":4},{"damage":0,"enemies":"Spheric Guardian","floor":21,"turns":3},{"damage":11,"enemies":"3 Cultists","floor":22,"turns":5},{"damage":24,"enemies":"Slavers","floor":23,"turns":4},{"damage":0,"enemies":"Centurion and Healer","floor":24,"turns":5},{"damage":16,"enemies":"Book of Stabbing","floor":27,"turns":5},{"damage":16,"enemies":"Gremlin Leader","floor":30,"turns":4},{"damage":27,"enemies":"Shelled Parasite and Fungi","floor":31,"turns":6},{"damage":46,"enemies":"Collector","floor":33,"turns":9},{"damage":14,"enemies":"3 Darklings","floor":35,"turns":3},{"damage":0,"enemies":"Mind Bloom Boss Battle","floor":36,"turns":3},{"damage":16,"enemies":"3 Shapes","floor":39,"turns":3},{"damage":0,"enemies":"Giant Head","floor":40,"turns":6},{"damage":12,"enemies":"Sphere and 2 Shapes","floor":45,"turns":4},{"damage":10,"enemies":"Writhing Mass","floor":46,"turns":5},{"damage":12,"enemies":"Jaw Worm Horde","floor":48,"turns":2},{"damage":70,"enemies":"Time Eater","floor":50,"turns":9}],"seed_played":"4287547917917975906","potions_obtained":[{"floor":3,"key":"DuplicationPotion"},{"floor":4,"key":"Ancient Potion"},{"floor":7,"key":"ColorlessPotion"},{"floor":16,"key":"CultistPotion"},{"floor":23,"key":"Swift Potion"},{"floor":24,"key":"EntropicBrew"},{"floor":31,"key":"AttackPotion"},{"floor":35,"key":"Weak Potion"},{"floor":36,"key":"AttackPotion"},{"floor":45,"key":"BlessingOfTheForge"},{"floor":46,"key":"ColorlessPotion"}],"is_trial":false,"path_per_floor":["M","?","M","M","$","R","E","R","T","R","E","?","E","M","R","B",null,"M","?","?","M","M","E","M","R","T","E","?","R","E","M","R","B",null,"M","?","$","?","M","E","?","R","T","R","M","M","$","M","R","B",null],"character_chosen":"THE_SILENT","items_purchased":["Noxious Fumes","Membership Card","Mayhem","Blur","CultistPotion","Ancient Potion","Oddly Smooth Stone"],"campfire_rested":6,"item_purchase_floors":[5,37,37,47,47,47,47],"current_hp_per_floor":[60,60,60,55,55,55,50,50,50,50,32,55,50,44,65,62,68,68,68,68,68,57,33,33,54,54,38,38,59,53,26,47,31,60,46,46,46,46,35,45,45,64,64,64,52,42,42,35,54,6],"gold":447,"neow_bonus":"RANDOM_COMMON_RELIC","is_daily":false,"chose_seed":false,"campfire_upgraded":4,"win_rate":0.0,"timestamp":1613020706,"path_taken":["M","?","?","M","$","R","E","R","T","R","E","?","E","M","R","BOSS","M","?","?","M","M","E","M","R","T","E","?","R","E","M","R","BOSS","M","?","$","?","M","E","?","R","T","R","M","?","$","M","R","BOSS"],"items_purchased_type":["Card","Relic","Card","Card","Potion","Potion","Relic"],"build_version":"2020-12-22","purchased_purges":2,"victory":true,"max_hp_per_floor":[70,70,70,70,70,70,70,70,70,70,70,70,70,70,70,70,70,70,70,70,70,70,70,70,70,70,70,70,70,70,70,70,70,70,70,70,70,66,66,66,66,66,66,66,66,66,66,66,66,66],"card_choices":[{"not_picked":["Quick Slash","Skewer"],"picked":"Poisoned Stab","floor":1},{"not_picked":["All Out Attack","Endless Agony"],"picked":"Bouncing Flask","floor":3},{"not_picked":["Slice","Prepared"],"picked":"Cloak And Dagger","floor":4},{"not_picked":["Dagger Spray","Phantasmal Killer"],"picked":"Prepared","floor":7},{"not_picked":["Outmaneuver","Dagger Spray"],"picked":"Venomology","floor":11},{"not_picked":["Sucker Punch","Malaise"],"picked":"Deadly Poison","floor":13},{"not_picked":["Endless Agony","Flying Knee"],"picked":"Outmaneuver","floor":14},{"not_picked":["Venomology","Grand Finale"],"picked":"Envenom","floor":16},{"not_picked":["Noxious Fumes","Acrobatics"],"picked":"Bane+1","floor":18},{"not_picked":["Dodge and Roll","Quick Slash"],"picked":"Crippling Poison+1","floor":21},{"not_picked":["Backflip","Dagger Throw+1"],"picked":"Dodge and Roll+1","floor":22},{"not_picked":["Expertise","Acrobatics"],"picked":"Calculated Gamble+1","floor":23},{"not_picked":["All Out Attack","Slice"],"picked":"Backflip","floor":24},{"not_picked":["Expertise","Outmaneuver"],"picked":"Corpse Explosion","floor":27},{"not_picked":["Die Die Die","Dodge and Roll"],"picked":"Acrobatics+1","floor":30},{"not_picked":["Deflect+1","Acrobatics"],"picked":"Dodge and Roll+1","floor":31},{"not_picked":["Wraith Form v2","Unload"],"picked":"Burst","floor":33},{"not_picked":["Dagger Spray+1","Slice"],"picked":"Backflip+1","floor":35},{"not_picked":["Endless Agony","Crippling Poison+1","Calculated Gamble"],"picked":"SKIP","floor":39},{"not_picked":["Underhanded Strike","Flying Knee","Blade Dance+1"],"picked":"SKIP","floor":40},{"not_picked":["Masterful Stab","Bane","Skewer+1"],"picked":"SKIP","floor":45},{"not_picked":["Infinite Blades","Skewer+1","Corpse Explosion"],"picked":"SKIP","floor":46},{"not_picked":["Flying Knee+1","Backflip"],"picked":"Catalyst+1","floor":48}],"player_experience":264882,"relics_obtained":[{"floor":7,"key":"Happy Flower"},{"floor":9,"key":"Omamori"},{"floor":11,"key":"Shuriken"},{"floor":13,"key":"FossilizedHelix"},{"floor":23,"key":"Unceasing Top"},{"floor":26,"key":"Akabeko"},{"floor":27,"key":"Toy Ornithopter"},{"floor":30,"key":"Smiling Mask"},{"floor":36,"key":"Tingsha"},{"floor":40,"key":"Potion Belt"},{"floor":43,"key":"Centennial Puzzle"}],"event_choices":[{"damage_healed":0,"gold_gain":0,"player_choice":"Upgraded","damage_taken":0,"max_hp_gain":0,"max_hp_loss":0,"event_name":"Upgrade Shrine","floor":2,"gold_loss":0,"cards_upgraded":["Neutralize"]},{"damage_healed":23,"gold_gain":0,"player_choice":"Banana","damage_taken":0,"max_hp_gain":0,"max_hp_loss":0,"event_name":"Big Fish","floor":12,"gold_loss":0},{"cards_removed":["Strike_G"],"damage_healed":0,"gold_gain":0,"player_choice":"Gave Gold","damage_taken":0,"max_hp_gain":0,"max_hp_loss":0,"event_name":"Beggar","floor":19,"gold_loss":75},{"damage_healed":0,"gold_gain":0,"player_choice":"Ignored","damage_taken":0,"max_hp_gain":0,"max_hp_loss":0,"event_name":"Ghosts","floor":20,"gold_loss":0},{"damage_healed":0,"gold_gain":0,"player_choice":"Copied","damage_taken":0,"max_hp_gain":0,"max_hp_loss":0,"event_name":"Duplicator","floor":28,"gold_loss":0,"cards_obtained":["Dodge and Roll"]},{"damage_healed":0,"gold_gain":0,"player_choice":"Fight","damage_taken":0,"max_hp_gain":0,"max_hp_loss":0,"event_name":"MindBloom","floor":36,"gold_loss":0},{"damage_healed":0,"gold_gain":0,"player_choice":"Max HP","damage_taken":0,"max_hp_gain":0,"max_hp_loss":4,"event_name":"Winding Halls","floor":38,"gold_loss":0},{"damage_healed":0,"gold_gain":300,"player_choice":"Gold","damage_taken":0,"max_hp_gain":0,"max_hp_loss":0,"event_name":"Wheel of Change","floor":41,"gold_loss":0}],"is_beta":false,"boss_relics":[{"not_picked":["HoveringKite","SacredBark"],"picked":"Philosopher\u0027s Stone"},{"not_picked":["Runic Dome","Calling Bell"],"picked":"Pandora\u0027s Box"}],"items_purged_floors":[37,47],"is_endless":false,"potions_floor_spawned":[3,4,7,16,23,24,31,35,36,45,46],"ascension_level":8}}