{"host":"y36bp6mnm73x3iob","time":1613028856,"event":{"mods":["2.2 Compatiblity","Aspiration","BaseMod","Bossed Relics","Downfall","GifTheSpireLib","Hermit","Minty Spire (QoL Compilation)","Reliquary","Retaliation","StSLib"],"gold_per_floor":[99,118,133,163,57,57,57,69,83,46,70,70,87,87,100,200,200,200,219,219,232,232,232,232,232],"floor_reached":23,"language":"ENG","playtime":1214,"items_purged":[],"score":190,"play_id":"7f537733-95dc-4f43-bfff-8d915e8c5703","local_time":"20210211093416","is_ascension_mode":true,"campfire_choices":[{"data":"Slimebound:Split","floor":1,"key":"SMITH"},{"data":"Slimebound:Chomp","floor":12,"key":"SMITH"},{"data":"Slimebound:FlameTackle","floor":18,"key":"SMITH"}],"circlet_count":0,"master_deck":["Slimebound:Strike_Slimebound","Slimebound:Tackle","Slimebound:Defend_Slimebound","Slimebound:Defend_Slimebound","Slimebound:Defend_Slimebound","Slimebound:Defend_Slimebound","Slimebound:Split+1","Slimebound:CorrosiveSpit","Slimebound:RollThrough","Slimebound:ComboTackle","expansioncontent:InvincibleStrength","Slimebound:Chomp+1","Slimebound:SplitLeeching","Slimebound:FlameTackle+1","Slimebound:GoopTackle","Slimebound:SplitMire+1","Slimebound:RallyTheTroops","Slimebound:ViciousTackle","Slimebound:BestDefense+1"],"relics":["Slimebound:AbsorbEndCombat","Turnip","aspiration:HatOfInfinitePower","reliquary:PorcupineQuills","Toxic Egg 2","Empty Cage","reliquary:JackalopeAntler"],"acts_visited":["Exordium","TheCity"],"potions_floor_usage":[10,22,22],"damage_taken":[{"damage":2,"enemies":"2 Louse","floor":2,"turns":3},{"damage":1,"enemies":"Jaw Worm","floor":3,"turns":4},{"damage":5,"enemies":"downfall:FleeingMerchant","floor":5,"turns":4},{"damage":1,"enemies":"Small Slimes","floor":8,"turns":4},{"damage":10,"enemies":"Blue Slaver","floor":9,"turns":3},{"damage":4,"enemies":"downfall:FleeingMerchant","floor":10,"turns":4},{"damage":3,"enemies":"Large Slime","floor":13,"turns":4},{"damage":10,"enemies":"Exordium Wildlife","floor":15,"turns":3},{"damage":28,"enemies":"DF_ARCHETYPE_STREAMLINE","floor":16,"turns":6},{"damage":24,"enemies":"Shell Parasite","floor":19,"turns":4},{"damage":33,"enemies":"Centurion and Healer","floor":21,"turns":4},{"damage":19,"enemies":"downfall:Augmenter","floor":22,"turns":2},{"damage":8,"enemies":"downfall:FleeingMerchant","floor":23,"turns":2}],"seed_played":"370844263710161478","potions_obtained":[{"floor":3,"key":"SkillPotion"},{"floor":9,"key":"SmokeBomb"},{"floor":13,"key":"champ:CounterPotion"}],"is_trial":false,"path_per_floor":["R","M","M","?","$","?","T","M","M","$","T","R","M","?","M","B",null,"R","M","?","M","?","$"],"character_chosen":"SLIMEBOUND","items_purchased":["expansioncontent:InvincibleStrength","Slimebound:GoopTackle"],"campfire_rested":0,"item_purchase_floors":[5,10],"current_hp_per_floor":[71,71,71,71,71,71,71,70,64,62,62,62,63,63,53,31,71,71,51,51,22,3,0,0,0],"gold":232,"neow_bonus":"TEN_PERCENT_HP_BONUS","is_daily":false,"chose_seed":false,"campfire_upgraded":3,"win_rate":0.0,"timestamp":1613028856,"path_taken":["R","M","M","?","?","?","T","M","M","$","?","R","M","?","M","BOSS","R","M","?","M","?","?"],"items_purchased_type":["Card","Card"],"build_version":"2020-12-22","purchased_purges":0,"victory":false,"max_hp_per_floor":[71,71,71,71,71,71,71,71,71,71,71,71,71,71,71,71,71,71,71,71,71,71,71,71,71],"card_choices":[{"not_picked":["Slimebound:SplitMire","Slimebound:LivingWall"],"picked":"Slimebound:RollThrough","floor":2},{"not_picked":["Slimebound:HauntingLick","Slimebound:FlameTackle"],"picked":"Slimebound:ComboTackle","floor":3},{"not_picked":["Slimebound:HauntingLick","Slimebound:GoopSpray","Slimebound:LeechingTouch"],"picked":"SKIP","floor":5},{"not_picked":["Slimebound:RallyTheTroops","Slimebound:SplitLeeching"],"picked":"Slimebound:Chomp","floor":8},{"not_picked":["Slimebound:SamplingLick","Slimebound:PressTheAttack"],"picked":"Slimebound:SplitLeeching","floor":9},{"not_picked":["Slimebound:HauntingLick","Slimebound:GoopTackle"],"picked":"Slimebound:FlameTackle","floor":10},{"not_picked":["Slimebound:TongueLash","Slimebound:SplitBruiser","Slimebound:DisruptingSlam"],"picked":"SKIP","floor":13},{"not_picked":["Slimebound:HauntingLick+1","Slimebound:MegaLick+1"],"picked":"Slimebound:SplitMire+1","floor":15},{"not_picked":["Slimebound:SlimeSlap","Slimebound:MinionMaster"],"picked":"Slimebound:RallyTheTroops","floor":16},{"not_picked":["Slimebound:PressTheAttack","Slimebound:SlimeSpikes+1"],"picked":"Slimebound:ViciousTackle","floor":19},{"not_picked":["Slimebound:MegaLick+1","Slimebound:DisruptingSlam"],"picked":"Slimebound:BestDefense+1","floor":21}],"player_experience":552631,"relics_obtained":[{"floor":7,"key":"aspiration:HatOfInfinitePower"},{"floor":11,"key":"reliquary:PorcupineQuills"}],"event_choices":[],"is_beta":false,"boss_relics":[{"not_picked":["Snecko Eye","Slimebound:AbsorbEndCombatUpgraded"],"picked":"Empty Cage"}],"items_purged_floors":[],"is_endless":false,"potions_floor_spawned":[3,9,13,22],"killed_by":"downfall:FleeingMerchant","ascension_level":1}}