{"host":"cykg0g4pphyxjwkn","time":1613085841,"event":{"mods":["AchievementEnabler","BaseMod","Bestiary","Colored Map","Colored Powertips","Highlight Path","Minty Spire (QoL Compilation)","Relic Stats","SuperFastMode"],"gold_per_floor":[109,109,109,119,129,156,170,188,240,240,251,251,251,283,283,283,283],"floor_reached":16,"language":"ENG","playtime":534,"items_purged":[],"score":112,"play_id":"f8def9bb-dbf0-4908-8d82-d2a9c39d45d2","local_time":"20210211182401","is_ascension_mode":false,"campfire_choices":[{"data":"Pommel Strike","floor":10,"key":"SMITH"},{"data":"Rampage","floor":12,"key":"SMITH"},{"floor":15,"key":"REST"}],"circlet_count":0,"master_deck":["Strike_R","Strike_R","Strike_R","Strike_R","Defend_R","Defend_R","Defend_R","Defend_R","Bash","Cleave","Rampage+1","Inflame","Thunderclap","Pommel Strike+1","Armaments+1","Whirlwind"],"relics":["Burning Blood","Shuriken","Toxic Egg 2","Juzu Bracelet","Tiny Chest"],"acts_visited":["Exordium"],"potions_floor_usage":[],"damage_taken":[{"damage":10,"enemies":"Jaw Worm","floor":1,"turns":4},{"damage":2,"enemies":"2 Louse","floor":4,"turns":2},{"damage":5,"enemies":"Small Slimes","floor":5,"turns":3},{"damage":28,"enemies":"Gremlin Nob","floor":6,"turns":4},{"damage":5,"enemies":"Gremlin Gang","floor":7,"turns":3},{"damage":14,"enemies":"Blue Slaver","floor":8,"turns":3},{"damage":5,"enemies":"2 Fungi Beasts","floor":11,"turns":3},{"damage":23,"enemies":"Lagavulin","floor":14,"turns":5},{"damage":45,"enemies":"Slime Boss","floor":16,"turns":6}],"seed_played":"-9182331526405818684","potions_obtained":[{"floor":4,"key":"DuplicationPotion"},{"floor":5,"key":"AttackPotion"},{"floor":6,"key":"Ancient Potion"},{"floor":14,"key":"Swift Potion"}],"is_trial":false,"path_per_floor":["M","?","?","M","M","E","M","M","T","R","M","R","?","E","R","B"],"character_chosen":"IRONCLAD","items_purchased":[],"campfire_rested":1,"item_purchase_floors":[],"current_hp_per_floor":[76,76,58,62,63,41,42,34,34,34,35,35,35,18,42,0,0],"gold":283,"neow_bonus":"THREE_CARDS","is_daily":false,"chose_seed":false,"campfire_upgraded":2,"win_rate":0.0,"timestamp":1613085841,"path_taken":["M","?","?","M","M","E","M","M","T","R","M","R","?","E","R","BOSS"],"items_purchased_type":[],"build_version":"2020-12-22","purchased_purges":0,"victory":false,"max_hp_per_floor":[80,80,80,80,80,80,80,80,80,80,80,80,80,80,80,80,80],"relic_stats":{"counters":[9,33],"Shuriken":[9],"Tiny Chest":0,"Juzu Bracelet":0,"obtain_stats":[{"Shuriken":3,"Tiny Chest":14,"Juzu Bracelet":9,"Toxic Egg 2":6,"Burning Blood":0},{"Shuriken":1,"Tiny Chest":8,"Juzu Bracelet":6,"Toxic Egg 2":4,"Burning Blood":0},{"Shuriken":4,"Tiny Chest":27,"Juzu Bracelet":19,"Toxic Egg 2":13,"Burning Blood":0}],"Burning Blood":48},"card_choices":[{"not_picked":["Heavy Blade","Inflame"],"picked":"Cleave","floor":0},{"not_picked":["Body Slam","Clothesline"],"picked":"Rampage","floor":1},{"not_picked":["Armaments","Dark Embrace"],"picked":"Inflame","floor":4},{"not_picked":["Searing Blow","Clothesline"],"picked":"Thunderclap","floor":5},{"not_picked":["Headbutt","Body Slam"],"picked":"Pommel Strike","floor":6},{"not_picked":["Iron Wave","Spot Weakness+1","Body Slam"],"picked":"SKIP","floor":7},{"not_picked":["Pommel Strike","Entrench+1"],"picked":"Armaments+1","floor":8},{"not_picked":["Fire Breathing","Dark Embrace","Clothesline"],"picked":"SKIP","floor":11},{"not_picked":["Rampage","Brutality"],"picked":"Whirlwind","floor":14}],"player_experience":37575,"relics_obtained":[{"floor":6,"key":"Toxic Egg 2"},{"floor":9,"key":"Juzu Bracelet"},{"floor":14,"key":"Tiny Chest"}],"event_choices":[{"damage_healed":0,"gold_gain":0,"player_choice":"Ignored","damage_taken":0,"max_hp_gain":0,"max_hp_loss":0,"event_name":"Liars Game","floor":2,"gold_loss":0},{"damage_healed":0,"gold_gain":0,"player_choice":"Success","damage_taken":18,"relics_obtained":["Shuriken"],"max_hp_gain":0,"max_hp_loss":0,"event_name":"Scrap Ooze","floor":3,"gold_loss":0},{"cards_removed":["Strike_R"],"damage_healed":0,"gold_gain":0,"player_choice":"Forget","damage_taken":0,"max_hp_gain":0,"max_hp_loss":0,"event_name":"Living Wall","floor":13,"gold_loss":0}],"is_beta":false,"boss_relics":[],"items_purged_floors":[],"is_endless":false,"potions_floor_spawned":[4,5,6,11,14],"killed_by":"Slime Boss","ascension_level":0}}