{"host":"h2977v3ax51ohsow","time":1613056955,"event":{"mods":["Act Like it!","Aspiration","BaseMod","Chen","Colored Powertips","Hallownest","Marisa£®ÏF”Í°°ƒß¿Ì…≥£©","Minty Spire (QoL Compilation)","Quick Restart","Remilia£®¿Ÿ√◊¿Ú—«£©","StSLib","The Bug Knight","The Servant 0.9.4","noobMod","°æ“≈ŒÔø®≈∆°øREMEMod"],"gold_per_floor":[211,231,107,107,125,159,159,185,185,212,222,238,168,183,183,303,303,317,367,379,379,379,379,406,406,406,433,433,448,138,138,138,233,233,251,270,333,333,349,384,416,442,442,442,442,296,296,308,308,308,308,308,6,32,32],"floor_reached":56,"language":"ZHS","playtime":4054,"items_purged":["Defend_S"],"score":1742,"play_id":"a5bf9c59-fcad-4f51-af34-93b7467559e7","local_time":"20210211232235","is_ascension_mode":true,"campfire_choices":[{"data":"1","floor":7,"key":"LIFT"},{"data":"SpecialFormula","floor":15,"key":"SMITH"},{"data":"Tools of the Trade","floor":23,"key":"SMITH"},{"floor":25,"key":"RECALL"},{"data":"REME_SpectralBlade","floor":32,"key":"SMITH"},{"data":"2","floor":49,"key":"LIFT"},{"data":"3","floor":52,"key":"LIFT"}],"circlet_count":0,"master_deck":["Strike_S+1","Strike_S","KidneyShot+1","Exchange","Starlight","Tools of the Trade+1","SurpressingFire","RealityMarble","Defy","Contraction","ShatteredReality","SpecialFormula+1","FlawlessForm","Spin","Revamp","Unruled","ShatteredReality","Terror","Skewer","REME_SpectralBlade+1","TimeWarp","BottledTime+1","ForgedInTime+1","Rearm+1","Luminosity","ShiftingGears+1","Luminosity","Moondial+1","DoubleEdge","BestPractice","All Out Attack","Cloak And Dagger+1","Adrenaline+1","StarChef+1","Moondial+1","Moondial+1","Spin+1","Embodiment"],"relics":["Uniform","ice","REME_ComplimentaryCards","Girya","Juzu Bracelet","PocketWatch","Hallownest:StagBellRelic1","Coffee Dripper","Hallownest:NailmastersGloryRelic","aspiration:ChemicalBlood","HollowMod:StagPassRelic","Mummified Hand","Toxic Egg 2","Hallownest:WatcherSealRelic","Philosopher\u0027s Stone","WingedGreaves","Omamori","Question Card","aspiration:FrozenJewel","aspiration:SeaSaltIceCream","Philosopher\u0027s Stone","Hallownest:HeavyBlowRelic","aspiration:Nostalgia","HollowMod:VesselMask","Whetstone","Bag of Marbles"],"acts_visited":["Hallownest:Greenpath","Hallownest:CityofTears","Hallownest:KingdomsEdge","TheEnding"],"potions_floor_usage":[4,16,24,24,33,35,36,36,36,37,39,40,50,50,55,55],"damage_taken":[{"damage":2.0,"enemies":"2_ Uuma","floor":1.0,"turns":8.0},{"damage":3,"enemies":"Hallownest:2_Baldur","floor":2,"turns":3},{"damage":3,"enemies":"Hallownest:monsterMarmu","floor":4,"turns":4},{"damage":0,"enemies":"Hallownest:monsterHuskWarrior","floor":5,"turns":5},{"damage":15,"enemies":"Hallownest:eliteCrystalGuardian","floor":6,"turns":6},{"damage":6,"enemies":"Hallownest:eliteVengeflyKing","floor":8,"turns":5},{"damage":0,"enemies":"Hallownest:eliteCrystalGuardian","floor":10,"turns":5},{"damage":1,"enemies":"Hallownest:monsterFoolEater","floor":11,"turns":4},{"damage":1,"enemies":"Hallownest:monsterMossCharger","floor":12,"turns":2},{"damage":0,"enemies":"Hallownest:monsterAspidMother","floor":14,"turns":5},{"damage":34,"enemies":"Hallownest:BossBrokenVessel","floor":16,"turns":9},{"damage":8,"enemies":"Hallownest:3_Youths","floor":18,"turns":7},{"damage":10,"enemies":"Hallownest:3_Youths","floor":19,"turns":5},{"damage":8,"enemies":"Hallownest:2_Mistakes","floor":20,"turns":6},{"damage":27,"enemies":"Hallownest:eliteSoulWarrior","floor":24,"turns":4},{"damage":0,"enemies":"Hallownest:Nosk","floor":27,"turns":7},{"damage":3,"enemies":"Hallownest:Warrior_and_Youth","floor":29,"turns":4},{"damage":50,"enemies":"Hallownest:BossMantisLord","floor":33,"turns":6},{"damage":58,"enemies":"Hallownest:2_Littles","floor":35,"turns":5},{"damage":0,"enemies":"Hallownest:3_Siblings","floor":36,"turns":1},{"damage":45,"enemies":"Hallownest:2_Primals","floor":37,"turns":4},{"damage":0,"enemies":"Hallownest:2_Soldiers_and_1_Guardian","floor":39,"turns":2},{"damage":0,"enemies":"Hallownest:StalkingDevout","floor":40,"turns":3},{"damage":0,"enemies":"Hallownest:eliteCollector","floor":41,"turns":4},{"damage":0,"enemies":"Hallownest:eliteHiveKnight","floor":42,"turns":4},{"damage":0,"enemies":"Hallownest:Slobbering_and_Violent","floor":48,"turns":2},{"damage":16,"enemies":"Hallownest:BossGreyPrinceZote","floor":50,"turns":3},{"damage":0,"enemies":"Shield and Spear","floor":54,"turns":2},{"damage":18,"enemies":"The Heart","floor":55,"turns":4}],"seed_played":"-3262808536468426097","potions_obtained":[{"floor":2,"key":"BlessingOfTheForge"},{"floor":14,"key":"ColorlessPotion"},{"floor":16,"key":"PowerPotion"},{"floor":18,"key":"Energy Potion"},{"floor":27,"key":"Strength Potion"},{"floor":35,"key":"EntropicBrew"},{"floor":35,"key":"AttackPotion"},{"floor":37,"key":"BlessingOfTheForge"},{"floor":37,"key":"Block Potion"},{"floor":39,"key":"Swift Potion"},{"floor":40,"key":"Weak Potion"},{"floor":41,"key":"Swift Potion"}],"is_trial":false,"path_per_floor":["M","M","$","?","M","E","R","E","T","E","M","M","?","M","R","B",null,"M","?","M","?","?","R","E","R","T","E","?","M","$","?","R","B",null,"M","M","?","?","M","E","E","E","T","?","?","$","?","M","R","B",null,"R","$","E","B",null],"character_chosen":"THE_SERVANT","items_purchased":["SurpressingFire","ShatteredReality","Toxic Egg 2","BottledTime+1","StarChef","aspiration:Nostalgia","Whetstone"],"campfire_rested":0,"item_purchase_floors":[3,3,30,30,46,53,53],"current_hp_per_floor":[63,60,60,57,57,42,42,36,36,36,35,34,34,34,34,8,65,65,55,55,55,55,55,36,36,36,44,44,49,49,49,49,7,65,8,16,38,38,38,46,54,62,62,62,62,62,62,70,70,62,136,136,136,136,126],"gold":32,"neow_bonus":"HUNDRED_GOLD","is_daily":false,"chose_seed":false,"campfire_upgraded":3,"win_rate":0.0,"timestamp":1613056955,"path_taken":["M","M","$","?","M","E","R","E","T","E","M","M","?","M","R","BOSS","M","?","M","?","?","R","E","R","T","E","?","M","?","?","R","BOSS","M","M","?","?","M","E","E","E","T","?","?","$","?","M","R","BOSS","R","$","E","BOSS"],"items_purchased_type":["Card","Card","Relic","Card","Card","Relic","Relic"],"build_version":"2020-12-22","purchased_purges":1,"victory":true,"max_hp_per_floor":[65,65,65,65,65,65,65,65,65,65,65,65,65,65,65,65,65,65,65,65,65,65,65,65,65,65,65,65,65,65,65,65,65,65,65,65,72,67,73,77,79,83,83,83,83,83,83,83,83,136,136,136,136,139,216],"card_choices":[{"not_picked":["Potential","Unruled"],"picked":"Starlight","floor":1.0},{"not_picked":["Desolation","Replace","Potential"],"picked":"SKIP","floor":2},{"not_picked":["Moonlight","Snipe"],"picked":"InstantArmor","floor":5},{"not_picked":["FastForward","Rewind"],"picked":"FanOfKnives","floor":6},{"not_picked":["Alleviate","Dilation"],"picked":"RealityMarble","floor":8},{"not_picked":["Rewind","FastForward"],"picked":"Defy","floor":10},{"not_picked":["Deadline","Foresight"],"picked":"Contraction","floor":11},{"not_picked":["Foresight","Ricochet"],"picked":"ShatteredReality","floor":12},{"not_picked":["Desolation","Rearm"],"picked":"SpecialFormula","floor":14},{"not_picked":["Initiator","Solidify"],"picked":"FlawlessForm","floor":16},{"not_picked":["Contraction","Defy"],"picked":"Spin","floor":18},{"not_picked":["SpecialFormula+1","Hightail"],"picked":"Revamp","floor":20},{"not_picked":["InstantArmor","Comet"],"picked":"Unruled+1","floor":22},{"not_picked":["Revamp","Starlight"],"picked":"Unruled","floor":24},{"not_picked":["FastForward","Defy"],"picked":"ShatteredReality","floor":27},{"not_picked":["Unruled","Starlight"],"picked":"TimeWarp","floor":29},{"not_picked":["Deny+1","TrueSight"],"picked":"ForgedInTime+1","floor":33},{"not_picked":["BottledTime+1","Hightail+1"],"picked":"Rearm+1","floor":35},{"not_picked":["Potential+1","TimeWarp"],"picked":"Luminosity","floor":36},{"not_picked":["Starlight+1","Unruled+1"],"picked":"ShiftingGears+1","floor":37},{"not_picked":["BottledTime+1","Shuttle+1"],"picked":"Luminosity","floor":39},{"not_picked":["FloweringNight","FastForward+1"],"picked":"Moondial+1","floor":40},{"not_picked":["Replace+1","Potential"],"picked":"DoubleEdge","floor":41},{"not_picked":["WasteNot","SurpressingFire+1","InstantArmor+1"],"picked":"BestPractice","floor":42},{"not_picked":["FastForward+1","ShatteredReality+1","Potential+1"],"picked":"Spin+1","floor":48},{"not_picked":["FastForward+1","DoubleEdge+1","Unruled"],"picked":"Embodiment","floor":54}],"player_experience":169037,"relics_obtained":[{"floor":6,"key":"Girya"},{"floor":8,"key":"Juzu Bracelet"},{"floor":10,"key":"PocketWatch"},{"floor":24,"key":"aspiration:ChemicalBlood"},{"floor":26,"key":"HollowMod:StagPassRelic"},{"floor":27,"key":"Mummified Hand"},{"floor":37,"key":"WingedGreaves"},{"floor":40,"key":"Omamori"},{"floor":41,"key":"Question Card"},{"floor":42,"key":"aspiration:FrozenJewel"},{"floor":43,"key":"aspiration:SeaSaltIceCream"},{"floor":54,"key":"Bag of Marbles"}],"event_choices":[],"is_beta":false,"boss_relics":[{"not_picked":["Tiny House","Runic Pyramid"],"picked":"Coffee Dripper"},{"not_picked":["REME_DuelDisc","aspiration:RunicSpoon"],"picked":"Philosopher\u0027s Stone"}],"items_purged_floors":[46],"is_endless":false,"potions_floor_spawned":[2,4,14,16,18,27,35,39,40,41],"ascension_level":4}}