{"host":"5y2vm16xfq9gfmb2","time":1613020879,"event":{"mods":["AchievementEnabler","BaseMod","Better Third Choice","Colored Map","Colored Powertips","DeckTracker","Marisa????????","Minty Spire (QoL Compilation)","Rare Cards Sparkle","StSLib","The Alterego","The Servant 0.9.4"],"gold_per_floor":[112,123,142,142,142,142,155,168,168,179,209,309,309,327,327,426,426,446,119,102,129,144,144,144,144,170,186,186,186,186,200,200,300,300,317,329,24,24,48,60,85,125,186,198,432,38,38,49,49,49],"floor_reached":51,"language":"ENG","playtime":3790,"items_purged":[],"score":652,"play_id":"a326a2ca-4403-46dd-8a7f-eb3d4cc1f2cf","local_time":"20210211002119","is_ascension_mode":false,"campfire_choices":[{"data":"Hello World","floor":6.0,"key":"SMITH"},{"data":"Buffer","floor":13.0,"key":"SMITH"},{"floor":15.0,"key":"REST"},{"data":"Apotheosis","floor":23,"key":"SMITH"},{"floor":29,"key":"REST"},{"data":"Amplify","floor":32,"key":"SMITH"},{"data":"Transmutation","floor":40,"key":"SMITH"},{"data":"Loop","floor":47,"key":"SMITH"},{"floor":49,"key":"REST"}],"circlet_count":0,"master_deck":["Defend_B","Defend_B","Defend_B","Zap","Dualcast","Hello World+1","Cold Snap","Buffer+1","Glacier","Sweeping Beam","FTL","Sweeping Beam","Hologram","Thunder Strike","Go for the Eyes","Apotheosis+1","Rainbow","Hologram+1","Blizzard+1","Glacier","Go for the Eyes","Bite","Bite","Bite","Bite","Bite","Multi-Cast","Self Repair","Amplify+1","Creative AI","Go for the Eyes+1","Loop+1","Swift Strike","Deep Breath","Transmutation+1","Redo","Stack+1","Doom and Gloom+1"],"relics":["Cracked Core","InkBottle","Mummified Hand","Juzu Bracelet","Philosopher\u0027s Stone","Red Mask","MealTicket","Runic Pyramid","Bronze Scales","Chemical X","MawBank","Ornamental Fan","Nunchaku","Mercury Hourglass","Medical Kit"],"acts_visited":["TheBeyond"],"potions_floor_usage":[21,21,33,33,33,42,42],"damage_taken":[{"damage":0.0,"enemies":"Cultist","floor":1.0,"turns":1.0},{"damage":0.0,"enemies":"Small Slimes","floor":2.0,"turns":1.0},{"damage":4.0,"enemies":"Jaw Worm","floor":3.0,"turns":2.0},{"damage":5.0,"enemies":"Lots of Slimes","floor":7.0,"turns":4.0},{"damage":3.0,"enemies":"3 Louse","floor":8.0,"turns":3.0},{"damage":3.0,"enemies":"Looter","floor":10.0,"turns":2.0},{"damage":0.0,"enemies":"Gremlin Nob","floor":11.0,"turns":3.0},{"damage":0.0,"enemies":"Red Slaver","floor":14.0,"turns":1.0},{"damage":58.0,"enemies":"Hexaghost","floor":16.0,"turns":6.0},{"damage":0.0,"enemies":"Spheric Guardian","floor":18.0,"turns":5.0},{"damage":6.0,"enemies":"2 Thieves","floor":20.0,"turns":3.0},{"damage":4,"enemies":"Masked Bandits","floor":21,"turns":4},{"damage":21,"enemies":"Cultist and Chosen","floor":22,"turns":5},{"damage":6,"enemies":"Centurion and Healer","floor":27,"turns":5},{"damage":2,"enemies":"Snecko","floor":31,"turns":5},{"damage":9,"enemies":"Automaton","floor":33,"turns":12},{"damage":19,"enemies":"3 Darklings","floor":35,"turns":6},{"damage":10,"enemies":"3 Shapes","floor":36,"turns":4},{"damage":7,"enemies":"3 Darklings","floor":41,"turns":3},{"damage":0,"enemies":"Giant Head","floor":42,"turns":10},{"damage":24,"enemies":"Maw","floor":48,"turns":9},{"damage":48,"enemies":"Awakened One","floor":50,"turns":13}],"seed_played":"8643136193692754056","potions_obtained":[{"floor":3.0,"key":"SneckoOil"},{"floor":7.0,"key":"EssenceOfDarkness"},{"floor":10.0,"key":"Fruit Juice"},{"floor":16.0,"key":"Dexterity Potion"},{"floor":20.0,"key":"SkillPotion"},{"floor":22,"key":"EssenceOfDarkness"},{"floor":31,"key":"FearPotion"},{"floor":33,"key":"FearPotion"},{"floor":36,"key":"PowerPotion"}],"is_trial":false,"path_per_floor":["M","M","M","?","?","R","M","M","T","M","E","?","R","M","R","B",null,"M","$","M","?","M","R","?","?","T","M","?","R","?","M","R","B",null,"M","M","$","?","T","R","M","E","T","?","?","$","R","M","R","B",null],"character_chosen":"DEFECT","items_purchased":["Apotheosis","Rainbow","Bronze Scales","Chemical X","Mercury Hourglass","Medical Kit"],"campfire_rested":3,"item_purchase_floors":[19,19,37,37,46,46],"current_hp_per_floor":[82,82,78,71,71,71,66,63,63,60,60,60,60,60,87,29,87,87,87,81,77,56,56,39,39,39,33,33,52,52,64,64,64,64,57,58,64,54,54,54,60,64,64,64,64,64,64,47,64,60],"gold":49,"neow_bonus":"TEN_PERCENT_HP_BONUS","is_daily":false,"chose_seed":false,"campfire_upgraded":6,"win_rate":0.0,"timestamp":1613020879,"path_taken":["M","M","?","?","?","R","M","M","T","?","E","?","R","M","R","BOSS","M","$","M","?","M","R","?","?","T","M","?","R","?","M","R","BOSS","M","M","?","?","?","R","M","E","T","?","?","$","R","M","R","BOSS"],"items_purchased_type":["Card","Card","Relic","Relic","Relic","Relic"],"build_version":"2020-12-22","purchased_purges":0,"victory":true,"max_hp_per_floor":[82,82,82,82,82,82,82,82,82,82,82,82,82,82,87,87,87,87,87,87,87,87,87,92,92,92,92,64,64,64,64,64,64,64,64,64,64,64,64,64,64,64,64,64,64,64,64,64,64,64],"card_choices":[{"not_picked":["Conserve Battery","Leap"],"picked":"Hello World","floor":1.0},{"not_picked":["Stack","Scrape"],"picked":"Cold Snap","floor":2.0},{"not_picked":["Steam","Hello World"],"picked":"Buffer","floor":3.0},{"not_picked":["Steam","Storm"],"picked":"Glacier","floor":7.0},{"not_picked":["Force Field","Cold Snap"],"picked":"Sweeping Beam","floor":8.0},{"not_picked":["Blizzard","Rip and Tear"],"picked":"FTL","floor":10.0},{"not_picked":["Conserve Battery","Steam"],"picked":"Sweeping Beam","floor":11.0},{"not_picked":["Steam Power","Fission"],"picked":"Hologram","floor":14.0},{"not_picked":["Seek","Biased Cognition"],"picked":"Thunder Strike","floor":16.0},{"not_picked":["Stack","Gash"],"picked":"Go for the Eyes","floor":18.0},{"not_picked":["Reprogram+1","Glacier"],"picked":"Hologram+1","floor":20.0},{"not_picked":["Tempest","Go for the Eyes"],"picked":"Blizzard+1","floor":21},{"not_picked":["Sweeping Beam","Consume"],"picked":"Glacier","floor":22},{"not_picked":["Steam","Sweeping Beam"],"picked":"Go for the Eyes","floor":27},{"not_picked":["Hologram+1","Conserve Battery"],"picked":"Amplify","floor":31},{"not_picked":["Buffer","All For One"],"picked":"Creative AI","floor":33},{"not_picked":["Gash+1","Steam+1"],"picked":"Go for the Eyes+1","floor":35},{"not_picked":["Stack+1","Beam Cell+1"],"picked":"Loop","floor":36},{"not_picked":["Purity","Dark Shackles"],"picked":"Swift Strike","floor":38},{"not_picked":["Forethought","Mayhem"],"picked":"Deep Breath","floor":38},{"not_picked":["Blind","Flash of Steel"],"picked":"Transmutation","floor":38},{"not_picked":["Skim","Stack"],"picked":"Redo","floor":41},{"not_picked":["Self Repair","Cold Snap"],"picked":"Stack+1","floor":42},{"not_picked":["Self Repair+1","Hologram"],"picked":"Doom and Gloom+1","floor":48}],"player_experience":22447,"relics_obtained":[{"floor":9.0,"key":"Mummified Hand"},{"floor":11.0,"key":"Juzu Bracelet"},{"floor":21,"key":"Red Mask"},{"floor":26,"key":"MealTicket"},{"floor":39,"key":"MawBank"},{"floor":42,"key":"Ornamental Fan"},{"floor":43,"key":"Nunchaku"}],"event_choices":[{"cards_removed":["Strike_B"],"damage_healed":0.0,"max_hp_gain":0.0,"max_hp_loss":0.0,"gold_gain":0.0,"event_name":"Golden Wing","player_choice":"Card Removal","floor":4.0,"gold_loss":0.0,"damage_taken":7.0},{"damage_healed":0.0,"max_hp_gain":0.0,"max_hp_loss":0.0,"gold_gain":0.0,"event_name":"WeMeetAgain","player_choice":"Gave Potion","floor":5.0,"gold_loss":0.0,"damage_taken":0.0,"relics_obtained":["InkBottle"]},{"damage_healed":0.0,"max_hp_gain":0.0,"max_hp_loss":0.0,"gold_gain":100.0,"event_name":"Golden Shrine","player_choice":"Pray","floor":12.0,"gold_loss":0.0,"damage_taken":0.0},{"damage_healed":0,"gold_gain":0,"player_choice":"Fought Bandits","damage_taken":0,"max_hp_gain":0,"max_hp_loss":0,"event_name":"Masked Bandits","floor":21,"gold_loss":0},{"damage_healed":0,"gold_gain":0,"player_choice":"Shed Blood","damage_taken":22,"max_hp_gain":5,"max_hp_loss":0,"event_name":"Forgotten Altar","floor":24,"gold_loss":0},{"damage_healed":0,"gold_gain":0,"player_choice":"Bought 0 Potions","damage_taken":0,"max_hp_gain":0,"max_hp_loss":0,"event_name":"The Woman in Blue","floor":25,"gold_loss":0},{"damage_healed":0,"gold_gain":0,"player_choice":"Became a vampire","damage_taken":0,"max_hp_gain":0,"max_hp_loss":28,"event_name":"Vampires","floor":28,"gold_loss":0,"cards_obtained":["Bite","Bite","Bite","Bite","Bite"]},{"damage_healed":0,"gold_gain":0,"player_choice":"2 cards matched","damage_taken":0,"max_hp_gain":0,"max_hp_loss":0,"event_name":"Match and Keep!","floor":30,"gold_loss":0,"cards_obtained":["Multi-Cast","Self Repair"]},{"damage_healed":0,"gold_gain":0,"player_choice":"Memory 3","damage_taken":10,"max_hp_gain":0,"max_hp_loss":0,"event_name":"SensoryStone","floor":38,"gold_loss":0},{"cards_removed":["Defend_B"],"damage_healed":0,"gold_gain":0,"player_choice":"Purged","damage_taken":0,"max_hp_gain":0,"max_hp_loss":0,"event_name":"Purifier","floor":44,"gold_loss":0},{"damage_healed":0,"gold_gain":222,"player_choice":"Wore Mask","damage_taken":0,"max_hp_gain":0,"max_hp_loss":0,"event_name":"Tomb of Lord Red Mask","floor":45,"gold_loss":0}],"is_beta":false,"boss_relics":[{"not_picked":["Fusion Hammer","Snecko Eye"],"picked":"Philosopher\u0027s Stone"},{"not_picked":["SlaversCollar","Sozu"],"picked":"Runic Pyramid"}],"items_purged_floors":[],"is_endless":false,"potions_floor_spawned":[3,7,10,16,20,22,31,33,36],"ascension_level":0}}