{"host":"kfd0jpqqxt101ydt","time":1613048337,"event":{"mods":["BaseMod","Downfall","Googly Eyes","Highlight Path","Minty Spire (QoL Compilation)","StSLib"],"gold_per_floor":[99,117,128,188,288,315,339,354,30,60,60,71,71,246,263,263,263,263],"floor_reached":16,"language":"ENG","playtime":914,"items_purged":[],"score":110,"play_id":"9cadac25-d9e0-49a1-a4a0-e2977b70211e","local_time":"20210211145857","is_ascension_mode":false,"campfire_choices":[{"data":"bronze:Goto","floor":1,"key":"SMITH"},{"data":"bronze:BugBarrage","floor":11,"key":"SMITH"},{"floor":13,"key":"REST"}],"circlet_count":0,"master_deck":["bronze:Strike","bronze:Strike","bronze:Strike","bronze:Strike","bronze:Defend","bronze:Defend","bronze:Defend","bronze:Defend","bronze:Replicate","bronze:Goto+1","bronze:Backtrace","bronze:BugBarrage+1","bronze:WhirlingStrike","bronze:ChosenStrike","bronze:Invalidate","bronze:Shield","bronze:BurnOut","bronze:Branch+1","bronze:WildBeam+1","Doubt","bronze:BuggyMess"],"relics":["bronze:BronzeCore","bronze:ProtectiveGoggles","Bag of Marbles","PreservedInsect","Medical Kit","Molten Egg 2"],"acts_visited":["Exordium"],"potions_floor_usage":[4,16,16],"damage_taken":[{"damage":1,"enemies":"Jaw Worm","floor":2,"turns":4},{"damage":3,"enemies":"Small Slimes","floor":3,"turns":3},{"damage":12,"enemies":"3 Sentries","floor":4,"turns":6},{"damage":24,"enemies":"Gremlin Nob","floor":6,"turns":4},{"damage":0,"enemies":"2 Louse","floor":8,"turns":1},{"damage":0,"enemies":"downfall:FleeingMerchant","floor":9,"turns":4},{"damage":13,"enemies":"Lagavulin","floor":10,"turns":3},{"damage":0,"enemies":"Blue Slaver","floor":12,"turns":2},{"damage":3,"enemies":"3 Louse","floor":15,"turns":3},{"damage":45,"enemies":"SI_SHIV_ARCHETYPE","floor":16,"turns":7}],"seed_played":"-919300034662579196","potions_obtained":[{"floor":2,"key":"SteroidPotion"},{"floor":3,"key":"Strength Potion"},{"floor":8,"key":"Strength Potion"},{"floor":15,"key":"bronze:FreeFunctionsPotion"}],"is_trial":false,"path_per_floor":["R","M","M","?","?","E","T","M","$","E","R","M","R","?","M","B"],"character_chosen":"THE_AUTOMATON","items_purchased":["bronze:BurnOut","Medical Kit"],"campfire_rested":1,"item_purchase_floors":[9,9],"current_hp_per_floor":[77,76,73,61,61,37,37,37,37,24,24,24,47,47,44,0,0,0],"gold":263,"neow_bonus":"TEN_PERCENT_HP_BONUS","is_daily":false,"chose_seed":false,"campfire_upgraded":2,"win_rate":0.0,"timestamp":1613048337,"path_taken":["R","M","M","?","?","E","T","M","$","E","R","M","R","?","M","BOSS"],"items_purchased_type":["Card","Relic"],"build_version":"2020-12-22","purchased_purges":0,"victory":false,"max_hp_per_floor":[77,77,77,77,77,77,77,77,77,77,77,77,77,77,77,77,77,77],"card_choices":[{"not_picked":["bronze:Boost","bronze:DarkDash"],"picked":"bronze:Backtrace","floor":2},{"not_picked":["bronze:Fortify","bronze:ItsAFeature"],"picked":"bronze:BugBarrage","floor":3},{"not_picked":["bronze:BugBarrage","bronze:FollowUp"],"picked":"bronze:WhirlingStrike","floor":4},{"not_picked":["bronze:Branch","bronze:Invalidate"],"picked":"bronze:ChosenStrike","floor":6},{"not_picked":["bronze:WhirlingStrike","bronze:Return"],"picked":"bronze:Invalidate","floor":8},{"not_picked":["bronze:BronzeArmor","bronze:Overheat"],"picked":"bronze:Shield","floor":9},{"not_picked":["bronze:WhirlingStrike+1","bronze:BugBarrage+1"],"picked":"bronze:Branch+1","floor":10},{"not_picked":["bronze:CloningBeam+1","bronze:CutThrough+1"],"picked":"bronze:WildBeam+1","floor":12},{"not_picked":["bronze:Safeguard","bronze:DelayedGuard"],"picked":"bronze:BuggyMess","floor":15}],"player_experience":21125,"relics_obtained":[{"floor":4,"key":"bronze:ProtectiveGoggles"},{"floor":6,"key":"Bag of Marbles"},{"floor":7,"key":"PreservedInsect"},{"floor":10,"key":"Molten Egg 2"}],"event_choices":[],"is_beta":false,"boss_relics":[],"items_purged_floors":[],"is_endless":false,"potions_floor_spawned":[2,3,8,15],"killed_by":"SI_SHIV_ARCHETYPE","ascension_level":0}}