{"host":"farxtl2u8hmkbdo2","time":1613046862,"event":{"mods":["A Magickal Journey","BaseMod","Better Altar","Better Note","Better Sensory Stone","Better Skull","Better Third Choice","Challenge The Spire","Colored Map","Colored Powertips","Current Relic Mod","Downfall","Energized Spire","Fox Events","Gremlin Mod","Hermit","Hubris","Mimic Mod","Minty Spire (QoL Compilation)","Quick Restart","READ ME - Guardian Mod","Rare Cards Sparkle","StSLib","The Bladedancer","The Bug Knight","The Cursed","The Disciple","The Hierophant","The Marked","The Necromancer","The Runesmith","Transform Curses"],"gold_per_floor":[99,114,114,129,3,3,3,3,35,35,64,74,74,74,88,193,193,193,205,220,24,24,24,24,49,69,69,82,82,110,19,39,141,141,141,152,172,184,184,184,184,184],"floor_reached":40,"language":"SPA","playtime":3298,"items_purged":["Writhe"],"score":459,"play_id":"ae0f9388-8e00-4028-a6fc-aa7436ac706c","local_time":"20210211093422","is_ascension_mode":false,"campfire_choices":[{"data":"champ:Taunt","floor":1.0,"key":"SMITH"},{"data":"champ:DancingMaster","floor":6.0,"key":"SMITH"},{"data":"champ:StanceDance","floor":8.0,"key":"SMITH"},{"data":"champ:Circumvent","floor":10.0,"key":"SMITH"},{"data":"champ:PerfectedStrike","floor":13.0,"key":"SMITH"},{"data":"champ:HeavySlash","floor":18.0,"key":"SMITH"},{"data":"champ:UltimateStance","floor":23.0,"key":"SMITH"},{"data":"champ:RisingSlash","floor":27.0,"key":"SMITH"},{"data":"champ:StrikeOfGenius","floor":35,"key":"SMITH"}],"circlet_count":0,"master_deck":["champ:Strike","champ:Strike","champ:Strike","champ:Strike","champ:Defend","champ:Defend","champ:Defend","champ:Defend","champ:Execute+1","champ:Taunt+1","champ:EnGarde","champ:StanceDance+1","champ:DancingMaster+1","champ:CalledShot","champ:ShieldWall","champ:Circumvent+1","champ:PerfectedStrike","champ:PerfectedStrike+1","champ:PreciseThrust","champ:HeavySlash+1","champ:Haymaker+1","champ:DefensiveShout+1","champ:PreciseThrust","champ:UltimateStance+1","champ:DeathBlow","champ:DefensiveShout+1","champ:RisingSlash+1","champ:Haymaker+1","champ:Lariat","champ:HoldFirm","champ:FlashCut","champ:BringItOn","champ:StrikeOfGenius+1","champ:AdrenalArmor+1","champ:GladiatorStyle+1","champ:CalledShot+1","expansioncontent:InvincibleStrength","expansioncontent:YouAreMine","expansioncontent:PrepareCrush"],"relics":["champ:ChampionCrown","downfall:ShatteredFragment","hubris:MysteriousPyramids","hubris:DeckOfHolding","Smiling Mask","hubris:TerracottaHorce","hubris:Zylophone","Nunchaku","Pantograph","Sundial","bronze:MakeshiftBattery"],"acts_visited":["Exordium","TheCity","TheBeyond"],"potions_floor_usage":[33,38,40,40],"damage_taken":[{"damage":10.0,"enemies":"Small Slimes","floor":2.0,"turns":3.0},{"damage":0.0,"enemies":"2 Louse","floor":4.0,"turns":3.0},{"damage":15.0,"enemies":"downfall:FleeingMerchant","floor":5.0,"turns":4.0},{"damage":51.0,"enemies":"Lagavulin","floor":9.0,"turns":6.0},{"damage":28.0,"enemies":"Gremlin Nob","floor":11.0,"turns":4.0},{"damage":5.0,"enemies":"Cultist","floor":12.0,"turns":3.0},{"damage":8.0,"enemies":"Large Slime","floor":15.0,"turns":2.0},{"damage":14.0,"enemies":"WA_ARCHETYPE_RETAIN","floor":16.0,"turns":5.0},{"damage":21.0,"enemies":"3 Byrds","floor":19.0,"turns":5.0},{"damage":5.0,"enemies":"Snecko","floor":20.0,"turns":2.0},{"damage":19.0,"enemies":"downfall:FleeingMerchant","floor":21.0,"turns":4.0},{"damage":42.0,"enemies":"Gremlin Leader","floor":25.0,"turns":5.0},{"damage":21.0,"enemies":"Chosen and Byrds","floor":26.0,"turns":5.0},{"damage":14.0,"enemies":"Centurion and Healer","floor":28.0,"turns":2.0},{"damage":30.0,"enemies":"Slavers","floor":30.0,"turns":4.0},{"damage":15.0,"enemies":"downfall:FleeingMerchant","floor":31.0,"turns":4.0},{"damage":5,"enemies":"Snecko","floor":32,"turns":3},{"damage":57,"enemies":"IC_MUSHROOM_ARCHETYPE","floor":33,"turns":5},{"damage":0,"enemies":"Orb Walker","floor":36,"turns":2},{"damage":40,"enemies":"3 Shapes","floor":37,"turns":3},{"damage":21,"enemies":"3 Darklings","floor":38,"turns":6},{"damage":74,"enemies":"Reptomancer","floor":40,"turns":5}],"seed_played":"-2908294112832813265","potions_obtained":[{"floor":2.0,"key":"Slimebound:ThreeZeroPotion"},{"floor":12.0,"key":"Dexterity Potion"},{"floor":15.0,"key":"PowerPotion"},{"floor":19.0,"key":"bronze:BurnAndBuffPotion"},{"floor":26.0,"key":"DuplicationPotion"},{"floor":32,"key":"DuplicationPotion"},{"floor":33,"key":"EntropicBrew"},{"floor":38,"key":"Block Potion"}],"is_trial":false,"path_per_floor":["R","M","?","M","$","R","T","R","E","R","E","M","R","?","M","B",null,"R","M","M","$","?","R","T","E","M","R","M","?","E","$","M","B",null,"R","M","M","M","?","E"],"character_chosen":"THE_CHAMP","items_purchased":["champ:CalledShot","champ:ShieldWall","champ:UltimateStance","champ:DeathBlow","champ:FlashCut"],"campfire_rested":0,"item_purchase_floors":[5,5,21,21,31],"current_hp_per_floor":[99,99,72,72,72,72,72,72,36,36,23,23,23,23,20,16,78,78,72,72,68,68,68,68,56,45,45,31,31,16,16,16,29,82,82,82,82,61,51,0,0,0],"gold":184,"neow_bonus":"TEN_PERCENT_HP_BONUS","is_daily":false,"chose_seed":false,"campfire_upgraded":9,"win_rate":0.0,"timestamp":1613046862,"path_taken":["R","M","?","M","$","R","T","R","E","R","E","M","R","?","M","BOSS","R","M","M","$","?","R","T","E","M","R","M","?","E","$","M","BOSS","R","M","M","M","?","E"],"items_purchased_type":["Card","Card","Card","Card","Card"],"build_version":"2020-12-22","purchased_purges":1,"victory":false,"max_hp_per_floor":[99,99,99,99,99,99,99,99,99,99,99,99,99,99,99,99,99,99,99,99,99,99,99,99,99,99,99,99,99,99,99,99,99,99,99,99,99,99,99,99,99,99],"card_choices":[{"not_picked":["champ:Haymaker","champ:DefensiveShout"],"picked":"champ:EnGarde","floor":2.0},{"not_picked":["champ:FlashCut","champ:CrownThrow"],"picked":"champ:StanceDance","floor":4.0},{"not_picked":["champ:BladeFlurry","champ:GutPunch"],"picked":"champ:DancingMaster","floor":5.0},{"not_picked":["champ:BerserkersShout","champ:FalseCounter"],"picked":"champ:Circumvent","floor":9.0},{"not_picked":["champ:GladiatorStyle","champ:EnGarde"],"picked":"champ:PerfectedStrike","floor":11.0},{"not_picked":["champ:BerserkersShout","champ:FalseCounter"],"picked":"champ:PerfectedStrike","floor":12.0},{"not_picked":["champ:FanOfKnives","champ:CrownThrow"],"picked":"champ:PreciseThrust","floor":15.0},{"not_picked":["champ:TripleStrike","champ:DancingMaster"],"picked":"champ:HeavySlash","floor":16.0},{"not_picked":["champ:ShieldWall","champ:BringItOn"],"picked":"champ:Haymaker+1","floor":19.0},{"not_picked":["champ:Shatter","champ:SkillfulDodge"],"picked":"champ:DefensiveShout+1","floor":20.0},{"not_picked":["champ:FanOfKnives","champ:PerfectedStrike"],"picked":"champ:PreciseThrust","floor":21.0},{"not_picked":["champ:VampiricStrike","champ:BladeFlurry+1"],"picked":"champ:DefensiveShout+1","floor":25.0},{"not_picked":["champ:AdrenalArmor","champ:BladeFlurry"],"picked":"champ:RisingSlash","floor":26.0},{"not_picked":["champ:StanceDance","champ:BringItOn"],"picked":"champ:Haymaker+1","floor":28.0},{"not_picked":["champ:CrownThrow+1","champ:GladiatorStyle"],"picked":"champ:Lariat","floor":30.0},{"not_picked":["champ:DefensiveShout","champ:GutPunch"],"picked":"champ:HoldFirm","floor":31},{"not_picked":["champ:FanOfKnives","champ:BerserkersShout"],"picked":"champ:BringItOn","floor":32},{"not_picked":["champ:Devastate","champ:SteelEdge"],"picked":"champ:StrikeOfGenius","floor":33},{"not_picked":["champ:EnGarde+1","champ:EndlessRage"],"picked":"champ:AdrenalArmor+1","floor":36},{"not_picked":["champ:BerserkersShout+1","champ:GutPunch+1"],"picked":"champ:GladiatorStyle+1","floor":37},{"not_picked":["champ:Lariat+1","champ:AdrenalArmor+1"],"picked":"champ:CalledShot+1","floor":38},{"not_picked":["expansioncontent:YouAreMine","expansioncontent:GuardianWhirl"],"picked":"expansioncontent:InvincibleStrength","floor":39},{"not_picked":["expansioncontent:InvincibleStrength","expansioncontent:Chronoboost"],"picked":"expansioncontent:YouAreMine","floor":39},{"not_picked":["expansioncontent:AwakenDeath","expansioncontent:YouAreMine"],"picked":"expansioncontent:PrepareCrush","floor":39}],"player_experience":2091965,"relics_obtained":[{"floor":7.0,"key":"hubris:MysteriousPyramids"},{"floor":9.0,"key":"hubris:DeckOfHolding"},{"floor":11.0,"key":"Smiling Mask"},{"floor":24.0,"key":"hubris:Zylophone"},{"floor":25.0,"key":"Nunchaku"},{"floor":30.0,"key":"Sundial"}],"event_choices":[{"damage_healed":0.0,"max_hp_gain":0.0,"max_hp_loss":0.0,"gold_gain":0.0,"event_name":"Living Wall","player_choice":"Grow","floor":14.0,"gold_loss":0.0,"damage_taken":0.0,"cards_upgraded":["champ:Execute"]},{"cards_removed":["champ:HeavySlash"],"damage_healed":0.0,"max_hp_gain":0.0,"max_hp_loss":0.0,"gold_gain":0.0,"event_name":"betterNote:BetterNote","player_choice":"Give","floor":22.0,"gold_loss":0.0,"damage_taken":0.0,"cards_obtained":["None"]}],"is_beta":false,"boss_relics":[{"not_picked":["Runic Dome","energizedSpire:DeadBattery"],"picked":"hubris:TerracottaHorce"},{"not_picked":["hubris:CrackedHourglass","Philosopher\u0027s Stone"],"picked":"bronze:MakeshiftBattery"}],"items_purged_floors":[31],"is_endless":false,"potions_floor_spawned":[2,12,15,19,26,32,33,38],"killed_by":"Reptomancer","ascension_level":0}}