{"host":"i0m6ffz3lpe3z1ky","time":1613032327,"event":{"mods":["Aspiration","BaseMod","Bestiary","BetterRewards","Colored Map","Conspire","Energized Spire","Highlight Path","Hubris","Ironclad Rager","Minty Spire (QoL Compilation)","Quick Restart","Reliquary","Shop Mod","Spicy Shops","StSLib","Thieving Mod"],"gold_per_floor":[113,130,230,240,270,303,303,328,328,328,345,417,429,78,78,180,180,192,42,57,77,77,103,103,129,178,204,217,249,44,62,62,157,157,175,175,186,21,41,41,75,91,91,106,106,106,106,106],"floor_reached":47,"language":"KOR","playtime":1913,"items_purged":["Strike_R","Strike_R","Strike_R","Defend_R","Defend_R"],"score":993,"play_id":"faafdea6-cbd2-434a-b99b-8b4dbec23767","local_time":"20210211173207","is_ascension_mode":true,"campfire_choices":[{"floor":7,"key":"RECALL"},{"data":"Bash","floor":10,"key":"SMITH"},{"floor":40,"key":"REST"},{"floor":45,"key":"REST"}],"circlet_count":0,"master_deck":["Strike_R","Strike_R","Defend_R","Defend_R","Bash+1","Master of Strategy+1","Deep Breath+1","Finesse+1","Panache+1","Evolve+1","Shrug It Off+1","Battle Trance+1","Cleave+1","Feel No Pain+1","Shrug It Off+1","Disarm+1","Master of Strategy+1","Dropkick+1","Immolate+1","Second Wind+1","Fire Breathing+1","Metallicize+1","Demon Form+1"],"relics":["Burning Blood","Sling","hubris:Potato","reliquary:ExpiredCoupon","Membership Card","hubris:EmptyBottle","hubris:ToyBattleship","Centennial Puzzle","hubris:TinFlute","aspiration:ChemicalBlood","TheAbacus","Red Skull","ClockworkSouvenir","Lee\u0027s Waffle","Pear","reliquary:WeakTea","CaptainsWheel","Vajra","hubris:MedicalManual","hubris:AstralHammer","PreservedInsect","Mercury Hourglass","Frozen Egg 2","Tiny Chest","Toy Ornithopter","reliquary:RosewoodLute","reliquary:Firecrackers","Chemical X","Toxic Egg 2","Regal Pillow","Dream Catcher","Darkstone Periapt","conspire:TreasureMap","aspiration:ArtOfWarUpgrade","Frozen Eye","Magic Flower","Omamori","hubris:BundleOfHerbs","hubris:FunFungus","hubris:SlimyHat","HandDrill","Medical Kit","hubris:TenFootPole","hubris:CrystalStatue","Ornamental Fan","Molten Egg 2","reliquary:BallBearing","Pen Nib","Letter Opener","OrangePellets","Ancient Tea Set","reliquary:RedPaperclip","hubris:ChampionShield","reliquary:BrokenClock","hubris:BottledHeart","hubris:Metronome","WarpedTongs","Gambling Chip","reliquary:PurpleTingedLeaf","reliquary:TuningFork","Bottled Tornado","Singing Bowl","Sozu","Happy Flower","reliquary:Stiletto","aspiration:FetidBarrel","conspire:BottledYoYo"],"acts_visited":["Exordium","TheCity","TheBeyond"],"potions_floor_usage":[23,23],"damage_taken":[{"damage":0.0,"enemies":"Jaw Worm","floor":1.0,"turns":3.0},{"damage":0,"enemies":"Cultist","floor":2,"turns":3},{"damage":0,"enemies":"2 Louse","floor":4,"turns":2},{"damage":0,"enemies":"conspire:MimicChest","floor":5,"turns":3},{"damage":0,"enemies":"3 Sentries","floor":6,"turns":2},{"damage":0,"enemies":"Lagavulin","floor":8,"turns":2},{"damage":0,"enemies":"Blue Slaver","floor":11,"turns":2},{"damage":5,"enemies":"3 Louse","floor":13,"turns":2},{"damage":0,"enemies":"Slime Boss","floor":16,"turns":2},{"damage":0,"enemies":"Spheric Guardian","floor":18,"turns":2},{"damage":0,"enemies":"3 Byrds","floor":20,"turns":2},{"damage":0,"enemies":"Sentry and Sphere","floor":21,"turns":2},{"damage":0,"enemies":"Book of Stabbing","floor":23,"turns":2},{"damage":0,"enemies":"Slavers","floor":25,"turns":2},{"damage":0,"enemies":"conspire:SneckoGhost","floor":27,"turns":3},{"damage":0,"enemies":"Chosen and Byrds","floor":28,"turns":2},{"damage":0,"enemies":"Book of Stabbing","floor":29,"turns":3},{"damage":0,"enemies":"3 Cultists","floor":31,"turns":1},{"damage":0,"enemies":"conspire:MysteriousRune","floor":33,"turns":4},{"damage":0,"enemies":"3 Darklings","floor":35,"turns":2},{"damage":0,"enemies":"3 Shapes","floor":37,"turns":1},{"damage":0,"enemies":"Spire Growth","floor":39,"turns":3},{"damage":0,"enemies":"Giant Head","floor":41,"turns":3},{"damage":0,"enemies":"Jaw Worm Horde","floor":42,"turns":2},{"damage":0,"enemies":"Writhing Mass","floor":44,"turns":2},{"damage":15,"enemies":"conspire:OrnateMirror","floor":47,"turns":2}],"seed_played":"456658058585475462","potions_obtained":[{"floor":18,"key":"Dexterity Potion"},{"floor":23,"key":"AttackPotion"},{"floor":25,"key":"Weak Potion"},{"floor":33,"key":"HeartOfIron"}],"is_trial":false,"path_per_floor":["M","M","?","M","?","E","R","E","T","R","M","T","M","$","R","B",null,"M","$","M","M","?","E","?","E","T","E","M","E","$","M","R","B",null,"M","T","M","$","M","R","E","M","T","M","R","?","B"],"character_chosen":"IRONCLAD","items_purchased":["OrangePellets","Ancient Tea Set","Master of Strategy+1","Dropkick+1","hubris:ChampionShield","reliquary:BrokenClock","Singing Bowl","reliquary:Stiletto"],"campfire_rested":2,"item_purchase_floors":[14,14,14,14,19,19,30,38],"current_hp_per_floor":[107,107,107,107,107,107,107,107,107,107,107,107,107,107,107,107,107,107,107,107,107,1,1,1,1,1,1,1,1,1,1,1,1,1,1,1,1,1,1,1,1,1,1,1,1,1,0,0],"gold":106,"neow_bonus":"","is_daily":false,"chose_seed":false,"campfire_upgraded":1,"win_rate":0.0,"timestamp":1613032327,"path_taken":["M","M","?","?","?","E","R","E","T","R","M","?","M","$","R","BOSS","M","$","M","M","?","E","?","E","T","E","?","E","$","M","R","BOSS","M","?","M","$","?","R","E","M","T","M","R","?","BOSS"],"items_purchased_type":["Relic","Relic","Card","Card","Relic","Relic","Relic","Relic"],"build_version":"2020-12-22","purchased_purges":5,"victory":false,"max_hp_per_floor":[107,107,107,107,107,107,107,107,107,107,107,107,107,107,107,107,107,107,107,107,107,1,1,1,1,1,1,1,1,1,1,1,1,1,1,1,1,1,1,1,1,1,1,1,1,1,1,1],"card_choices":[{"not_picked":["Twin Strike","Perfected Strike"],"picked":"Shrug It Off+1","floor":1.0},{"not_picked":["Wild Strike","Havoc+1","Disarm+1"],"picked":"SKIP","floor":2},{"not_picked":["Sword Boomerang","Battle Trance+1","hubris:ReadiedAction+1"],"picked":"SKIP","floor":4},{"not_picked":["Sword Boomerang","hubris:ReadiedAction+1"],"picked":"Battle Trance+1","floor":4},{"not_picked":["Clash+1","Clothesline+1"],"picked":"Cleave+1","floor":5},{"not_picked":["Clothesline+1","conspire:ExplosiveBarrier+1"],"picked":"Feel No Pain+1","floor":6},{"not_picked":["Thunderclap+1","Flame Barrier+1","Rage+1"],"picked":"SKIP","floor":8},{"not_picked":["True Grit+1","Metallicize+1"],"picked":"Shrug It Off+1","floor":11},{"not_picked":["Flex+1","Disarm+1","Dark Embrace+1"],"picked":"SKIP","floor":13},{"not_picked":["Flex+1","Dark Embrace+1"],"picked":"Disarm+1","floor":13},{"not_picked":["Fiend Fire+1","Limit Break+1"],"picked":"Immolate+1","floor":16},{"not_picked":["Bloodletting+1","Flex+1","Battle Trance+1"],"picked":"SKIP","floor":18},{"not_picked":["Cleave+1","Second Wind+1","Sever Soul+1"],"picked":"SKIP","floor":20},{"not_picked":["Cleave+1","Sever Soul+1"],"picked":"Second Wind+1","floor":20},{"not_picked":["Blood for Blood+1","Heavy Blade+1"],"picked":"Fire Breathing+1","floor":21},{"not_picked":["hubris:ReadiedAction+1","Shockwave+1","Feed+1"],"picked":"SKIP","floor":23},{"not_picked":["Carnage+1","Headbutt+1","Clothesline+1"],"picked":"SKIP","floor":25},{"not_picked":["Combust+1","Dual Wield+1","Headbutt+1"],"picked":"SKIP","floor":27},{"not_picked":["Flex+1","Sword Boomerang+1","Twin Strike+1"],"picked":"SKIP","floor":28},{"not_picked":["Spot Weakness+1","Shrug It Off+1"],"picked":"Metallicize+1","floor":29},{"not_picked":["Intimidate+1","Armaments+1","Reckless Charge+1"],"picked":"Singing Bowl","floor":31},{"not_picked":["Offering+1","conspire:HitWhereItHurts+1"],"picked":"Demon Form+1","floor":33},{"not_picked":["Whirlwind+1","Clothesline+1","Uppercut+1"],"picked":"Singing Bowl","floor":35},{"not_picked":["Clash+1","Bloodletting+1","Twin Strike+1"],"picked":"Singing Bowl","floor":37},{"not_picked":["Searing Blow+1","Shrug It Off+1","Havoc+1"],"picked":"Singing Bowl","floor":39},{"not_picked":["Double Tap+1","Thunderclap+1","Anger+1"],"picked":"Singing Bowl","floor":40},{"not_picked":["Iron Wave+1","Clash+1","Wild Strike+1"],"picked":"Singing Bowl","floor":41},{"not_picked":["Cleave+1","Whirlwind+1","Ghostly Armor+1"],"picked":"Singing Bowl","floor":42},{"not_picked":["Perfected Strike+1","Heavy Blade+1","Wild Strike+1"],"picked":"Singing Bowl","floor":44},{"not_picked":["Ghostly Armor+1","Dual Wield+1","Spot Weakness+1"],"picked":"Singing Bowl","floor":45}],"player_experience":414266,"relics_obtained":[{"floor":5,"key":"Molten Egg 2"},{"floor":6,"key":"reliquary:BallBearing"},{"floor":8,"key":"Pen Nib"},{"floor":9,"key":"Letter Opener"},{"floor":23,"key":"hubris:Metronome"},{"floor":25,"key":"Gambling Chip"},{"floor":26,"key":"reliquary:PurpleTingedLeaf"},{"floor":27,"key":"reliquary:TuningFork"},{"floor":29,"key":"Bottled Tornado"},{"floor":36,"key":"Happy Flower"},{"floor":41,"key":"aspiration:FetidBarrel"},{"floor":43,"key":"conspire:BottledYoYo"}],"event_choices":[{"damage_healed":0,"gold_gain":100,"player_choice":"Pray","damage_taken":0,"max_hp_gain":0,"max_hp_loss":0,"event_name":"Golden Shrine","floor":3,"gold_loss":0},{"damage_healed":0,"gold_gain":0,"player_choice":"Rummage","damage_taken":0,"relics_obtained":["WarpedTongs"],"max_hp_gain":0,"max_hp_loss":0,"event_name":"Accursed Blacksmith","floor":24,"gold_loss":0,"cards_obtained":["Pain"]},{"damage_healed":0,"gold_gain":0,"player_choice":"Took Portal","damage_taken":0,"max_hp_gain":0,"max_hp_loss":0,"event_name":"SecretPortal","floor":46,"gold_loss":0}],"is_beta":false,"boss_relics":[{"not_picked":["conspire:RunicOctahedron","Cursed Key"],"picked":"reliquary:RedPaperclip"},{"not_picked":["Black Blood","energizedSpire:DecayingSkull"],"picked":"Sozu"}],"items_purged_floors":[0,0,14,30,38],"is_endless":false,"potions_floor_spawned":[2,4,8,11,13,18,25,29,33,37,39,42],"killed_by":"conspire:OrnateMirror","ascension_level":3}}