{"host":"2yqfi47fogfu1ic4","time":1613054047,"event":{"mods":["AchievementEnabler","BaseMod","Colored Map","Colored Powertips","Highlight Path","Minty Spire (QoL Compilation)","Permanent Neow","Relic Stats","StSLib"],"gold_per_floor":[167,178,198,273,286,286,321,150,150,164,164,192,192,20,20,94,94,110,110,27,77,94,94,6,6,6,16,376,396,240,270,270,345,345,364,364,380,380,255,255,266,298,334,363,424,436,481,77,77,77,77,77,77,27,61,61],"floor_reached":57,"language":"DEU","playtime":8448,"items_purged":["Strike_G","Strike_G","Strike_G","Strike_G","Blade Dance"],"score":2957,"play_id":"a05f90fb-5597-49de-881a-d626037fa3dc","local_time":"20210211153407","is_ascension_mode":true,"campfire_choices":[{"data":"Eviscerate","floor":6.0,"key":"SMITH"},{"floor":11.0,"key":"REST"},{"floor":15.0,"key":"REST"},{"data":"Terror","floor":23.0,"key":"SMITH"},{"data":"Concentrate","floor":32,"key":"SMITH"},{"data":"Calculated Gamble","floor":40,"key":"SMITH"},{"floor":49,"key":"RECALL"},{"data":"After Image","floor":53,"key":"SMITH"}],"circlet_count":0,"master_deck":["AscendersBane","Defend_G","Defend_G","Defend_G+1","Defend_G","Defend_G","Survivor","Neutralize","Tactician","Eviscerate","Eviscerate+1","Dagger Throw","PanicButton","Backflip","Dagger Throw","Reflex","Eviscerate","Terror+1","Unload","Acrobatics","Reflex","Footwork+1","Calculated Gamble+1","Leg Sweep+1","Backflip","Concentrate+1","Venomology","Escape Plan+1","Tactician+1","Expertise+1","PiercingWail","After Image+1","Backflip","Dagger Throw+1","Sucker Punch+1"],"relics":["Tiny House","Snake Skull","InkBottle","Orrery","Coffee Dripper","Meat on the Bone","Red Mask","Runic Pyramid","MawBank","Smiling Mask","Calipers","FossilizedHelix","Molten Egg 2","Paper Crane","Letter Opener"],"acts_visited":["Exordium","TheCity","TheBeyond","TheEnding"],"potions_floor_usage":[33,37,41,42,44,45,47,47,51,55,56,56],"damage_taken":[{"damage":0.0,"enemies":"Cultist","floor":1.0,"turns":5.0},{"damage":0.0,"enemies":"2 Louse","floor":2.0,"turns":2.0},{"damage":0.0,"enemies":"Small Slimes","floor":3.0,"turns":3.0},{"damage":13.0,"enemies":"3 Louse","floor":5.0,"turns":5.0},{"damage":25.0,"enemies":"3 Sentries","floor":7.0,"turns":9.0},{"damage":9.0,"enemies":"Exordium Thugs","floor":10.0,"turns":5.0},{"damage":14.0,"enemies":"Lagavulin","floor":12.0,"turns":8.0},{"damage":21.0,"enemies":"The Guardian","floor":16.0,"turns":15.0},{"damage":14.0,"enemies":"2 Thieves","floor":18.0,"turns":4.0},{"damage":0.0,"enemies":"Spheric Guardian","floor":22.0,"turns":3.0},{"damage":6.0,"enemies":"3 Cultists","floor":27.0,"turns":4.0},{"damage":1,"enemies":"Chosen and Byrds","floor":29,"turns":4},{"damage":15,"enemies":"Masked Bandits","floor":31,"turns":4},{"damage":22,"enemies":"Champ","floor":33,"turns":11},{"damage":0,"enemies":"3 Darklings","floor":35,"turns":6},{"damage":0,"enemies":"Orb Walker","floor":37,"turns":2},{"damage":0,"enemies":"3 Darklings","floor":41,"turns":4},{"damage":0,"enemies":"Nemesis","floor":42,"turns":7},{"damage":0,"enemies":"Writhing Mass","floor":44,"turns":4},{"damage":0,"enemies":"2 Orb Walkers","floor":45,"turns":4},{"damage":38,"enemies":"Reptomancer","floor":47,"turns":8},{"damage":0,"enemies":"Awakened One","floor":50,"turns":14},{"damage":0,"enemies":"Donu and Deca","floor":51,"turns":10},{"damage":0,"enemies":"Shield and Spear","floor":55,"turns":11},{"damage":9,"enemies":"The Heart","floor":56,"turns":10}],"seed_played":"7618349534063978015","potions_obtained":[{"floor":0.0,"key":"Weak Potion"},{"floor":1.0,"key":"Weak Potion"},{"floor":2.0,"key":"Block Potion"},{"floor":10.0,"key":"SpeedPotion"},{"floor":16.0,"key":"LiquidBronze"},{"floor":22.0,"key":"FearPotion"},{"floor":27.0,"key":"DistilledChaos"},{"floor":37,"key":"DistilledChaos"},{"floor":45,"key":"GhostInAJar"}],"is_trial":false,"path_per_floor":["M","M","M","?","M","R","E","$","T","M","R","E","?","$","R","B",null,"M","?","$","?","M","R","$","?","T","M","?","M","$","?","R","B",null,"M","?","M","?","$","R","M","E","T","M","?","T","E","$","R","B","B",null,"R","$","E","B",null],"character_chosen":"THE_SILENT","items_purchased":["PanicButton","Orrery","Reflex","Calculated Gamble","Backflip","Paper Crane","Backflip","Dagger Throw+1"],"campfire_rested":2,"item_purchase_floors":[8,14,20,24,30,48,48,48],"current_hp_per_floor":[64,64,64,53,40,40,15,15,15,6,27,13,6,6,27,6,55,41,41,41,41,41,41,41,81,81,75,39,50,50,47,47,37,70,70,70,70,70,70,70,70,70,70,70,70,70,44,44,44,44,44,72,72,72,72,63],"gold":61,"neow_bonus":"BOSS_RELIC","is_daily":false,"chose_seed":false,"campfire_upgraded":5,"win_rate":0.0,"timestamp":1613054047,"path_taken":["M","M","?","?","M","R","E","$","T","M","R","E","?","$","R","BOSS","M","?","$","?","M","R","?","?","T","?","?","M","?","?","R","BOSS","M","?","?","?","$","R","M","E","T","M","?","?","E","$","R","BOSS","BOSS","R","$","E","BOSS"],"items_purchased_type":["Card","Relic","Card","Card","Card","Relic","Card","Card"],"build_version":"2020-12-22","purchased_purges":5,"victory":true,"max_hp_per_floor":[71,71,71,71,71,71,71,71,71,71,71,71,71,71,71,71,71,71,71,71,71,71,71,71,81,81,81,81,81,81,81,81,81,81,81,81,81,81,81,81,81,81,81,81,81,81,81,81,81,81,81,81,81,81,81,81],"relic_stats":{"counters":[25,162],"Snake Skull":[0],"Letter Opener":[75],"MawBank":72,"Smiling Mask":225,"obtain_stats":[{"Tiny House":0,"Calipers":45,"Snake Skull":7,"Letter Opener":55,"Paper Crane":48,"MawBank":42,"Smiling Mask":43,"Orrery":14,"Molten Egg 2":47,"Coffee Dripper":17,"Red Mask":31,"InkBottle":12,"FossilizedHelix":46,"Ring of the Snake":0,"Meat on the Bone":26,"Runic Pyramid":34},{"Tiny House":0,"Calipers":20,"Snake Skull":5,"Letter Opener":24,"Paper Crane":21,"MawBank":18,"Smiling Mask":18,"Orrery":7,"Molten Egg 2":21,"Coffee Dripper":8,"Red Mask":13,"InkBottle":7,"FossilizedHelix":20,"Ring of the Snake":0,"Meat on the Bone":10,"Runic Pyramid":14},{"Tiny House":0,"Calipers":109,"Snake Skull":24,"Letter Opener":152,"Paper Crane":117,"MawBank":101,"Smiling Mask":101,"Orrery":37,"Molten Egg 2":117,"Coffee Dripper":52,"Red Mask":71,"InkBottle":37,"FossilizedHelix":109,"Ring of the Snake":0,"Meat on the Bone":59,"Runic Pyramid":82}],"InkBottle":[88],"Meat on the Bone":48},"card_choices":[{"not_picked":["Calculated Gamble","Dodge and Roll"],"picked":"Tactician","floor":0.0},{"not_picked":["Poisoned Stab","Deadly Poison"],"picked":"Eviscerate","floor":1.0},{"not_picked":["Backflip","Poisoned Stab"],"picked":"Eviscerate","floor":2.0},{"not_picked":["PiercingWail","Well Laid Plans"],"picked":"Blade Dance","floor":3.0},{"not_picked":["Quick Slash","Infinite Blades","Flying Knee"],"picked":"SKIP","floor":5.0},{"not_picked":["Heel Hook","Distraction"],"picked":"Dagger Throw","floor":7.0},{"not_picked":["Underhanded Strike","Blade Dance"],"picked":"Backflip","floor":10.0},{"not_picked":["Tactician","Deflect"],"picked":"Dagger Throw","floor":12.0},{"not_picked":["Cloak And Dagger","Bouncing Flask"],"picked":"Reflex","floor":14.0},{"not_picked":["Distraction","Sucker Punch"],"picked":"Eviscerate","floor":14.0},{"not_picked":["Dagger Throw","Outmaneuver"],"picked":"Terror","floor":14.0},{"not_picked":["Backflip","Sucker Punch"],"picked":"Dagger Throw","floor":14.0},{"not_picked":["Accuracy","Deflect"],"picked":"Die Die Die","floor":14.0},{"not_picked":["Glass Knife","Grand Finale"],"picked":"Unload","floor":16.0},{"not_picked":["Predator","Setup","Finisher"],"picked":"SKIP","floor":18.0},{"not_picked":["Expertise","Endless Agony"],"picked":"Footwork+1","floor":22.0},{"not_picked":["Dagger Spray","Sucker Punch","Dodge and Roll"],"picked":"SKIP","floor":27.0},{"not_picked":["Deadly Poison","Poisoned Stab"],"picked":"Leg Sweep+1","floor":29},{"not_picked":["Prepared","Dash"],"picked":"Concentrate","floor":31},{"not_picked":["Corpse Explosion","Malaise"],"picked":"Venomology","floor":33},{"not_picked":["Slice","Deflect","Bane"],"picked":"SKIP","floor":35},{"not_picked":["Quick Slash+1","Bouncing Flask"],"picked":"Escape Plan+1","floor":37},{"not_picked":["Backflip","Outmaneuver"],"picked":"Tactician+1","floor":41},{"not_picked":["Slice","Deadly Poison","Blade Dance+1"],"picked":"SKIP","floor":42},{"not_picked":["Glass Knife","Cloak And Dagger"],"picked":"Expertise+1","floor":44},{"not_picked":["Dagger Throw","Backflip+1"],"picked":"PiercingWail","floor":45},{"not_picked":["Bane+1","Skewer+1"],"picked":"After Image","floor":47},{"not_picked":["PiercingWail","Blade Dance"],"picked":"Sucker Punch+1","floor":55}],"player_experience":1761837,"relics_obtained":[{"floor":7.0,"key":"Snake Skull"},{"floor":12.0,"key":"InkBottle"},{"floor":26.0,"key":"Meat on the Bone"},{"floor":31,"key":"Red Mask"},{"floor":42,"key":"MawBank"},{"floor":43,"key":"Smiling Mask"},{"floor":45,"key":"Calipers"},{"floor":46,"key":"FossilizedHelix"},{"floor":47,"key":"Molten Egg 2"},{"floor":55,"key":"Letter Opener"}],"event_choices":[{"damage_healed":0.0,"max_hp_gain":0.0,"max_hp_loss":0.0,"gold_gain":75.0,"event_name":"World of Goop","player_choice":"Gather Gold","floor":4.0,"gold_loss":0.0,"damage_taken":11.0},{"cards_removed":["Strike_G"],"damage_healed":0.0,"max_hp_gain":0.0,"max_hp_loss":0.0,"gold_gain":0.0,"event_name":"Golden Wing","player_choice":"Card Removal","floor":13.0,"gold_loss":0.0,"damage_taken":7.0},{"damage_healed":0.0,"max_hp_gain":0.0,"max_hp_loss":0.0,"gold_gain":0.0,"event_name":"The Library","player_choice":"Read","floor":19.0,"gold_loss":0.0,"damage_taken":0.0,"cards_obtained":["Acrobatics"]},{"damage_healed":0.0,"max_hp_gain":0.0,"max_hp_loss":0.0,"gold_gain":50.0,"event_name":"Nest","player_choice":"Stole From Cult","floor":21.0,"gold_loss":0.0,"damage_taken":0.0},{"cards_removed":["Die Die Die"],"damage_healed":30.0,"max_hp_gain":10.0,"max_hp_loss":0.0,"gold_gain":0.0,"event_name":"Bonfire Elementals","player_choice":"Offered Rare","floor":25.0,"gold_loss":0.0,"damage_taken":0.0},{"damage_healed":0,"gold_gain":360,"player_choice":"GOLD GOLD GOLD GOLD ","damage_taken":36,"max_hp_gain":0,"max_hp_loss":0,"event_name":"Knowing Skull","floor":28,"potions_obtained":[],"gold_loss":0,"cards_obtained":[]},{"damage_healed":0,"gold_gain":0,"player_choice":"Fought Bandits","damage_taken":0,"max_hp_gain":0,"max_hp_loss":0,"event_name":"Masked Bandits","floor":31,"gold_loss":0},{"damage_healed":0,"gold_gain":0,"player_choice":"Got Potions","damage_taken":0,"max_hp_gain":0,"max_hp_loss":0,"event_name":"Lab","floor":36,"gold_loss":0},{"cards_removed":["Dagger Throw"],"damage_healed":0,"gold_gain":0,"player_choice":"Removed Attack","damage_taken":0,"max_hp_gain":0,"max_hp_loss":0,"event_name":"Falling","floor":38,"gold_loss":0},{"damage_healed":0,"gold_gain":0,"player_choice":"Fight","damage_taken":0,"max_hp_gain":0,"max_hp_loss":0,"event_name":"Mysterious Sphere","floor":45,"gold_loss":0}],"is_beta":false,"boss_relics":[{"not_picked":["Busted Crown","Sozu"],"picked":"Coffee Dripper"},{"not_picked":["Astrolabe","Fusion Hammer"],"picked":"Runic Pyramid"}],"items_purged_floors":[8,30,39,48,54],"is_endless":false,"potions_floor_spawned":[1,2,10,16,22,27,37,42,45,55],"ascension_level":20}}