{"host":"ydh61a5ftgdajrbo","time":1613028937,"event":{"mods":["BaseMod","Colored Map","Colored Powertips","DeckTracker","Downfall","Hermit","Hubris","Koishi","Minty Spire (QoL Compilation)","Prisma Mod","Relic Stats","Spire Arcade","StSLib","SuperFastMode","The Cursed","The Jungle","The Mystic","The Runesmith","The Senshi","The Servant 0.9.4","WarShipGirlsR/??¤Ö¤kR mod"],"gold_per_floor":[116,41,41,173,192,192,217,217],"floor_reached":7,"language":"ZHS","playtime":334,"items_purged":["theSenshi:SailorKick"],"score":49,"play_id":"07ccb753-ffd0-4c35-ada6-cafc2872d57a","local_time":"20210211153537","is_ascension_mode":false,"campfire_choices":[{"data":"theSenshi:SailorChibiMoonAssists","floor":6,"key":"SMITH"}],"circlet_count":0,"master_deck":["theSenshi:SailorKick","theSenshi:SailorKick","theSenshi:SailorKick","theSenshi:SailorBlock","theSenshi:SailorBlock+1","theSenshi:SailorBlock","theSenshi:SailorBlock","theSenshi:RoseThrow+1","theSenshi:MoonPrismPowerMakeUp","theSenshi:SailorPlanetAttack","theSenshi:SailorChibiMoonAssists+1"],"relics":["theSenshi:TransformationBroochRelic","hubris:DeckOfHolding"],"acts_visited":["Exordium"],"potions_floor_usage":[],"damage_taken":[{"damage":0.0,"enemies":"Cultist","floor":1.0,"turns":3.0},{"damage":10,"enemies":"Jaw Worm","floor":5,"turns":5},{"damage":38,"enemies":"Gremlin Nob","floor":7,"turns":5}],"seed_played":"2309770941330491248","potions_obtained":[{"floor":1.0,"key":"PowerPotion"},{"floor":7,"key":"LiquidMemories"}],"is_trial":false,"path_per_floor":["M","$","?","?","M","R","E"],"character_chosen":"THE_SENSHI","items_purchased":[],"campfire_rested":0,"item_purchase_floors":[],"current_hp_per_floor":[82,82,66,66,56,56,18,18],"gold":217,"neow_bonus":"TEN_PERCENT_HP_BONUS","is_daily":false,"chose_seed":false,"campfire_upgraded":1,"win_rate":0.0,"timestamp":1613028937,"path_taken":["M","?","?","?","M","R","E"],"items_purchased_type":[],"build_version":"2020-12-22","purchased_purges":1,"victory":false,"max_hp_per_floor":[82,82,82,82,82,82,82,82],"relic_stats":{"counters":[3,13],"obtain_stats":[{"theSenshi:TransformationBroochRelic":0,"hubris:DeckOfHolding":7},{"theSenshi:TransformationBroochRelic":0,"hubris:DeckOfHolding":3},{"theSenshi:TransformationBroochRelic":0,"hubris:DeckOfHolding":13}]},"card_choices":[{"not_picked":["theSenshi:SailorPlanetPower","theSenshi:LateForSchool"],"picked":"theSenshi:SailorPlanetAttack","floor":1.0},{"not_picked":["theSenshi:SchoolBag","theSenshi:YouCanTalk"],"picked":"theSenshi:SailorChibiMoonAssists","floor":5}],"player_experience":390499,"relics_obtained":[{"floor":7,"key":"hubris:DeckOfHolding"}],"event_choices":[{"damage_healed":0.0,"max_hp_gain":0.0,"max_hp_loss":0.0,"gold_gain":0.0,"event_name":"Shining Light","player_choice":"Entered Light","floor":3.0,"gold_loss":0.0,"damage_taken":16.0,"cards_upgraded":["theSenshi:SailorBlock","theSenshi:RoseThrow"]}],"is_beta":false,"boss_relics":[],"items_purged_floors":[2],"is_endless":false,"potions_floor_spawned":[1,7],"killed_by":"Gremlin Nob","ascension_level":0}}