{"host":"szp1d6dso4pv7ddl","time":1613013877,"event":{"mods":["AchievementEnabler","Alarm Clock","BaseMod","Bestiary","Block Reminder","Colored Map","Colored Powertips","Curses Come First","Dark Map","Displayed Cursed Tome","Highlight Path","Minty Spire (QoL Compilation)","Permanent Neow","Quick Restart","Relic Sorter","Relic Stats","StSLib","Synergy Search"],"gold_per_floor":[117,133,133,133,149,149,181,181,205,216,249,263,274,286,286,365,365,383,433,100,126,49,49,77,93,116,116,116,131,131,145,145,218,218,233,233,233,26,40,40,54,89,112,130,130,144,144,156,156,156,156,156,16,47,47,47],"floor_reached":55,"language":"ENG","playtime":4367,"items_purged":["Defend_G","Strike_G"],"score":1363,"play_id":"6f2423ac-7e00-4fa6-8a19-126d9bdd75d9","local_time":"20210210192437","is_ascension_mode":true,"campfire_choices":[{"floor":6.0,"key":"REST"},{"floor":8.0,"key":"REST"},{"floor":15.0,"key":"REST"},{"floor":23.0,"key":"REST"},{"floor":27.0,"key":"REST"},{"floor":32.0,"key":"REST"},{"floor":40.0,"key":"RECALL"},{"floor":45.0,"key":"REST"},{"data":"After Image","floor":49.0,"key":"SMITH"},{"floor":52.0,"key":"REST"}],"circlet_count":0,"master_deck":["AscendersBane","Strike_G","Strike_G","Strike_G","Defend_G","Defend_G","Defend_G","Defend_G","Survivor","Neutralize","CurseOfTheBell","Dagger Spray","Envenom","Backflip","Dagger Spray","Terror+1","Cloak And Dagger+1","Setup+1","Blade Dance+1","Doppelganger+1","Blade Dance+1","Dodge and Roll+1","Escape Plan+1","Adrenaline+1","Escape Plan+1","Backflip+1","Cloak And Dagger+1","Accuracy","After Image+1","Swift Strike","Trip+1","Finesse+1","Footwork","Backflip+1","Prepared+1","Dodge and Roll+1","Calculated Gamble+1","Blade Dance+1","Corpse Explosion+1","Tactician+1","Well Laid Plans","Caltrops"],"relics":["Calling Bell","Bag of Preparation","Kunai","CaptainsWheel","Orichalcum","CultistMask","Toxic Egg 2","Strawberry","Lantern","SacredBark","Letter Opener","Red Mask","Torii","Omamori","Black Star","Snake Skull","Paper Crane","Blue Candle","Pear"],"acts_visited":["Exordium","TheCity","TheBeyond","TheEnding"],"potions_floor_usage":[54,55],"damage_taken":[{"damage":2.0,"enemies":"2 Louse","floor":1.0,"turns":4.0},{"damage":16.0,"enemies":"Cultist","floor":2.0,"turns":5.0},{"damage":4.0,"enemies":"Jaw Worm","floor":5.0,"turns":6.0},{"damage":29.0,"enemies":"Gremlin Nob","floor":7.0,"turns":6.0},{"damage":5.0,"enemies":"Exordium Thugs","floor":10.0,"turns":4.0},{"damage":4.0,"enemies":"3 Sentries","floor":11.0,"turns":4.0},{"damage":0.0,"enemies":"Large Slime","floor":12.0,"turns":6.0},{"damage":0.0,"enemies":"3 Louse","floor":13.0,"turns":2.0},{"damage":0.0,"enemies":"Blue Slaver","floor":14.0,"turns":3.0},{"damage":8.0,"enemies":"The Guardian","floor":16.0,"turns":9.0},{"damage":5.0,"enemies":"2 Thieves","floor":18.0,"turns":4.0},{"damage":32.0,"enemies":"Masked Bandits","floor":21.0,"turns":5.0},{"damage":27.0,"enemies":"Book of Stabbing","floor":24.0,"turns":5.0},{"damage":0.0,"enemies":"Spheric Guardian","floor":25.0,"turns":4.0},{"damage":1.0,"enemies":"Snecko","floor":29.0,"turns":5.0},{"damage":19.0,"enemies":"Snake Plant","floor":31.0,"turns":2.0},{"damage":10.0,"enemies":"Champ","floor":33.0,"turns":10.0},{"damage":0.0,"enemies":"3 Shapes","floor":35.0,"turns":4.0},{"damage":1.0,"enemies":"Orb Walker","floor":39.0,"turns":4.0},{"damage":0.0,"enemies":"Spire Growth","floor":41.0,"turns":4.0},{"damage":8.0,"enemies":"Nemesis","floor":42.0,"turns":3.0},{"damage":0.0,"enemies":"4 Shapes","floor":44.0,"turns":3.0},{"damage":0.0,"enemies":"3 Darklings","floor":46.0,"turns":3.0},{"damage":1.0,"enemies":"Writhing Mass","floor":48.0,"turns":7.0},{"damage":54.0,"enemies":"Awakened One","floor":50.0,"turns":15.0},{"damage":21,"enemies":"Shield and Spear","floor":54,"turns":4},{"damage":76,"enemies":"The Heart","floor":55,"turns":6}],"seed_played":"-6145087782771692687","potions_obtained":[{"floor":2.0,"key":"Fire Potion"},{"floor":10.0,"key":"LiquidMemories"},{"floor":12.0,"key":"ColorlessPotion"},{"floor":13.0,"key":"AttackPotion"},{"floor":21.0,"key":"Fire Potion"},{"floor":24.0,"key":"LiquidBronze"},{"floor":29.0,"key":"Explosive Potion"},{"floor":35.0,"key":"Explosive Potion"},{"floor":39.0,"key":"SteroidPotion"},{"floor":48.0,"key":"BlessingOfTheForge"}],"is_trial":false,"path_per_floor":["M","M","?","?","M","R","E","R","T","M","E","M","M","M","R","B",null,"M","?","$","?","$","R","E","M","T","R","?","M","$","M","R","B",null,"M","?","?","$","M","R","M","E","T","M","R","M","?","M","R","B",null,"R","$","E","B"],"character_chosen":"THE_SILENT","items_purchased":["Dodge and Roll+1","Letter Opener","Adrenaline+1","Footwork","Backflip+1","Well Laid Plans"],"campfire_rested":8,"item_purchase_floors":[20,20,22,38,38,53],"current_hp_per_floor":[57,41,23,23,19,38,9,28,35,30,26,26,26,26,47,39,65,60,60,60,28,28,49,22,22,22,43,43,42,42,23,44,34,63,63,53,53,53,52,52,52,44,44,44,65,65,65,64,64,10,57,73,73,62,0,0],"gold":47,"neow_bonus":"BOSS_RELIC","is_daily":false,"chose_seed":false,"campfire_upgraded":1,"win_rate":0.0,"timestamp":1613013877,"path_taken":["M","M","?","?","M","R","E","R","T","M","E","M","?","M","R","BOSS","M","?","$","?","?","R","E","?","T","R","?","M","$","M","R","BOSS","M","?","?","$","?","R","M","E","T","M","R","M","?","M","R","BOSS","R","$","E","BOSS"],"items_purchased_type":["Card","Relic","Card","Card","Card","Card"],"build_version":"2020-12-22","purchased_purges":2,"victory":false,"max_hp_per_floor":[66,66,66,66,66,66,66,66,73,73,73,73,73,73,73,73,73,73,73,73,73,73,73,73,73,73,73,73,73,73,73,73,73,73,73,73,73,73,73,73,73,73,73,73,73,73,73,73,73,73,73,73,73,83,83,83],"relic_stats":{"Torii":88,"counters":[27,137],"Blue Candle":[1],"Snake Skull":[98],"Bag of Preparation":[54],"Black Star":2,"Kunai":[96],"Letter Opener":[378],"Orichalcum":[114],"obtain_stats":[{"Lantern":11,"Pear":54,"Torii":24,"SacredBark":17,"Blue Candle":54,"Snake Skull":42,"Bag of Preparation":0,"Omamori":26,"Letter Opener":20,"Orichalcum":3,"Paper Crane":42,"Calling Bell":0,"CaptainsWheel":0,"Strawberry":9,"CultistMask":4,"Red Mask":21,"Black Star":34,"Kunai":0,"Toxic Egg 2":7,"Ring of the Snake":0},{"Lantern":6,"Pear":26,"Torii":13,"SacredBark":10,"Blue Candle":26,"Snake Skull":21,"Bag of Preparation":0,"Omamori":14,"Letter Opener":11,"Orichalcum":2,"Paper Crane":21,"Calling Bell":0,"CaptainsWheel":0,"Strawberry":4,"CultistMask":2,"Red Mask":12,"Black Star":17,"Kunai":0,"Toxic Egg 2":4,"Ring of the Snake":0},{"Lantern":29,"Pear":131,"Torii":63,"SacredBark":49,"Blue Candle":131,"Snake Skull":99,"Bag of Preparation":0,"Omamori":67,"Letter Opener":53,"Orichalcum":9,"Paper Crane":99,"Calling Bell":0,"CaptainsWheel":0,"Strawberry":21,"CultistMask":9,"Red Mask":58,"Black Star":84,"Kunai":0,"Toxic Egg 2":21,"Ring of the Snake":0}]},"card_choices":[{"not_picked":["Slice","Deflect"],"picked":"Dagger Spray","floor":1.0},{"not_picked":["Bane","Expertise"],"picked":"Envenom","floor":2.0},{"not_picked":["Slice","Flying Knee"],"picked":"Backflip","floor":5.0},{"not_picked":["Outmaneuver+1","Quick Slash"],"picked":"Dagger Spray","floor":7.0},{"not_picked":["Sucker Punch","Dash"],"picked":"Terror+1","floor":10.0},{"not_picked":["Acrobatics+1","Tools of the Trade"],"picked":"Cloak And Dagger+1","floor":11.0},{"not_picked":["Dagger Spray","Caltrops"],"picked":"Bane","floor":12.0},{"not_picked":["Reflex+1","PiercingWail+1"],"picked":"Setup+1","floor":13.0},{"not_picked":["Dash","Flying Knee"],"picked":"Blade Dance+1","floor":14.0},{"not_picked":["Grand Finale","Envenom"],"picked":"Doppelganger+1","floor":16.0},{"not_picked":["Bane","Acrobatics+1"],"picked":"Blade Dance+1","floor":18.0},{"not_picked":["Backflip+1","Dagger Throw"],"picked":"Escape Plan+1","floor":21.0},{"not_picked":["Storm of Steel+1","Skewer"],"picked":"Escape Plan+1","floor":24.0},{"not_picked":["Bouncing Flask+1","Flechettes+1"],"picked":"Backflip+1","floor":25.0},{"not_picked":["Dagger Spray","Flying Knee"],"picked":"Cloak And Dagger+1","floor":29.0},{"not_picked":["Quick Slash","Underhanded Strike"],"picked":"Accuracy","floor":31.0},{"not_picked":["Tools of the Trade","Wraith Form v2"],"picked":"After Image","floor":33.0},{"not_picked":["Poisoned Stab","Predator","Underhanded Strike"],"picked":"SKIP","floor":35.0},{"not_picked":["Mind Blast","Chrysalis+1"],"picked":"Swift Strike","floor":36.0},{"not_picked":["Purity+1","Jack Of All Trades+1"],"picked":"Trip+1","floor":36.0},{"not_picked":["Trip+1","Blind+1"],"picked":"Finesse+1","floor":36.0},{"not_picked":["Poisoned Stab","Skewer"],"picked":"Prepared+1","floor":39.0},{"not_picked":["Riddle With Holes+1","Dagger Spray+1"],"picked":"Dodge and Roll+1","floor":41.0},{"not_picked":["Slice","Leg Sweep+1"],"picked":"Calculated Gamble+1","floor":42.0},{"not_picked":["Cloak And Dagger+1","Calculated Gamble+1"],"picked":"Blade Dance+1","floor":44.0},{"not_picked":["Bane+1","Dagger Throw"],"picked":"Corpse Explosion+1","floor":46.0},{"not_picked":["Footwork","Underhanded Strike+1"],"picked":"Tactician+1","floor":48.0},{"not_picked":["Poisoned Stab","Outmaneuver+1"],"picked":"Caltrops","floor":54}],"player_experience":1414673,"relics_obtained":[{"floor":0.0,"key":"Bag of Preparation"},{"floor":0.0,"key":"Kunai"},{"floor":0.0,"key":"CaptainsWheel"},{"floor":7.0,"key":"Toxic Egg 2"},{"floor":9.0,"key":"Strawberry"},{"floor":11.0,"key":"Lantern"},{"floor":21.0,"key":"Red Mask"},{"floor":24.0,"key":"Torii"},{"floor":26.0,"key":"Omamori"},{"floor":42.0,"key":"Snake Skull"},{"floor":42.0,"key":"Paper Crane"},{"floor":54,"key":"Blue Candle"},{"floor":54,"key":"Pear"}],"event_choices":[{"damage_healed":0.0,"max_hp_gain":0.0,"max_hp_loss":0.0,"gold_gain":0.0,"event_name":"Scrap Ooze","player_choice":"Success","floor":3.0,"gold_loss":0.0,"damage_taken":18.0,"relics_obtained":["Orichalcum"]},{"damage_healed":0.0,"max_hp_gain":0.0,"max_hp_loss":0.0,"gold_gain":0.0,"event_name":"FaceTrader","player_choice":"Trade","floor":4.0,"gold_loss":0.0,"damage_taken":0.0,"relics_obtained":["CultistMask"]},{"damage_healed":0.0,"max_hp_gain":0.0,"max_hp_loss":0.0,"gold_gain":50.0,"event_name":"Nest","player_choice":"Stole From Cult","floor":19.0,"gold_loss":0.0,"damage_taken":0.0},{"damage_healed":0.0,"max_hp_gain":0.0,"max_hp_loss":0.0,"gold_gain":0.0,"event_name":"Masked Bandits","player_choice":"Fought Bandits","floor":21.0,"gold_loss":0.0,"damage_taken":0.0},{"damage_healed":0.0,"max_hp_gain":0.0,"max_hp_loss":0.0,"gold_gain":0.0,"event_name":"Cursed Tome","player_choice":"Ignored","floor":28.0,"gold_loss":0.0,"damage_taken":0.0},{"damage_healed":0.0,"max_hp_gain":0.0,"max_hp_loss":0.0,"gold_gain":0.0,"event_name":"SensoryStone","player_choice":"Memory 3","floor":36.0,"gold_loss":0.0,"damage_taken":10.0},{"cards_removed":["Strike_G"],"damage_healed":0.0,"max_hp_gain":0.0,"max_hp_loss":0.0,"gold_gain":0.0,"event_name":"Purifier","player_choice":"Purged","floor":37.0,"gold_loss":0.0,"damage_taken":0.0},{"cards_removed":["Bane"],"damage_healed":0.0,"max_hp_gain":0.0,"max_hp_loss":0.0,"gold_gain":0.0,"event_name":"Falling","player_choice":"Removed Attack","floor":47.0,"gold_loss":0.0,"damage_taken":0.0}],"is_beta":false,"boss_relics":[{"not_picked":["Runic Dome","Busted Crown"],"picked":"SacredBark"},{"not_picked":["Tiny House","Philosopher\u0027s Stone"],"picked":"Black Star"}],"items_purged_floors":[38,53],"is_endless":false,"potions_floor_spawned":[2,10,12,13,21,24,29,35,39,48],"killed_by":"The Heart","ascension_level":18}}