{"host":"t7tlgebqkr0de6rl","time":1613029478,"event":{"mods":["BaseMod","Gold Saver","Hero for Fun","Minty Spire (QoL Compilation)","Quick Restart","Relic Filter Mod","Shop Mod","Spicy Shops","StSLib","Thieving Mod","Uncapped","[IsaacMod]ÒÔÈö¼âËþ"],"gold_per_floor":[115,115,115,115,115,143,143,174,174,190,265,3,28,51,51,146,146,164,233,268,268,328,355,365,385,385,385,385,79,91,102,102,199,199,215,437,487,498,359,359,86,86,86,86,86],"floor_reached":44,"language":"ZHS","playtime":843,"items_purged":["DoctorFetus","Strike_R","Strike_R","Strike_R+1"],"score":642,"play_id":"bddfb416-07b0-46c1-8a6f-464742d0202e","local_time":"20210211154438","is_ascension_mode":true,"campfire_choices":[{"data":"Twin Strike","floor":7,"key":"SMITH"},{"data":"Strike_R","floor":15,"key":"SMITH"},{"data":"Limit Break","floor":32,"key":"SMITH"},{"data":"Uppercut","floor":40,"key":"SMITH"}],"circlet_count":0,"master_deck":["Strike_R+1","Defend_R","Defend_R","Defend_R","Bash+1","Twin Strike+1","Limit Break+1","Pummel+1","Thunderclap","Twin Strike","Inflame+1","Uppercut","Twin Strike","Twin Strike+1","Immolate","Twin Strike+1","Uppercut+1","Writhe"],"relics":["Burning Blood","HushsDoor","NeowsBlessing","Paper Frog","Juzu Bracelet","Singing Bowl","Vajra","Gremlin Horn","MerchantsRug","Brimstone","SharpPlug","Odd Mushroom","Red Mask","Frozen Egg 2","MutagenicStrength","Toxic Egg 2","Mark of Pain","ForgetMeNow","SteamSale","Blue Candle","TuHaoJin"],"acts_visited":["Exordium","TheCity","TheBeyond"],"potions_floor_usage":[16,20,33,33],"damage_taken":[{"damage":0,"enemies":"2 Louse","floor":1,"turns":1},{"damage":0,"enemies":"Gremlin Nob","floor":6,"turns":1},{"damage":0,"enemies":"3 Sentries","floor":8,"turns":1},{"damage":0,"enemies":"Cultist","floor":10,"turns":2},{"damage":20,"enemies":"Lagavulin","floor":13,"turns":3},{"damage":0,"enemies":"The Mushroom Lair","floor":14,"turns":2},{"damage":71,"enemies":"Hexaghost","floor":16,"turns":5},{"damage":14,"enemies":"Chosen","floor":18,"turns":2},{"damage":0,"enemies":"Masked Bandits","floor":20,"turns":2},{"damage":25,"enemies":"Slavers","floor":23,"turns":3},{"damage":0,"enemies":"Spheric Guardian","floor":24,"turns":2},{"damage":18,"enemies":"Centurion and Healer","floor":25,"turns":2},{"damage":18,"enemies":"Snake Plant","floor":30,"turns":2},{"damage":10,"enemies":"Cultist and Chosen","floor":31,"turns":2},{"damage":0,"enemies":"Champ","floor":33,"turns":3},{"damage":32,"enemies":"3 Shapes","floor":35,"turns":2},{"damage":31,"enemies":"Mind Bloom Boss Battle","floor":37,"turns":3},{"damage":0,"enemies":"3 Darklings","floor":38,"turns":2},{"damage":75,"enemies":"Nemesis","floor":44,"turns":4}],"seed_played":"9016090563479632991","potions_obtained":[{"floor":1,"key":"Ancient Potion"},{"floor":6,"key":"ColorlessPotion"},{"floor":13,"key":"FearPotion"},{"floor":16,"key":"Explosive Potion"},{"floor":23,"key":"Energy Potion"},{"floor":25,"key":"Block Potion"},{"floor":30,"key":"BlessingOfTheForge"},{"floor":37,"key":"BlessingOfTheForge"}],"is_trial":false,"path_per_floor":["M","?","$","$","?","E","R","E","T","M","?","$","E","?","R","B",null,"M","$","?","$","?","E","M","M","T","?","?","$","M","M","R","B",null,"M","?","?","M","$","R","$","?","T","E"],"character_chosen":"IRONCLAD","items_purchased":["MerchantsRug","Brimstone","Strawberry","Toxic Egg 2","Twin Strike","Uppercut","SteamSale","Blue Candle"],"campfire_rested":0,"item_purchase_floors":[12,12,12,29,29,39,41,41],"current_hp_per_floor":[80,80,80,80,64,70,70,78,78,84,73,80,66,74,74,9,93,85,85,91,91,76,57,63,51,51,51,51,51,39,37,37,43,90,66,66,43,49,49,49,49,73,73,0,0],"gold":86,"neow_bonus":"THREE_ENEMY_KILL","is_daily":false,"chose_seed":false,"campfire_upgraded":4,"win_rate":0.0,"timestamp":1613029478,"path_taken":["M","?","?","$","?","E","R","E","T","M","?","$","E","?","R","BOSS","M","$","?","$","?","E","M","M","T","?","?","$","M","M","R","BOSS","M","?","?","M","$","R","$","?","T","E"],"items_purchased_type":["Relic","Relic","Relic","Relic","Card","Card","Relic","Relic"],"build_version":"2020-12-22","purchased_purges":4,"victory":false,"max_hp_per_floor":[80,80,80,80,80,80,80,82,82,84,84,91,91,93,93,93,93,93,93,93,93,93,93,93,93,93,93,93,93,93,95,95,95,90,92,92,94,94,94,94,94,94,94,94,94],"card_choices":[{"not_picked":[],"picked":"DoctorFetus","floor":0},{"not_picked":["Burning Pact","Bomb"],"picked":"Twin Strike","floor":1},{"not_picked":["Carnage","Rage","Warcry"],"picked":"SKIP","floor":6},{"not_picked":["Sever Soul","Berserk","True Grit"],"picked":"Singing Bowl","floor":8},{"not_picked":["Clash","Fire Breathing","Disarm"],"picked":"Singing Bowl","floor":10},{"not_picked":["Body Slam","Shrug It Off"],"picked":"Bomb","floor":13},{"not_picked":["Headbutt","Exhume","Iron Wave"],"picked":"Singing Bowl","floor":14},{"not_picked":["Juggernaut","Exhume"],"picked":"Limit Break","floor":16},{"not_picked":["Wild Strike","Clothesline"],"picked":"Pummel+1","floor":18},{"not_picked":["Clothesline+1","Burning Pact"],"picked":"Thunderclap","floor":20},{"not_picked":["Exhume","Uppercut"],"picked":"Twin Strike","floor":23},{"not_picked":["Wild Strike","Iron Wave"],"picked":"Inflame+1","floor":24},{"not_picked":["Second Wind","Rupture+1"],"picked":"Uppercut","floor":25},{"not_picked":["Sword Boomerang","Flex+1"],"picked":"Twin Strike+1","floor":30},{"not_picked":["Armaments+1","Rupture+1","Dark Embrace+1"],"picked":"Singing Bowl","floor":31},{"not_picked":["Fiend Fire","Exhume+1"],"picked":"Immolate","floor":33},{"not_picked":["Cleave","Perfected Strike+1","Rupture+1"],"picked":"Singing Bowl","floor":35},{"not_picked":["Perfected Strike+1","Evolve+1","True Grit+1"],"picked":"Singing Bowl","floor":37},{"not_picked":["Shrug It Off+1","Thunderclap+1"],"picked":"Twin Strike+1","floor":38}],"player_experience":38159,"relics_obtained":[{"floor":1,"key":"Paper Frog"},{"floor":6,"key":"TheBean"},{"floor":6,"key":"Juzu Bracelet"},{"floor":8,"key":"Singing Bowl"},{"floor":8,"key":"Dream Catcher"},{"floor":9,"key":"Vajra"},{"floor":10,"key":"Gremlin Horn"},{"floor":13,"key":"SharpPlug"},{"floor":14,"key":"Odd Mushroom"},{"floor":20,"key":"Red Mask"},{"floor":23,"key":"Frozen Egg 2"},{"floor":37,"key":"ForgetMeNow"},{"floor":43,"key":"TuHaoJin"}],"event_choices":[{"damage_healed":0,"gold_gain":0,"player_choice":"Ignored","damage_taken":0,"max_hp_gain":0,"max_hp_loss":0,"event_name":"Transmorgrifier","floor":2,"gold_loss":0},{"damage_healed":0,"gold_gain":0,"player_choice":"Entered Light","damage_taken":16,"max_hp_gain":0,"max_hp_loss":0,"event_name":"Shining Light","floor":5,"gold_loss":0,"cards_upgraded":["Strike_R","Bash"]},{"damage_healed":0,"gold_gain":75,"player_choice":"Gather Gold","damage_taken":11,"max_hp_gain":0,"max_hp_loss":0,"event_name":"World of Goop","floor":11,"gold_loss":0},{"damage_healed":0,"gold_gain":0,"player_choice":"Fought Mushrooms","damage_taken":0,"max_hp_gain":0,"max_hp_loss":0,"event_name":"Mushrooms","floor":14,"gold_loss":0},{"damage_healed":0,"gold_gain":0,"player_choice":"Fought Bandits","damage_taken":0,"max_hp_gain":0,"max_hp_loss":0,"event_name":"Masked Bandits","floor":20,"gold_loss":0},{"damage_healed":0,"gold_gain":0,"player_choice":"Ignored","damage_taken":0,"max_hp_gain":0,"max_hp_loss":0,"event_name":"Ghosts","floor":27,"gold_loss":0},{"damage_healed":0,"gold_gain":0,"player_choice":"Inject Mutagens","damage_taken":0,"relics_obtained":["MutagenicStrength"],"max_hp_gain":0,"max_hp_loss":0,"event_name":"Drug Dealer","floor":28,"gold_loss":0},{"damage_healed":0,"gold_gain":222,"player_choice":"Wore Mask","damage_taken":0,"max_hp_gain":0,"max_hp_loss":0,"event_name":"Tomb of Lord Red Mask","floor":36,"gold_loss":0},{"damage_healed":0,"gold_gain":0,"player_choice":"Fight","damage_taken":0,"max_hp_gain":0,"max_hp_loss":0,"event_name":"MindBloom","floor":37,"gold_loss":0},{"damage_healed":24,"gold_gain":0,"player_choice":"Writhe","damage_taken":0,"max_hp_gain":0,"max_hp_loss":0,"event_name":"Winding Halls","floor":42,"gold_loss":0,"cards_obtained":["Writhe"]}],"is_beta":false,"boss_relics":[{"not_picked":["Ectoplasm","Pandora\u0027s Box"],"picked":"Empty Cage"},{"not_picked":[]},{"not_picked":["Velvet Choker","Runic Cube"],"picked":"Mark of Pain"},{"not_picked":[]}],"items_purged_floors":[12,34,39,41],"is_endless":false,"potions_floor_spawned":[1,6,13,16,23,25,30,37],"killed_by":"Nemesis","ascension_level":2}}