{"host":"xo0glkmxta74xh34","time":1613077563,"event":{"mods":["BaseMod","Downfall","Minty Spire (QoL Compilation)","Reliquary","Replay The Spire","StSLib"],"gold_per_floor":[99,115,127,127,138,138,138,138,156,156,195,195,214,254,278,382,382,382,404,49,96,96,157,157,185,122,157,206,268,312,312,352,483,483,483,518,527,42,75,110,136,203,229,229,270,322,16,75,99,137],"floor_reached":51,"language":"ENG","playtime":3046,"items_purged":[],"score":1266,"play_id":"33f55bda-0bda-43ce-b6b5-49baba4beb72","local_time":"20210211150603","daily_mods":["Shiny","Vintage","Heirloom","DeadlyEvents"],"is_ascension_mode":true,"campfire_choices":[{"data":"Guardian:TimeSifter","floor":1,"key":"SMITH"},{"data":"Guardian:HyperBeam_Guardian","floor":6,"key":"SMITH"},{"data":"Guardian:BaubleBeam","floor":10,"key":"SMITH"},{"data":"Guardian:BronzeOrb","floor":12,"key":"SMITH"},{"data":"Guardian:ExploitGems","floor":18,"key":"SMITH"},{"data":"Guardian:StasisStrike","floor":35,"key":"SMITH"},{"data":"Guardian:GemFire","floor":44,"key":"SMITH"}],"circlet_count":0,"master_deck":["Guardian:SphericShield","Guardian:FastForward+1","Guardian:ExploitGems+1","Guardian:AncientConstruct+1","Guardian:GemFinder","Guardian:FierceBash","Guardian:StasisStrike+1","Guardian:GemFire+1","Guardian:HyperBeam_Guardian+1","Guardian:StasisField+1","Guardian:RevengeProtocol+1","Guardian:ConstructionForm","Guardian:StasisEngine","Guardian:GatlingBeam+1","Guardian:TimeSifter+1","Guardian:CompilePackage","Guardian:BaubleBeam+1","Guardian:BronzeOrb+1","Guardian:RevengeProtocol","Guardian:PrismaticBarrier","Guardian:SpikerProtocol","Guardian:Gem_Lightblue","Guardian:SpikerProtocol","Guardian:RevengeProtocol+1","Guardian:FuturePlans+1","expansioncontent:DashGenerateEvil+1","Guardian:Gem_Lightblue","Guardian:ArmoredProtocol+1","Guardian:Gem_Lightblue","Guardian:EvasiveProtocol","Guardian:GatlingBeam+1","Guardian:Gem_Lightblue","Parasite","Guardian:Gem_Yellow","Guardian:Clone+1","Guardian:Gem_Lightblue","Guardian:Gem_Synthetic"],"relics":["Guardian:ModeShifter","Turnip","Bag of Marbles","reliquary:PurpleTingedLeaf","Pantograph","Replay:Bottled Eggs","WarpedTongs","Replay:Bandana","Slimebound:PreparedRelic","Vajra","Ancient Tea Set","Black Star","CeramicFish","ClockworkSouvenir","War Paint","StoneCalendar","Golden Egg","reliquary:BallBearing","Slimebound:StickyStick","PreservedInsect","Tiny Chest","Replay:Ringing Soul","Nunchaku","WingedGreaves","bronze:BronzeIdol","Replay:Kaleidoscope","reliquary:FerryPass","reliquary:RedPaperclip","ReplayTheSpireMod:TigerMarble","reliquary:JackalopeAntler","Chameleon Ring","Singing Bowl","Oddly Smooth Stone","Replay:Rubber Ducky","Lantern","Pen Nib","reliquary:WeakTea","reliquary:RoseTintedGlasses","Potion Belt","Quantum Egg","Toy Ornithopter","Iron Hammer","ReplayTheSpireMod:Shallot","Pocketwatch","Gremlin Food","Replay:WaspNest"],"acts_visited":["Exordium","TheCity","TheBeyond"],"potions_floor_usage":[16,23,33,40,50],"damage_taken":[{"damage":4,"enemies":"Jaw Worm","floor":2,"turns":4},{"damage":0,"enemies":"Small Slimes","floor":3,"turns":1},{"damage":0,"enemies":"Cultist","floor":5,"turns":4},{"damage":0,"enemies":"3 Louse","floor":9,"turns":1},{"damage":11,"enemies":"3 Sentries","floor":11,"turns":3},{"damage":1,"enemies":"Exordium Thugs","floor":13,"turns":2},{"damage":0,"enemies":"Gremlin Nob","floor":14,"turns":3},{"damage":0,"enemies":"2 Fungi Beasts","floor":15,"turns":2},{"damage":18,"enemies":"IC_STATUS_ARCHETYPE","floor":16,"turns":5},{"damage":0,"enemies":"Spheric Guardian","floor":19,"turns":1},{"damage":11,"enemies":"downfall:FleeingMerchant","floor":20,"turns":4},{"damage":5,"enemies":"3 Byrds","floor":21,"turns":3},{"damage":16,"enemies":"Slavers","floor":23,"turns":4},{"damage":11,"enemies":"Shelled Parasite and Fungi","floor":25,"turns":5},{"damage":0,"enemies":"downfall:FleeingMerchant","floor":26,"turns":4},{"damage":13,"enemies":"Centurion and Healer","floor":27,"turns":4},{"damage":0,"enemies":"3 Cultists","floor":28,"turns":4},{"damage":8,"enemies":"Replay:Snechameleon","floor":29,"turns":2},{"damage":0,"enemies":"Book of Stabbing","floor":30,"turns":4},{"damage":3,"enemies":"Cultist and Chosen","floor":32,"turns":2},{"damage":28,"enemies":"DF_ARCHETYPE_CLAW","floor":33,"turns":5},{"damage":0,"enemies":"Orb Walker","floor":36,"turns":2},{"damage":12,"enemies":"3 Darklings","floor":39,"turns":4},{"damage":7,"enemies":"Nemesis","floor":40,"turns":5},{"damage":0,"enemies":"Reptomancer","floor":42,"turns":5},{"damage":0,"enemies":"R_Hoarder","floor":45,"turns":4},{"damage":0,"enemies":"Reptomancer","floor":46,"turns":4},{"damage":0,"enemies":"R_Hoarder","floor":48,"turns":2},{"damage":0,"enemies":"Sphere and 2 Shapes","floor":49,"turns":2},{"damage":0,"enemies":"WA_ARCHETYPE_DIVINITY","floor":50,"turns":6}],"seed_played":"-2998865425714472504","potions_obtained":[{"floor":5,"key":"Fire Potion"},{"floor":13,"key":"Ancient Potion"},{"floor":14,"key":"Slimebound:ThreeZeroPotion"},{"floor":16,"key":"Ancient Potion"},{"floor":21,"key":"AttackPotion"},{"floor":23,"key":"Venom Potion"},{"floor":33,"key":"AttackPotion"},{"floor":36,"key":"Guardian:DefensiveModePotion"},{"floor":42,"key":"Guardian:BlockOnCardUsePotion"},{"floor":48,"key":"SteroidPotion"}],"is_trial":true,"path_per_floor":["R","M","M","?","M","R","T","?","M","R","E","R","M","E","M","B",null,"R","M","$","M","?","E","T","M","$","M","M","E","E","?","M","B",null,"R","M","?","$","M","E","T","E","T","R","E","E","$","E","M","B",null],"character_chosen":"GUARDIAN","items_purchased":["ClockworkSouvenir","War Paint","Guardian:SpikerProtocol","PreservedInsect","Guardian:FuturePlans","expansioncontent:DashGenerateEvil","reliquary:JackalopeAntler","Chameleon Ring","ReplayTheSpireMod:Shallot","Block Potion","Guardian:Gem_Lightblue"],"campfire_rested":0,"item_purchase_floors":[20,20,20,26,26,26,38,38,47,47,47],"current_hp_per_floor":[80,76,76,81,83,83,83,83,83,83,73,73,72,74,74,67,85,85,85,74,70,70,54,54,45,46,34,37,42,46,46,44,45,97,97,97,100,100,88,85,85,89,89,89,93,99,102,105,106,122],"gold":137,"neow_bonus":"","is_daily":false,"chose_seed":false,"campfire_upgraded":7,"win_rate":0.0,"timestamp":1613077563,"path_taken":["R","M","M","?","M","R","T","?","M","R","E","R","M","?","M","BOSS","R","M","$","M","?","E","T","M","$","M","M","E","E","?","M","BOSS","R","M","?","$","M","E","T","?","?","R","E","E","$","E","M","BOSS"],"items_purchased_type":["Relic","Relic","Card","Relic","Card","Card","Relic","Relic","Relic","Potion","Card"],"build_version":"2020-12-22","purchased_purges":0,"victory":true,"max_hp_per_floor":[80,80,80,85,85,85,85,85,85,85,85,85,85,85,85,85,85,85,85,85,85,85,85,85,85,85,85,88,91,94,94,94,97,97,97,97,100,100,100,104,104,107,107,107,111,116,119,122,122,122],"card_choices":[{"not_picked":["Guardian:Gem_Cyan","Guardian:Gem_Green"],"picked":"Guardian:Gem_Red","floor":2},{"not_picked":["Guardian:Gem_Green","Guardian:Gem_Cyan"],"picked":"Guardian:Gem_Red","floor":5},{"not_picked":["Guardian:PiercingHide","Guardian:Preprogram"],"picked":"Guardian:BronzeOrb","floor":11},{"not_picked":["Guardian:TimeCapacitor","Guardian:PrismaticBarrier","Guardian:PolyBeam"],"picked":"SKIP","floor":14},{"not_picked":["Guardian:Gem_Red","Guardian:Gem_Green"],"picked":"Guardian:Gem_Lightblue","floor":16},{"not_picked":["Guardian:HyperBeam_Guardian","Guardian:StasisEngine"],"picked":"Guardian:RevengeProtocol","floor":16},{"not_picked":["Guardian:Gem_Green","Guardian:Orbwalk"],"picked":"Guardian:PrismaticBarrier","floor":20},{"not_picked":["Guardian:Gem_Red","Guardian:Gem_Cyan"],"picked":"Guardian:Gem_Lightblue","floor":21},{"not_picked":["Guardian:Gem_Green","Guardian:Gem_Red"],"picked":"Guardian:Gem_Lightblue","floor":23},{"not_picked":["Guardian:WalkerClaw","Guardian:PrimingBeam"],"picked":"Guardian:SpikerProtocol","floor":23},{"not_picked":["Guardian:Gem_Cyan","Guardian:Gem_Red"],"picked":"Guardian:Gem_Lightblue","floor":25},{"not_picked":["Guardian:CrystalBeam","Guardian:SentryBeam+1"],"picked":"Guardian:RevengeProtocol","floor":26},{"not_picked":["Guardian:Gem_Green","Guardian:Gem_Cyan"],"picked":"Guardian:Gem_Red","floor":27},{"not_picked":["Guardian:Gem_Cyan","Guardian:Gem_Red"],"picked":"Guardian:Gem_Lightblue","floor":28},{"not_picked":["Guardian:VentSteam+1","Guardian:PrimingBeam+1"],"picked":"Guardian:ArmoredProtocol+1","floor":29},{"not_picked":["Guardian:Gem_Green","Guardian:Gem_Cyan"],"picked":"Guardian:Gem_Lightblue","floor":29},{"not_picked":["Guardian:TemporalShield","Guardian:DonusPower"],"picked":"Guardian:EvasiveProtocol","floor":30},{"not_picked":["Guardian:StasisEngine","Guardian:StasisStrike"],"picked":"Guardian:GatlingBeam","floor":33},{"not_picked":["Guardian:Gem_Green","Guardian:Gem_Red"],"picked":"Guardian:Gem_Lightblue","floor":33},{"not_picked":["Guardian:RefractedBeam","Guardian:GemFire","Guardian:Reroute"],"picked":"Singing Bowl","floor":40},{"not_picked":["Guardian:Gem_Green","Guardian:Gem_Cyan","Guardian:Gem_Red"],"picked":"Singing Bowl","floor":40},{"not_picked":["Guardian:Gem_Blue","Guardian:Incinerate"],"picked":"Guardian:Gem_Yellow","floor":42},{"not_picked":["Guardian:Gem_Green","Guardian:Gem_Cyan","Guardian:Gem_Red"],"picked":"Singing Bowl","floor":45},{"not_picked":["Guardian:Orbwalk+1","Guardian:TimeCapacitor","Guardian:Preprogram+1"],"picked":"Singing Bowl","floor":45},{"not_picked":["Guardian:Gem_Lightblue","Guardian:Gem_Red","Guardian:Gem_Green"],"picked":"Singing Bowl","floor":46},{"not_picked":["Guardian:ChargeCore","Guardian:Planning"],"picked":"Guardian:Clone+1","floor":46},{"not_picked":["Guardian:PrimingBeam","Guardian:CrystalBeam+1"],"picked":"Guardian:Gem_Synthetic","floor":48}],"player_experience":456077,"relics_obtained":[{"floor":2,"key":"Bag of Marbles"},{"floor":3,"key":"reliquary:PurpleTingedLeaf"},{"floor":5,"key":"Pantograph"},{"floor":7,"key":"Replay:Bottled Eggs"},{"floor":9,"key":"Replay:Bandana"},{"floor":11,"key":"Slimebound:PreparedRelic"},{"floor":13,"key":"Blue Candle"},{"floor":14,"key":"Vajra"},{"floor":15,"key":"Ancient Tea Set"},{"floor":19,"key":"CeramicFish"},{"floor":21,"key":"StoneCalendar"},{"floor":23,"key":"Replay:Bottled Flurry"},{"floor":23,"key":"Golden Egg"},{"floor":24,"key":"reliquary:BallBearing"},{"floor":25,"key":"Slimebound:StickyStick"},{"floor":27,"key":"Tiny Chest"},{"floor":28,"key":"Replay:Ringing Soul"},{"floor":29,"key":"Nunchaku"},{"floor":29,"key":"WingedGreaves"},{"floor":30,"key":"bronze:BronzeIdol"},{"floor":30,"key":"Replay:Kaleidoscope"},{"floor":32,"key":"reliquary:FerryPass"},{"floor":36,"key":"ReplayTheSpireMod:TigerMarble"},{"floor":39,"key":"Singing Bowl"},{"floor":40,"key":"Oddly Smooth Stone"},{"floor":40,"key":"Replay:Rubber Ducky"},{"floor":41,"key":"Lantern"},{"floor":42,"key":"Pen Nib"},{"floor":42,"key":"reliquary:WeakTea"},{"floor":43,"key":"reliquary:RoseTintedGlasses"},{"floor":45,"key":"Potion Belt"},{"floor":45,"key":"Quantum Egg"},{"floor":46,"key":"Toy Ornithopter"},{"floor":46,"key":"Iron Hammer"},{"floor":48,"key":"Pocketwatch"},{"floor":48,"key":"Gremlin Food"},{"floor":49,"key":"Replay:WaspNest"}],"event_choices":[{"damage_healed":0,"gold_gain":0,"player_choice":"Donut","damage_taken":0,"max_hp_gain":5,"max_hp_loss":0,"event_name":"Big Fish","floor":4,"gold_loss":0}],"is_beta":false,"boss_relics":[{"not_picked":["Guardian:StasisSlotReductionRelic","Painkiller Herb"],"picked":"Black Star"},{"not_picked":["Fusion Hammer","reliquary:RedCape"],"picked":"reliquary:RedPaperclip"}],"items_purged_floors":[],"is_endless":false,"potions_floor_spawned":[5,13,14,15,16,21,23,27,29,30,33,36,42,48],"ascension_level":1}}