{"host":"v4pe0ixo3k7iwzp0","time":1613015451,"event":{"mods":["Ascension Reborn","BaseMod","Bestiary","Highlight Path","Minty Spire (QoL Compilation)","StSLib","Td1madao Mod","The Marked","The Servant 0.9.4","TheSwordswoman"],"gold_per_floor":[111,129,144,161,180,205,205,205,205,218,218,237,571,587,587,587,587],"floor_reached":16,"language":"ENG","playtime":991,"items_purged":[],"score":122,"play_id":"936f6e4a-816e-4459-a195-439523d5c886","local_time":"20210210195051","is_ascension_mode":true,"campfire_choices":[{"floor":11,"key":"REST"},{"data":"KidneyShot","floor":15,"key":"SMITH"}],"circlet_count":0,"master_deck":["Strike_S","Strike_S","Strike_S","Strike_S","Defend_S","Defend_S","Defend_S","Defend_S","KidneyShot+1","Exchange","Spin","Barrier","FastForward","MoonPhase","GearUp","Parasite","Reset","Unruled"],"relics":["Uniform","Ornamental Fan","PocketWatch","Old Coin"],"acts_visited":["Exordium"],"potions_floor_usage":[6,16],"damage_taken":[{"damage":0,"enemies":"2 Louse","floor":1,"turns":3},{"damage":6,"enemies":"Jaw Worm","floor":2,"turns":3},{"damage":1,"enemies":"Cultist","floor":3,"turns":4},{"damage":0,"enemies":"Blue Slaver","floor":4,"turns":4},{"damage":18,"enemies":"3 Louse","floor":5,"turns":3},{"damage":32,"enemies":"Gremlin Nob","floor":6,"turns":6},{"damage":0,"enemies":"Looter","floor":10,"turns":4},{"damage":1,"enemies":"2 Fungi Beasts","floor":12,"turns":4},{"damage":6,"enemies":"3 Sentries","floor":13,"turns":8},{"damage":0,"enemies":"Gremlin Gang","floor":14,"turns":2},{"damage":66,"enemies":"Hexaghost","floor":16,"turns":17}],"seed_played":"-3924705463423244033","potions_obtained":[{"floor":3,"key":"GamblersBrew"},{"floor":5,"key":"Block Potion"},{"floor":6,"key":"Ancient Potion"}],"is_trial":false,"path_per_floor":["M","M","M","M","M","E","?","?","T","M","R","M","E","M","R","B"],"character_chosen":"THE_SERVANT","items_purchased":[],"campfire_rested":1,"item_purchase_floors":[],"current_hp_per_floor":[71,65,64,64,46,14,37,54,54,54,71,70,64,64,64,0,0],"gold":587,"neow_bonus":"TEN_PERCENT_HP_BONUS","is_daily":false,"chose_seed":false,"campfire_upgraded":1,"win_rate":0.0,"timestamp":1613015451,"path_taken":["M","M","M","M","M","E","?","?","T","M","R","M","E","M","R","BOSS"],"items_purchased_type":[],"build_version":"2020-12-22","purchased_purges":0,"victory":false,"max_hp_per_floor":[71,71,71,71,71,71,71,71,71,71,71,71,71,71,71,71,71],"card_choices":[{"not_picked":["Revamp","Replace"],"picked":"Spin","floor":1},{"not_picked":["Potential","WasteNot"],"picked":"Barrier","floor":2},{"not_picked":["Rearm","ShatteredReality","Starlight"],"picked":"SKIP","floor":3},{"not_picked":["InstantArmor","Gouge"],"picked":"FastForward","floor":4},{"not_picked":["Revamp","DoubleEdge"],"picked":"MoonPhase","floor":5},{"not_picked":["WasteNot","Comet"],"picked":"GearUp","floor":6},{"not_picked":["ForgedInTime","FanOfKnives"],"picked":"Reset","floor":10},{"not_picked":["Starlight","Replace","Potential"],"picked":"SKIP","floor":12},{"not_picked":["Alleviate","SilverBlades"],"picked":"Unruled","floor":13},{"not_picked":["MoonPhase","TimeWarp","Shuttle"],"picked":"SKIP","floor":14}],"player_experience":186879,"relics_obtained":[{"floor":6,"key":"Ornamental Fan"},{"floor":9,"key":"PocketWatch"},{"floor":13,"key":"Old Coin"}],"event_choices":[{"damage_healed":23,"gold_gain":0,"player_choice":"Banana","damage_taken":0,"max_hp_gain":0,"max_hp_loss":0,"event_name":"Big Fish","floor":7,"gold_loss":0},{"damage_healed":17,"gold_gain":0,"player_choice":"Healed and dodged fight","damage_taken":0,"max_hp_gain":0,"max_hp_loss":0,"event_name":"Mushrooms","floor":8,"gold_loss":0,"cards_obtained":["Parasite"]}],"is_beta":false,"boss_relics":[],"items_purged_floors":[],"is_endless":false,"potions_floor_spawned":[3,5,6],"killed_by":"Hexaghost","ascension_level":1}}