{"host":"fc5kl670efuhtomy","time":1613009548,"event":{"mods":["AchievementEnabler","BaseMod","Colored Powertips","Downfall","Marisa（F雨　魔理沙）","Minty Spire (QoL Compilation)","Quick Restart","Relic Stats","Replay The Spire","StSLib","The Bug Knight","The Construct","The Cursed","WarShipGirlsR/战舰少女R mod"],"gold_per_floor":[116,116,36,46,58,78,78,78,105,124,124,135,135,135,135,135,135],"floor_reached":16,"language":"ZHS","playtime":340,"items_purged":[],"score":92,"play_id":"f5cf764a-e1a8-4dd7-919f-15e252ad9fcd","local_time":"20210211101228","is_ascension_mode":false,"campfire_choices":[{"data":"TheCursedMod:CursedBoomerang","floor":7,"key":"SMITH"},{"data":"bronze:DigitalCarnage","floor":11,"key":"SMITH"},{"data":"construct:ClusterMines","floor":15,"key":"SMITH"}],"circlet_count":0,"master_deck":["TheCursedMod:Strike_TheCursed","TheCursedMod:Strike_TheCursed+1","TheCursedMod:Strike_TheCursed","TheCursedMod:Defend_TheCursed","TheCursedMod:Defend_TheCursed","TheCursedMod:Defend_TheCursed+1","TheCursedMod:CursedWand","TheCursedMod:CleanUpWorkshop","TheCursedMod:Dregs","TheCursedMod:CursedBoomerang+1","TheCursedMod:CursedAmulet","bronze:DigitalCarnage+1","Halt","construct:ClusterMines+1","Parasite"],"relics":["Empty Cage","PrismaticShard","Onion Ring"],"acts_visited":["Exordium"],"potions_floor_usage":[],"damage_taken":[{"damage":0,"enemies":"Jaw Worm","floor":1,"turns":4},{"damage":0,"enemies":"2 Louse","floor":4,"turns":3},{"damage":2,"enemies":"Small Slimes","floor":5,"turns":4},{"damage":10,"enemies":"Looter","floor":6,"turns":3},{"damage":0,"enemies":"3 Louse","floor":10,"turns":4},{"damage":6,"enemies":"2 Fungi Beasts","floor":12,"turns":2},{"damage":0,"enemies":"Fading Forest","floor":16,"turns":1}],"seed_played":"-5528440284692890320","potions_obtained":[{"floor":1,"key":"Fire Potion"},{"floor":6,"key":"Adrenaline Potion"},{"floor":10,"key":"ColorlessPotion"}],"is_trial":false,"path_per_floor":["M","?","?","M","M","M","R","T","T","M","R","M","?","?","R","B"],"character_chosen":"THE_CURSED","items_purchased":[],"campfire_rested":0,"item_purchase_floors":[],"current_hp_per_floor":[75,75,75,75,73,63,63,63,63,63,63,57,42,60,60,60,60],"gold":135,"neow_bonus":"BOSS_RELIC","is_daily":false,"chose_seed":false,"campfire_upgraded":3,"win_rate":0.0,"timestamp":1613009548,"path_taken":["M","?","?","M","M","M","R","?","T","?","R","M","?","?","R","BOSS"],"items_purchased_type":[],"build_version":"2020-12-22","purchased_purges":0,"victory":false,"max_hp_per_floor":[75,75,75,75,75,75,75,75,75,75,75,75,75,75,75,75,75],"relic_stats":{"counters":[7,21],"obtain_stats":[{"TheCursedMod:BlackMagic101":0,"Onion Ring":8,"Empty Cage":0,"PrismaticShard":2},{"TheCursedMod:BlackMagic101":0,"Onion Ring":4,"Empty Cage":0,"PrismaticShard":1},{"TheCursedMod:BlackMagic101":0,"Onion Ring":14,"Empty Cage":0,"PrismaticShard":4}]},"card_choices":[{"not_picked":["TheCursedMod:StingEye","TheCursedMod:CircleOfFlame"],"picked":"TheCursedMod:CursedBoomerang","floor":1},{"not_picked":["hexamod:NightmareStrike","Reckless Charge"],"picked":"TheCursedMod:CursedAmulet","floor":4},{"not_picked":["Clash","champ:Shatter"],"picked":"bronze:DigitalCarnage","floor":5},{"not_picked":["JustLucky","DoubleSpark","HollowMod:NewLittleFool"],"picked":"SKIP","floor":6},{"not_picked":["SporeBomb","Guardian:Preprogram"],"picked":"Halt","floor":10},{"not_picked":["AsteroidBelt","construct:GuardCore"],"picked":"construct:ClusterMines","floor":12}],"player_experience":220249,"relics_obtained":[{"floor":8,"key":"Onion Ring"}],"event_choices":[{"damage_healed":0,"gold_gain":0,"player_choice":"Entered Light","damage_taken":15,"max_hp_gain":0,"max_hp_loss":0,"event_name":"Shining Light","floor":13,"gold_loss":0,"cards_upgraded":["TheCursedMod:Defend_TheCursed","TheCursedMod:Strike_TheCursed"]},{"damage_healed":18,"gold_gain":0,"player_choice":"Healed and dodged fight","damage_taken":0,"max_hp_gain":0,"max_hp_loss":0,"event_name":"Mushrooms","floor":14,"gold_loss":0,"cards_obtained":["Parasite"]}],"is_beta":false,"boss_relics":[],"items_purged_floors":[],"is_endless":false,"potions_floor_spawned":[1,6,10],"killed_by":"Fading Forest","ascension_level":0}}