{"host":"8d3fefv2347kqkpz","time":1613013072,"event":{"mods":["AchievementEnabler","Act Like it!","BaseMod","Better Vampires","Colored Map","Colored Powertips","Downfall","GifTheSpireLib","Highlight Path","Minty Spire (QoL Compilation)","Quick Restart","Rare Cards Sparkle","Relic Stats","Replay The Spire","Spicy Shops","StSLib","Waifu the Spire"],"gold_per_floor":[113,128,128,140,156,156,170,186,213,233,233,10,37,4,4,103,103,114,214,228,327,327,327,340,340,340,115,126,126,144,159,159,259,259,271,40,52,0,0,0,0],"floor_reached":40,"language":"ZHS","playtime":1377,"items_purged":["Strike_G","Strike_G","Finisher","Terror"],"score":390,"play_id":"8724391f-712a-40ef-99e3-48633856a523","local_time":"20210211111112","is_ascension_mode":false,"campfire_choices":[{"data":"Neutralize","floor":6.0,"key":"SMITH"},{"data":"Caltrops","floor":11.0,"key":"SMITH"},{"floor":15.0,"key":"REST"},{"data":"A Thousand Cuts","floor":23.0,"key":"SMITH"},{"data":"Footwork","floor":23.0,"key":"SMITH"},{"floor":29,"key":"REST"},{"floor":32,"key":"REST"}],"circlet_count":0,"master_deck":["Strike_G","Strike_G","Defend_G","Defend_G","Defend_G","Defend_G","Survivor","Neutralize+1","Caltrops+1","Dagger Spray","Footwork+1","Cloak And Dagger+1","A Thousand Cuts+1","Backstab+1","Well Laid Plans","Noxious Fumes","Replay:Poison Smokescreen+1","Replay:Poison Smokescreen","Envenom","Noxious Fumes"],"relics":["Ring of the Snake","Juzu Bracelet","Replay:Arrowhead","Snake Skull","Sozu","Ice Cream","Red Mask"],"acts_visited":["Exordium","TheCity","TheBeyond"],"potions_floor_usage":[30],"damage_taken":[{"damage":2.0,"enemies":"Small Slimes","floor":1.0,"turns":5.0},{"damage":1.0,"enemies":"Cultist","floor":2.0,"turns":4.0},{"damage":0.0,"enemies":"Jaw Worm","floor":4.0,"turns":6.0},{"damage":3.0,"enemies":"Red Slaver","floor":5.0,"turns":5.0},{"damage":0.0,"enemies":"Exordium Wildlife","floor":7.0,"turns":3.0},{"damage":3.0,"enemies":"Looter","floor":8.0,"turns":4.0},{"damage":5.0,"enemies":"Exordium Thugs","floor":10.0,"turns":5.0},{"damage":35.0,"enemies":"Gremlin Nob","floor":13.0,"turns":6.0},{"damage":22.0,"enemies":"Hexaghost","floor":16.0,"turns":11.0},{"damage":13.0,"enemies":"Spheric Guardian","floor":18.0,"turns":5.0},{"damage":8.0,"enemies":"Shell Parasite","floor":20.0,"turns":5.0},{"damage":13.0,"enemies":"Centurion and Healer","floor":24.0,"turns":4.0},{"damage":11,"enemies":"Snake Plant","floor":28,"turns":4},{"damage":0,"enemies":"3 Cultists","floor":30,"turns":3},{"damage":11,"enemies":"Cultist and Chosen","floor":31,"turns":5},{"damage":19,"enemies":"Collector","floor":33,"turns":9},{"damage":5,"enemies":"3 Shapes","floor":35,"turns":6},{"damage":24,"enemies":"Orb Walker","floor":37,"turns":5},{"damage":55,"enemies":"Reptomancer","floor":40,"turns":5}],"seed_played":"1647786595457267195","potions_obtained":[{"floor":5.0,"key":"AttackPotion"},{"floor":13.0,"key":"Explosive Potion"},{"floor":16.0,"key":"SteroidPotion"}],"is_trial":false,"path_per_floor":["M","M","?","M","M","R","M","M","T","M","R","$","E","$","R","B",null,"M","?","M","?","?","R","M","?","T","$","M","R","M","M","R","B",null,"M","$","M","?","?","E"],"character_chosen":"THE_SILENT","items_purchased":["Replay:Arrowhead","Footwork","Cloak And Dagger+1","Noxious Fumes"],"campfire_rested":3,"item_purchase_floors":[12,12,14,36],"current_hp_per_floor":[68,67,67,67,64,64,64,61,61,56,56,56,21,21,42,20,70,57,57,49,49,49,49,36,36,36,36,25,46,46,35,56,37,70,65,65,41,41,41,0,0],"gold":0,"neow_bonus":"TRANSFORM_CARD","is_daily":false,"chose_seed":false,"campfire_upgraded":4,"win_rate":0.0,"timestamp":1613013072,"path_taken":["M","M","?","M","M","R","M","M","T","M","R","$","E","?","R","BOSS","M","?","M","?","?","R","M","?","T","$","M","R","M","M","R","BOSS","M","$","M","?","?","E"],"items_purchased_type":["Relic","Card","Card","Card"],"build_version":"2020-12-22","purchased_purges":4,"victory":false,"max_hp_per_floor":[70,70,70,70,70,70,70,70,70,70,70,70,70,70,70,70,70,70,70,70,70,70,70,70,70,70,70,70,70,70,70,70,70,70,70,70,70,70,66,66,66],"relic_stats":{"Sozu":4,"counters":[19,100],"Snake Skull":[83],"Juzu Bracelet":1,"obtain_stats":[{"Sozu":17,"Ice Cream":26,"Snake Skull":13,"Juzu Bracelet":9,"Red Mask":38,"Replay:Arrowhead":12,"Ring of the Snake":0},{"Sozu":9,"Ice Cream":12,"Snake Skull":8,"Juzu Bracelet":6,"Red Mask":18,"Replay:Arrowhead":7,"Ring of the Snake":0},{"Sozu":49,"Ice Cream":63,"Snake Skull":38,"Juzu Bracelet":27,"Red Mask":95,"Replay:Arrowhead":32,"Ring of the Snake":0}],"Ring of the Snake":[38]},"card_choices":[{"not_picked":["Underhanded Strike","Endless Agony","ReplayTheSpireMod:Scrap Shanks"],"picked":"SKIP","floor":1.0},{"not_picked":["Deflect","ReplayTheSpireMod:Exploit Weakness","Prepared"],"picked":"SKIP","floor":2.0},{"not_picked":["Predator","Deflect"],"picked":"Dagger Spray","floor":4.0},{"not_picked":["Deadly Poison","ReplayTheSpireMod:Scrap Shanks","Dagger Throw"],"picked":"SKIP","floor":5.0},{"not_picked":["Outmaneuver","Replay:Bag of Tricks","Toxin Wave"],"picked":"SKIP","floor":7.0},{"not_picked":["Fluid Movement","Underhanded Strike"],"picked":"Finisher","floor":8.0},{"not_picked":["Cloak And Dagger","Poisoned Stab","Skewer"],"picked":"SKIP","floor":10.0},{"not_picked":["Predator","Bane","Replay:Poison Smokescreen"],"picked":"SKIP","floor":13.0},{"not_picked":["Doppelganger","ReplayTheSpireMod:Necrosis"],"picked":"A Thousand Cuts","floor":16.0},{"not_picked":["Bane+1","Dagger Spray"],"picked":"Backstab+1","floor":18.0},{"not_picked":["Tactician","Deadly Poison"],"picked":"Well Laid Plans","floor":20.0},{"not_picked":["Heel Hook","Dash+1"],"picked":"Noxious Fumes","floor":24.0},{"not_picked":["Poisoned Stab","Distraction"],"picked":"Terror","floor":28},{"not_picked":["Hidden Blade","Catalyst"],"picked":"Replay:Poison Smokescreen+1","floor":30},{"not_picked":["Toxin Wave+1","Cloak And Dagger"],"picked":"Replay:Poison Smokescreen","floor":31},{"not_picked":["Wraith Form v2","After Image"],"picked":"Envenom","floor":33},{"not_picked":["Crippling Poison+1","Cloak And Dagger","Expertise"],"picked":"SKIP","floor":35},{"not_picked":["PiercingWail+1","Distraction","Poisoned Stab+1"],"picked":"SKIP","floor":37}],"player_experience":346671,"relics_obtained":[{"floor":9.0,"key":"Juzu Bracelet"},{"floor":13.0,"key":"Snake Skull"},{"floor":26,"key":"Ice Cream"}],"event_choices":[{"cards_removed":["Defend_G"],"damage_healed":0.0,"max_hp_gain":0.0,"max_hp_loss":0.0,"gold_gain":0.0,"event_name":"Bonfire Elementals","player_choice":"Offered Basic","floor":3.0,"gold_loss":0.0,"damage_taken":0.0},{"damage_healed":0.0,"max_hp_gain":0.0,"max_hp_loss":0.0,"gold_gain":100.0,"event_name":"Golden Shrine","player_choice":"Pray","floor":19.0,"gold_loss":0.0,"damage_taken":0.0},{"damage_healed":0.0,"max_hp_gain":0.0,"max_hp_loss":0.0,"gold_gain":99.0,"event_name":"Nest","player_choice":"Stole From Cult","floor":21.0,"gold_loss":0.0,"damage_taken":0.0},{"damage_healed":0.0,"max_hp_gain":0.0,"max_hp_loss":0.0,"gold_gain":0.0,"event_name":"Ghosts","player_choice":"Ignored","floor":22.0,"gold_loss":0.0,"damage_taken":0.0},{"damage_healed":0,"gold_gain":0,"player_choice":"Paid","damage_taken":0,"relics_obtained":["Red Mask"],"max_hp_gain":0,"max_hp_loss":0,"event_name":"Tomb of Lord Red Mask","floor":38,"gold_loss":52},{"damage_healed":0,"gold_gain":0,"player_choice":"Max HP","damage_taken":0,"max_hp_gain":0,"max_hp_loss":4,"event_name":"Winding Halls","floor":39,"gold_loss":0}],"is_beta":false,"boss_relics":[{"not_picked":["Cursed Key","Ectoplasm"],"picked":"Sozu"},{"not_picked":["Velvet Choker","Runic Dome","Ring of Chaos"]}],"items_purged_floors":[12,27,27,36],"is_endless":false,"potions_floor_spawned":[4,5,13,16,20,30,31,33],"killed_by":"Reptomancer","ascension_level":0}}