{"host":"uv231blk40vjdojr","time":1613062478,"event":{"mods":["BaseMod","Minty Spire (QoL Compilation)","Relic Stats","ojb\u0027s Info Mod"],"gold_per_floor":[111,186,203,221,233,233,266,266,289,318,318,343,343,358,358,358,358],"floor_reached":16,"language":"ENG","playtime":526,"items_purged":[],"score":150,"play_id":"11421063-7858-4498-bfb4-87599433e3e5","local_time":"20210211175438","is_ascension_mode":true,"campfire_choices":[{"data":"Eruption","floor":6,"key":"SMITH"},{"data":"ForeignInfluence","floor":8,"key":"SMITH"},{"floor":11,"key":"REST"},{"data":"Vigilance","floor":15,"key":"SMITH"}],"circlet_count":0,"master_deck":["Strike_P","Strike_P","Strike_P","Strike_P","Defend_P","Defend_P","Defend_P","Defend_P","Eruption+1","Vigilance+1","ForeignInfluence+1","Vault","JustLucky"],"relics":["Busted Crown","Damaru","Strawberry","Ornamental Fan"],"acts_visited":["Exordium"],"potions_floor_usage":[7,12,16],"damage_taken":[{"damage":7,"enemies":"Jaw Worm","floor":1,"turns":4},{"damage":7,"enemies":"Small Slimes","floor":3,"turns":4},{"damage":0,"enemies":"2 Louse","floor":4,"turns":1},{"damage":3,"enemies":"Blue Slaver","floor":5,"turns":3},{"damage":13,"enemies":"Gremlin Nob","floor":7,"turns":3},{"damage":17,"enemies":"Lagavulin","floor":10,"turns":6},{"damage":27,"enemies":"Gremlin Nob","floor":12,"turns":3},{"damage":0,"enemies":"3 Louse","floor":14,"turns":4},{"damage":17,"enemies":"The Guardian","floor":16,"turns":11}],"seed_played":"2023271989443407721","potions_obtained":[{"floor":4,"key":"LiquidMemories"},{"floor":5,"key":"Weak Potion"},{"floor":14,"key":"SneckoOil"}],"is_trial":false,"path_per_floor":["M","?","M","M","M","R","E","R","T","E","R","E","?","M","R","B"],"character_chosen":"WATCHER","items_purchased":[],"campfire_rested":1,"item_purchase_floors":[],"current_hp_per_floor":[65,54,47,47,44,44,31,31,31,21,44,17,17,17,17,0,0],"gold":358,"neow_bonus":"BOSS_RELIC","is_daily":false,"chose_seed":false,"campfire_upgraded":3,"win_rate":0.0,"timestamp":1613062478,"path_taken":["M","?","M","M","M","R","E","R","T","E","R","E","?","M","R","BOSS"],"items_purchased_type":[],"build_version":"2020-12-22","purchased_purges":0,"victory":false,"max_hp_per_floor":[72,72,72,72,72,72,72,72,72,79,79,79,79,79,79,79,79],"relic_stats":{"Busted Crown":16,"counters":[9,39],"Ornamental Fan":[28],"obtain_stats":[{"Busted Crown":0,"Ornamental Fan":12,"Strawberry":10,"Damaru":7,"PureWater":0},{"Busted Crown":0,"Ornamental Fan":7,"Strawberry":6,"Damaru":5,"PureWater":0},{"Busted Crown":0,"Ornamental Fan":24,"Strawberry":21,"Damaru":15,"PureWater":0}]},"card_choices":[{"not_picked":["ClearTheMind"],"picked":"SKIP","floor":1},{"not_picked":["ThirdEye"],"picked":"SKIP","floor":3},{"not_picked":["ClearTheMind"],"picked":"SKIP","floor":4},{"not_picked":[],"picked":"ForeignInfluence","floor":5},{"not_picked":["Prostrate"],"picked":"SKIP","floor":7},{"not_picked":["Protect"],"picked":"SKIP","floor":10},{"not_picked":[],"picked":"Vault","floor":12},{"not_picked":[],"picked":"JustLucky","floor":14}],"player_experience":766467,"relics_obtained":[{"floor":7,"key":"Damaru"},{"floor":10,"key":"Strawberry"},{"floor":12,"key":"Ornamental Fan"}],"event_choices":[{"damage_healed":0,"gold_gain":75,"player_choice":"Gather Gold","damage_taken":11,"max_hp_gain":0,"max_hp_loss":0,"event_name":"World of Goop","floor":2,"gold_loss":0},{"damage_healed":0,"gold_gain":0,"player_choice":"Searched \u00270\u0027 times","damage_taken":0,"max_hp_gain":0,"max_hp_loss":0,"event_name":"Dead Adventurer","floor":13,"gold_loss":0}],"is_beta":false,"boss_relics":[],"items_purged_floors":[],"is_endless":false,"potions_floor_spawned":[4,5,14],"killed_by":"The Guardian","ascension_level":5}}