{"host":"mr1ctipv0dcr6y8g","time":1613076806,"event":{"mods":["BaseMod","Beaked The Cultist","DeckTracker","Downfall","Energized Spire","Minty Spire (QoL Compilation)","READ ME - Guardian Mod","Shop Mod","StSLib","The Construct"],"gold_per_floor":[113,113,113,128,139,171,204,216,241,241,241,241,241,264,264,383,383,399,399,88,88,106,137,175,175,175,208,208,333,195,195,195,325,325,338,671,297,297,312,344,362,393,470,496,513,513,513,463,463,463],"floor_reached":51,"language":"ENG","playtime":15934,"items_purged":["downfall:Bewildered","Injury","bronze:Defend"],"score":997,"play_id":"64be48e3-79d5-4d10-bc34-fd35e68bee73","local_time":"20210211135326","daily_mods":["Heirloom","Time Dilation","Flight"],"is_ascension_mode":false,"campfire_choices":[{"data":"Cloak And Dagger","floor":10.0,"key":"SMITH"},{"data":"Noxious Fumes","floor":12.0,"key":"SMITH"},{"data":"Backflip","floor":15.0,"key":"SMITH"},{"data":"Burst","floor":25,"key":"SMITH"},{"data":"Footwork","floor":28,"key":"SMITH"},{"data":"Well Laid Plans","floor":32,"key":"SMITH"},{"floor":47,"key":"DIG"},{"floor":49,"key":"DIG"}],"circlet_count":0,"master_deck":["bronze:Strike","bronze:Strike","bronze:Strike","bronze:Strike","bronze:Defend","bronze:Defend","bronze:Defend","bronze:Defend","Survivor","Neutralize","PiercingWail","Cloak And Dagger+1","Dodge and Roll","Noxious Fumes+1","Backflip+1","Burst+1","Dodge and Roll","Footwork+1","Deadly Poison+1","Corpse Explosion","Deflect","Well Laid Plans+1","Footwork"],"relics":["Ring of the Snake","bronze:AnalyticalCore","Turnip","Blue Candle","Pantograph","PreservedInsect","Bronze Scales","Boot","energizedSpire:DeadBattery","sneckomod:BabySnecko","TwistedFunnel","MutagenicStrength","Thread and Needle","Lizard Tail","Peace Pipe","Slimebound:PreparedRelic","Pocketwatch","Bottled Lightning","Art of War","Busted Crown","Bird Faced Urn","Smiling Mask","Bag of Marbles","Letter Opener","Shovel","Ginger","Ornamental Fan"],"acts_visited":["Exordium","TheCity","TheBeyond"],"potions_floor_usage":[29,50,50,50],"damage_taken":[{"damage":0.0,"enemies":"2 Louse","floor":1.0,"turns":2.0},{"damage":0.0,"enemies":"Cultist","floor":4.0,"turns":4.0},{"damage":10.0,"enemies":"Jaw Worm","floor":5.0,"turns":4.0},{"damage":15.0,"enemies":"Lagavulin","floor":6.0,"turns":9.0},{"damage":6.0,"enemies":"3 Sentries","floor":7.0,"turns":6.0},{"damage":0.0,"enemies":"2 Fungi Beasts","floor":8.0,"turns":4.0},{"damage":2.0,"enemies":"Exordium Wildlife","floor":14.0,"turns":4.0},{"damage":3.0,"enemies":"Slime Boss","floor":16.0,"turns":7.0},{"damage":0.0,"enemies":"Shell Parasite","floor":18.0,"turns":5.0},{"damage":0,"enemies":"3 Byrds","floor":22,"turns":3},{"damage":0,"enemies":"Gremlin Leader","floor":23,"turns":4},{"damage":0,"enemies":"Book of Stabbing","floor":24,"turns":3},{"damage":9,"enemies":"Gremlin Leader","floor":27,"turns":4},{"damage":0,"enemies":"Colosseum Slavers","floor":29,"turns":2},{"damage":0,"enemies":"Colosseum Nobs","floor":29,"turns":3},{"damage":0,"enemies":"Champ","floor":33,"turns":10},{"damage":0,"enemies":"Orb Walker","floor":35,"turns":3},{"damage":0,"enemies":"3 Shapes","floor":39,"turns":1},{"damage":0,"enemies":"Giant Head","floor":40,"turns":7},{"damage":6,"enemies":"3 Darklings","floor":41,"turns":3},{"damage":4,"enemies":"Reptomancer","floor":42,"turns":5},{"damage":0,"enemies":"Giant Head","floor":44,"turns":7},{"damage":0,"enemies":"Sphere and 2 Shapes","floor":45,"turns":1},{"damage":28,"enemies":"Time Eater","floor":50,"turns":10}],"seed_played":"8663843069375377220","potions_obtained":[{"floor":6.0,"key":"GamblersBrew"},{"floor":7.0,"key":"DistilledChaos"},{"floor":18.0,"key":"BlessingOfTheForge"},{"floor":23,"key":"CultistPotion"},{"floor":27,"key":"champ:CounterPotion"},{"floor":41,"key":"Fire Potion"}],"is_trial":true,"path_per_floor":["M","?","?","M","M","E","E","M","T","R","?","R","?","M","R","B",null,"M","?","$","?","M","E","E","R","T","E","R","?","$","?","R","B",null,"M","?","$","?","M","E","M","E","T","E","M","?","R","$","R","B",null],"character_chosen":"THE_SILENT","items_purchased":["Footwork","TwistedFunnel","Well Laid Plans","Footwork","Bird Faced Urn"],"campfire_rested":0,"item_purchase_floors":[20,20,30,37,37],"current_hp_per_floor":[70,65,65,65,55,40,34,34,34,34,34,34,34,32,32,54,70,70,70,70,70,70,70,70,70,70,61,61,61,61,61,61,70,70,70,70,70,80,80,80,78,76,76,80,80,80,80,80,80,54],"gold":463,"neow_bonus":"","is_daily":false,"chose_seed":false,"campfire_upgraded":6,"win_rate":0.0,"timestamp":1613076806,"path_taken":["M","?","?","M","M","E","E","?","T","R","?","R","?","?","R","BOSS","M","?","?","?","M","E","E","R","T","E","R","?","?","?","R","BOSS","M","?","$","?","M","E","?","E","T","E","?","?","R","?","R","BOSS"],"items_purchased_type":["Card","Relic","Card","Card","Relic"],"build_version":"2020-12-22","purchased_purges":3,"victory":true,"max_hp_per_floor":[70,70,70,70,70,70,70,70,70,70,70,70,70,70,70,70,70,70,70,70,70,70,70,70,70,70,70,70,70,70,70,70,70,70,70,70,70,80,80,80,80,80,80,80,80,80,80,80,80,80],"card_choices":[{"not_picked":["Slice","Dagger Throw"],"picked":"PiercingWail","floor":1.0},{"not_picked":["All Out Attack","Bane"],"picked":"Cloak And Dagger","floor":4.0},{"not_picked":["Finisher","Quick Slash","Bane"],"picked":"SKIP","floor":5.0},{"not_picked":["PiercingWail","Poisoned Stab"],"picked":"Dodge and Roll","floor":6.0},{"not_picked":["Sucker Punch","Riddle With Holes"],"picked":"Noxious Fumes","floor":7.0},{"not_picked":["Prepared","Escape Plan","Bane"],"picked":"SKIP","floor":8.0},{"not_picked":["Slice","A Thousand Cuts"],"picked":"Backflip","floor":14.0},{"not_picked":["Unload","Venomology"],"picked":"Burst","floor":16.0},{"not_picked":["Sucker Punch","Slice"],"picked":"Dodge and Roll","floor":18.0},{"not_picked":["PiercingWail+1","Poisoned Stab"],"picked":"Deadly Poison+1","floor":22},{"not_picked":["Deadly Poison","Masterful Stab","Concentrate"],"picked":"SKIP","floor":23},{"not_picked":["Backflip","Crippling Poison"],"picked":"Corpse Explosion","floor":24},{"not_picked":["Bane","Accuracy","Acrobatics"],"picked":"SKIP","floor":27},{"not_picked":["Acrobatics+1","Slice"],"picked":"Deflect","floor":29},{"not_picked":["Adrenaline","Bullet Time"],"picked":"Envenom","floor":33},{"not_picked":["Poisoned Stab"],"picked":"SKIP","floor":35},{"not_picked":["Outmaneuver"],"picked":"SKIP","floor":39},{"not_picked":["Blade Dance"],"picked":"SKIP","floor":40},{"not_picked":["Flying Knee"],"picked":"SKIP","floor":41},{"not_picked":["Sucker Punch+1"],"picked":"SKIP","floor":42},{"not_picked":["Underhanded Strike+1"],"picked":"SKIP","floor":44},{"not_picked":["All Out Attack"],"picked":"SKIP","floor":45}],"player_experience":1700122,"relics_obtained":[{"floor":6.0,"key":"Pantograph"},{"floor":7.0,"key":"PreservedInsect"},{"floor":9.0,"key":"Bronze Scales"},{"floor":23,"key":"Thread and Needle"},{"floor":24,"key":"Lizard Tail"},{"floor":26,"key":"Peace Pipe"},{"floor":27,"key":"Slimebound:PreparedRelic"},{"floor":29,"key":"Pocketwatch"},{"floor":29,"key":"Bottled Lightning"},{"floor":40,"key":"Smiling Mask"},{"floor":42,"key":"Bag of Marbles"},{"floor":43,"key":"Letter Opener"},{"floor":44,"key":"Shovel"},{"floor":47,"key":"Ginger"},{"floor":49,"key":"Ornamental Fan"}],"event_choices":[{"cards_removed":["bronze:Strike"],"damage_healed":0.0,"max_hp_gain":0.0,"max_hp_loss":0.0,"gold_gain":0.0,"event_name":"Wheel of Change","player_choice":"Card Removal","floor":3.0,"gold_loss":0.0,"damage_taken":0.0},{"damage_healed":0.0,"max_hp_gain":0.0,"max_hp_loss":0.0,"gold_gain":0.0,"event_name":"Dead Adventurer","player_choice":"Searched \u00271\u0027 times","floor":11.0,"gold_loss":0.0,"damage_taken":0.0,"relics_obtained":["Boot"]},{"damage_healed":0.0,"max_hp_gain":0.0,"max_hp_loss":0.0,"gold_gain":0.0,"event_name":"Golden Idol","player_choice":"Take Wound","floor":13.0,"gold_loss":0.0,"damage_taken":0.0,"relics_obtained":["Golden Idol"],"cards_obtained":["Injury"]},{"damage_healed":0,"gold_gain":0,"player_choice":"Inject Mutagens","damage_taken":0,"relics_obtained":["MutagenicStrength"],"max_hp_gain":0,"max_hp_loss":0,"event_name":"Drug Dealer","floor":21,"gold_loss":0},{"damage_healed":0,"gold_gain":0,"player_choice":"Fight","damage_taken":0,"max_hp_gain":0,"max_hp_loss":0,"event_name":"Colosseum","floor":29,"gold_loss":0},{"damage_healed":0,"gold_gain":0,"player_choice":"Fought Nobs","damage_taken":0,"max_hp_gain":0,"max_hp_loss":0,"event_name":"Colosseum","floor":29,"gold_loss":0},{"damage_healed":0,"gold_gain":0,"player_choice":"Opened","damage_taken":0,"relics_obtained":["Art of War"],"max_hp_gain":0,"max_hp_loss":0,"event_name":"The Mausoleum","floor":31,"gold_loss":0},{"damage_healed":0,"gold_gain":333,"player_choice":"Gave Idol","damage_taken":0,"max_hp_gain":0,"max_hp_loss":0,"event_name":"The Moai Head","floor":36,"relics_lost":["Golden Idol"],"gold_loss":0},{"cards_removed":["Envenom"],"damage_healed":0,"gold_gain":0,"player_choice":"Offered Rare","damage_taken":0,"max_hp_gain":10,"max_hp_loss":0,"event_name":"Bonfire Elementals","floor":38,"gold_loss":0},{"damage_healed":0,"gold_gain":0,"player_choice":"Ignored","damage_taken":0,"max_hp_gain":0,"max_hp_loss":0,"event_name":"Mysterious Sphere","floor":46,"gold_loss":0}],"is_beta":false,"boss_relics":[{"not_picked":["beaked:SacredDeck","energizedSpire:StickyHand"],"picked":"energizedSpire:DeadBattery"},{"not_picked":["Runic Dome","energizedSpire:OgreHead"],"picked":"Busted Crown"}],"items_purged_floors":[20,30,48],"is_endless":false,"potions_floor_spawned":[6,7,18,23,27,41,42,44,45],"ascension_level":0}}