{"host":"5s7sm4h73jkd9266","time":1613081890,"event":{"mods":["AchievementEnabler","Bartender","BaseMod","Better Vampires","BetterRewards","Colored Map","Colored Powertips","Conspire","Downfall","Energized Spire","Hermit","Hubris","Magitek Elite","Minty Spire (QoL Compilation)","Potion Indicator Mod","Rare Cards Sparkle","Shop Mod","StSLib","The Blue Laboratory","The Necromancer","The Witch","Virulent Crown","everything is the same but u backflip on backflip","slay the spire mod where everything is the same but ironclad has a cowboy hat"],"gold_per_floor":[138,88,88,138,138,138,138,138,138,138,181,280,5,46,46,121,121,136,189,267,267,217,217,217,217],"floor_reached":24,"language":"ENG","playtime":1517,"items_purged":[],"score":326,"play_id":"1aa53436-b604-427a-849b-fe22fb0b5453","local_time":"20210211171810","is_ascension_mode":true,"campfire_choices":[{"floor":6.0,"key":"REST"},{"floor":8.0,"key":"REST"},{"data":"Dash","floor":10.0,"key":"SMITH"},{"data":"Choke","floor":15,"key":"SMITH"},{"floor":23,"key":"REST"}],"circlet_count":0,"master_deck":["AscendersBane","Strike_G","Strike_G","Strike_G","Strike_G","Strike_G","Defend_G","Defend_G","Defend_G","Defend_G","Defend_G","Survivor","Neutralize","HandOfGreed+1","Footwork","Dash+1","conspire:SpireCoStock","Outmaneuver","Poisoned Stab","Choke+1","Bandage Up","Outmaneuver","Bane","Bullet Time","Underhanded Strike+1","conspire:DoublingDagger","Endless Agony","Shame"],"relics":["Ring of the Snake","hubris:TinFlute","Incense Burner","hubris:EmptyBottle","hubris:Towel","VirulentCrownMod:VirulentCrown","StrikeDummy","Torii","TwistedFunnel","Red Mask","Nunchaku"],"acts_visited":["Exordium","TheCity"],"potions_floor_usage":[16,16,16,18,20,24],"damage_taken":[{"damage":0.0,"enemies":"2 Louse","floor":1.0,"turns":2.0},{"damage":1.0,"enemies":"Small Slimes","floor":4.0,"turns":4.0},{"damage":0.0,"enemies":"Jaw Worm","floor":11.0,"turns":4.0},{"damage":14.0,"enemies":"3 Sentries","floor":12.0,"turns":7.0},{"damage":1,"enemies":"2 Fungi Beasts","floor":14,"turns":2},{"damage":32,"enemies":"Hexaghost","floor":16,"turns":8},{"damage":6,"enemies":"Spheric Guardian","floor":18,"turns":5},{"damage":17,"enemies":"3 Byrds","floor":19,"turns":4},{"damage":41,"enemies":"Masked Bandits","floor":20,"turns":6},{"damage":30,"enemies":"Slavers","floor":24,"turns":3}],"seed_played":"3542813959604344580","potions_obtained":[{"floor":14,"key":"blueLaboratory:RememoryPotion"},{"floor":16,"key":"Swift Potion"}],"is_trial":false,"path_per_floor":["M","?","?","M","T","R","?","R","T","R","M","E","$","M","R","B",null,"M","M","?","?","?","R","E"],"character_chosen":"THE_SILENT","items_purchased":["HandOfGreed","hubris:TinFlute","Incense Burner","hubris:EmptyBottle","Footwork","blueLaboratory:BottleOfVodka","TwistedFunnel","Bandage Up","Outmaneuver"],"campfire_rested":3,"item_purchase_floors":[0,0,0,0,0,0,13,13,13],"current_hp_per_floor":[28,28,28,27,27,46,46,65,65,65,65,51,51,54,54,34,58,56,43,6,6,6,25,0,0],"gold":217,"neow_bonus":"","is_daily":false,"chose_seed":false,"campfire_upgraded":2,"win_rate":0.0,"timestamp":1613081890,"path_taken":["M","?","?","M","?","R","?","R","T","R","?","E","$","M","R","BOSS","M","M","?","?","?","R","E"],"items_purchased_type":["Card","Relic","Relic","Relic","Card","Potion","Relic","Card","Card"],"build_version":"2020-12-22","purchased_purges":0,"victory":false,"max_hp_per_floor":[66,66,66,66,66,66,66,66,66,66,66,66,66,66,66,66,66,66,66,66,66,66,66,66,66],"card_choices":[{"not_picked":["Poisoned Stab","Prepared"],"picked":"Dash","floor":1.0},{"not_picked":["Dagger Spray","Underhanded Strike"],"picked":"Outmaneuver","floor":4.0},{"not_picked":["Deflect","Skewer"],"picked":"Poisoned Stab","floor":11.0},{"not_picked":["Acrobatics","Dagger Throw"],"picked":"Choke","floor":12},{"not_picked":["Cloak And Dagger","Prepared"],"picked":"Bane","floor":14},{"not_picked":["Envenom","Wraith Form v2"],"picked":"Bullet Time","floor":16},{"not_picked":["Sucker Punch","hubris:Counter"],"picked":"Underhanded Strike+1","floor":18},{"not_picked":["Predator","Phantasmal Killer"],"picked":"conspire:DoublingDagger","floor":19},{"not_picked":["Dagger Spray","Blur"],"picked":"Endless Agony","floor":20}],"player_experience":5551797,"relics_obtained":[{"floor":5.0,"key":"VirulentCrownMod:VirulentCrown"},{"floor":9.0,"key":"StrikeDummy"},{"floor":12,"key":"Torii"},{"floor":20,"key":"Red Mask"}],"event_choices":[{"damage_healed":0.0,"max_hp_gain":0.0,"max_hp_loss":0.0,"gold_gain":0.0,"event_name":"conspire:Investor","player_choice":"Invest 1","floor":2.0,"gold_loss":0.0,"damage_taken":0.0},{"damage_healed":0.0,"max_hp_gain":0.0,"max_hp_loss":0.0,"gold_gain":0.0,"event_name":"Upgrade Shrine","player_choice":"Upgraded","floor":7.0,"gold_loss":0.0,"damage_taken":0.0,"cards_upgraded":["HandOfGreed"]},{"damage_healed":0,"gold_gain":0,"player_choice":"Fought Bandits","damage_taken":0,"max_hp_gain":0,"max_hp_loss":0,"event_name":"Masked Bandits","floor":20,"gold_loss":0},{"damage_healed":0,"gold_gain":0,"player_choice":"Stole Relic","damage_taken":0,"relics_obtained":["Nunchaku"],"max_hp_gain":0,"max_hp_loss":0,"event_name":"Addict","floor":21,"gold_loss":0,"cards_obtained":["Shame"]},{"damage_healed":0,"gold_gain":0,"player_choice":"Bet on Murderer","damage_taken":0,"max_hp_gain":0,"max_hp_loss":0,"event_name":"The Joust","floor":22,"gold_loss":50}],"is_beta":false,"boss_relics":[{"not_picked":["Runic Pyramid","conspire:SlowCooker","hubris:RunicObelisk"]}],"items_purged_floors":[],"is_endless":false,"potions_floor_spawned":[14,16],"killed_by":"Slavers","ascension_level":14}}