{"host":"l84l8xigz5v5foa2","time":1613023015,"event":{"mods":["2.2 Compatiblity","AchievementEnabler","BaseMod","Better Note","Better Vampires","BetterRewards","Card Filter","Colored Map","DeckTracker","Downfall","Gremlin Skip","Highlight Path","Keyboard Shortcuts","Minty Spire (QoL Compilation)","Permanent Neow","Quick Restart","Relic Filter","Relic Stats","StSLib","SuperFastMode","Transform Curses","Unknown Chances"],"gold_per_floor":[99,117,217,217,127,60,113,113,132,132,132,145,145,170,180,254,254,254,269,269,279,294,16,87,97,97,153,167,185,85,85,97,172,172,172,190,210,260,276,376,453,303,321,352,252,265,165,194,214,214,214,244,44,44,44,44],"floor_reached":57,"language":"ENG","playtime":5789,"items_purged":["champ:Strike","champ:Defend","champ:Strike","champ:Strike"],"score":2428,"play_id":"a5fe1385-af17-4346-b261-cd54fa2b75ea","local_time":"20210211145655","is_ascension_mode":true,"campfire_choices":[{"data":"champ:Taunt","floor":1.0,"key":"SMITH"},{"data":"champ:PerfectedStrike","floor":8.0,"key":"SMITH"},{"data":"champ:Lariat","floor":11.0,"key":"SMITH"},{"data":"champ:GladiatorForm","floor":18.0,"key":"SMITH"},{"data":"champ:Backstep","floor":26.0,"key":"SMITH"},{"data":"champ:DancingMaster","floor":30.0,"key":"SMITH"},{"data":"champ:GladiatorForm","floor":35.0,"key":"SMITH"},{"floor":45.0,"key":"RECALL"},{"data":"champ:ViciousMockery","floor":47.0,"key":"SMITH"},{"data":"champ:BerserkerStyle","floor":54,"key":"SMITH"}],"circlet_count":0,"master_deck":["AscendersBane","champ:Defend+1","champ:Defend+1","champ:Execute","champ:Taunt+1","champ:Backstep+1","champ:StanceDance","champ:StrikeOfGenius+1","champ:FlashCut","champ:PerfectedStrike+1","champ:Lariat+1","champ:AdrenalArmor","champ:EnGarde","champ:GladiatorForm+1","champ:GutPunch+1","champ:DancingMaster+1","champ:RageSigil+1","champ:ViciousMockery+1","champ:TripleStrike","champ:GladiatorForm+1","champ:EnchantCrown","champ:PerfectedStrike+1","champ:Duel+1","champ:FaceSlap+1","champ:Lariat","champ:ShieldSlam","champ:BerserkerStyle+1"],"relics":["champ:ChampionCrown","Ring of the Serpent","CloakClasp","War Paint","InkBottle","SlaversCollar","ClockworkSouvenir","Potion Belt","downfall:HeartBlessingBlue","Philosopher\u0027s Stone","Prayer Wheel","downfall:GremlinWheel","Molten Egg 2","champ:GladiatorsBookOfMartialProwess","downfall:HeartBlessingGreen","downfall:HeartBlessingRed","Bag of Preparation","FossilizedHelix","Chemical X"],"acts_visited":["TheCity","TheBeyond","TheEnding"],"potions_floor_usage":[56,56,56],"damage_taken":[{"damage":11.0,"enemies":"Small Slimes","floor":2.0,"turns":4.0},{"damage":88.0,"enemies":"Small Slimes","floor":3.0,"turns":12.0},{"damage":30.0,"enemies":"downfall:FleeingMerchant","floor":5.0,"turns":4.0},{"damage":10.0,"enemies":"downfall:FleeingMerchant","floor":6.0,"turns":4.0},{"damage":10.0,"enemies":"Jaw Worm","floor":9.0,"turns":2.0},{"damage":10.0,"enemies":"Cultist","floor":12.0,"turns":2.0},{"damage":20.0,"enemies":"Lagavulin","floor":14.0,"turns":4.0},{"damage":18.0,"enemies":"Gremlin Gang","floor":15.0,"turns":3.0},{"damage":40.0,"enemies":"IC_STATUS_ARCHETYPE","floor":16.0,"turns":7.0},{"damage":37.0,"enemies":"Shell Parasite","floor":19.0,"turns":5.0},{"damage":27.0,"enemies":"Chosen","floor":21.0,"turns":5.0},{"damage":35.0,"enemies":"Snecko","floor":22.0,"turns":3.0},{"damage":35.0,"enemies":"downfall:FleeingMerchant","floor":23.0,"turns":4.0},{"damage":10.0,"enemies":"Snake Plant","floor":25.0,"turns":3.0},{"damage":62.0,"enemies":"downfall:FleeingMerchant","floor":27.0,"turns":4.0},{"damage":60.0,"enemies":"Cultist and Chosen","floor":28.0,"turns":5.0},{"damage":13.0,"enemies":"Sentry and Sphere","floor":29.0,"turns":7.0},{"damage":20.0,"enemies":"Snecko","floor":32.0,"turns":4.0},{"damage":95.0,"enemies":"SI_MIRROR_ARCHETYPE","floor":33.0,"turns":6.0},{"damage":35.0,"enemies":"3 Darklings","floor":36.0,"turns":3.0},{"damage":8.0,"enemies":"Orb Walker","floor":37.0,"turns":3.0},{"damage":71.0,"enemies":"2 Orb Walkers","floor":38.0,"turns":4.0},{"damage":56.0,"enemies":"3 Darklings","floor":39.0,"turns":5.0},{"damage":30.0,"enemies":"3 Darklings","floor":40.0,"turns":3.0},{"damage":62.0,"enemies":"Writhing Mass","floor":43.0,"turns":5.0},{"damage":80.0,"enemies":"Reptomancer","floor":44.0,"turns":4.0},{"damage":50.0,"enemies":"Maw","floor":46.0,"turns":4.0},{"damage":69.0,"enemies":"Nemesis","floor":48.0,"turns":9.0},{"damage":50.0,"enemies":"Spire Growth","floor":49.0,"turns":4.0},{"damage":169,"enemies":"WA_ARCHETYPE_DIVINITY","floor":50,"turns":11},{"damage":81,"enemies":"downfall:CharBossMerchant","floor":52,"turns":6},{"damage":304,"enemies":"downfall:NeowBoss","floor":55,"turns":7},{"damage":153,"enemies":"downfall:NeowBossFinal","floor":56,"turns":9}],"seed_played":"5514323385600854482","potions_obtained":[{"floor":9.0,"key":"Explosive Potion"},{"floor":14.0,"key":"Swift Potion"},{"floor":15.0,"key":"Guardian:BlockOnCardUsePotion"},{"floor":21.0,"key":"AttackPotion"},{"floor":28.0,"key":"Swift Potion"},{"floor":29.0,"key":"Dexterity Potion"},{"floor":37.0,"key":"LiquidMemories"},{"floor":39.0,"key":"Block Potion"},{"floor":40.0,"key":"Regen Potion"},{"floor":44.0,"key":"Dexterity Potion"},{"floor":48.0,"key":"champ:CounterPotion"},{"floor":52,"key":"hexamod:SoulburnPotion"}],"is_trial":false,"path_per_floor":["R","M","?","?","$","$","T","R","M","?","R","M","?","E","M","B",null,"R","M","?","M","M","$","T","M","R","$","M","M","R","?","M","B",null,"R","M","M","?","M","?","T","$","M","E","R","M","R","E","M","B",null,"E","$","R","B","B",null],"character_chosen":"THE_CHAMP","items_purchased":["champ:PerfectedStrike","ClockworkSouvenir","Potion Belt","Chemical X","champ:BerserkerStyle"],"campfire_rested":0,"item_purchase_floors":[6,23,27,53,53],"current_hp_per_floor":[81,80,62,72,72,67,67,67,67,67,67,67,72,72,64,64,94,94,92,80,63,63,63,63,63,63,56,56,53,63,63,63,63,101,101,101,93,77,66,66,66,66,64,59,114,114,114,100,100,86,107,106,106,106,113,108],"gold":44,"neow_bonus":"TEN_PERCENT_HP_BONUS","is_daily":false,"chose_seed":false,"campfire_upgraded":9,"win_rate":0.0,"timestamp":1613023015,"path_taken":["R","M","?","?","?","$","T","R","M","?","R","?","?","E","M","BOSS","R","M","?","?","M","$","T","M","R","$","M","?","R","?","M","BOSS","R","M","M","?","M","?","T","$","?","E","R","M","R","E","M","BOSS","E","$","R","BOSS","BOSS"],"items_purchased_type":["Card","Relic","Relic","Relic","Card"],"build_version":"2020-12-22","purchased_purges":4,"victory":true,"max_hp_per_floor":[89,89,89,99,99,99,99,99,99,99,99,99,104,104,104,104,104,104,104,104,104,104,104,104,104,104,104,104,104,114,114,114,114,114,114,114,114,114,114,114,114,114,114,114,114,114,114,114,114,114,114,114,114,114,114,114],"relic_stats":{"counters":[33,165],"Prayer Wheel":4,"CloakClasp":[475],"Bag of Preparation":[10],"Chemical X":[7],"War Paint":["champ:Defend","champ:Defend"],"obtain_stats":[{"Potion Belt":27,"downfall:HeartBlessingRed":47,"champ:ChampionCrown":0,"downfall:HeartBlessingGreen":45,"CloakClasp":3,"Bag of Preparation":48,"War Paint":7,"ClockworkSouvenir":23,"champ:GladiatorsBookOfMartialProwess":44,"SlaversCollar":17,"downfall:GremlinWheel":40,"downfall:HeartBlessingBlue":30,"Philosopher\u0027s Stone":34,"Prayer Wheel":38,"Molten Egg 2":41,"Chemical X":53,"Ring of the Serpent":2,"InkBottle":14,"FossilizedHelix":52},{"Potion Belt":15,"downfall:HeartBlessingRed":27,"champ:ChampionCrown":0,"downfall:HeartBlessingGreen":26,"CloakClasp":2,"Bag of Preparation":28,"War Paint":4,"ClockworkSouvenir":13,"champ:GladiatorsBookOfMartialProwess":26,"SlaversCollar":9,"downfall:GremlinWheel":24,"downfall:HeartBlessingBlue":17,"Philosopher\u0027s Stone":19,"Prayer Wheel":22,"Molten Egg 2":24,"Chemical X":31,"Ring of the Serpent":1,"InkBottle":7,"FossilizedHelix":31},{"Potion Belt":66,"downfall:HeartBlessingRed":119,"champ:ChampionCrown":0,"downfall:HeartBlessingGreen":115,"CloakClasp":16,"Bag of Preparation":128,"War Paint":24,"ClockworkSouvenir":59,"champ:GladiatorsBookOfMartialProwess":115,"SlaversCollar":42,"downfall:GremlinWheel":106,"downfall:HeartBlessingBlue":78,"Philosopher\u0027s Stone":88,"Prayer Wheel":98,"Molten Egg 2":106,"Chemical X":149,"Ring of the Serpent":3,"InkBottle":32,"FossilizedHelix":149}],"InkBottle":[90]},"card_choices":[{"not_picked":["champ:TornadoPunch","champ:GutPunch"],"picked":"champ:Backstep","floor":2.0},{"not_picked":["champ:PreciseThrust","champ:Circumvent"],"picked":"champ:StanceDance","floor":3.0},{"not_picked":["champ:Haymaker","champ:ViciousMockery"],"picked":"champ:StrikeOfGenius","floor":5.0},{"not_picked":["champ:FocusedBerserking","champ:ShieldSigil"],"picked":"champ:FlashCut","floor":6.0},{"not_picked":["champ:Encircle","champ:FanOfKnives"],"picked":"champ:Lariat","floor":9.0},{"not_picked":["champ:BerserkersShout","champ:PreciseThrust"],"picked":"champ:AdrenalArmor","floor":12.0},{"not_picked":["champ:Backstep","champ:Improvising"],"picked":"champ:EnGarde","floor":14.0},{"not_picked":["champ:CrownThrow","champ:Shatter","champ:EndlessRage"],"picked":"SKIP","floor":15.0},{"not_picked":["champ:Improvising","champ:EnchantSword"],"picked":"champ:GladiatorForm","floor":16.0},{"not_picked":["champ:PreciseThrust","champ:BringItOn","champ:TornadoPunch"],"picked":"SKIP","floor":19.0},{"not_picked":["champ:BladeFlurry","champ:EnGarde+1"],"picked":"champ:GutPunch+1","floor":21.0},{"not_picked":["champ:EnGarde","champ:GladiatorStyle","champ:GutPunch"],"picked":"SKIP","floor":22.0},{"not_picked":["champ:DefensiveShout","champ:EndlessRage"],"picked":"champ:DancingMaster","floor":23.0},{"not_picked":["champ:FaceSlap","champ:BladeFlurry+1"],"picked":"champ:RageSigil+1","floor":25.0},{"not_picked":["champ:ShieldWall","champ:Circumvent+1"],"picked":"champ:ViciousMockery","floor":27.0},{"not_picked":["champ:BladeFlurry+1","champ:PreciseThrust","champ:Shatter"],"picked":"SKIP","floor":28.0},{"not_picked":["champ:FaceSlap","champ:AdrenalArmor","champ:DefensiveStyle"],"picked":"SKIP","floor":29.0},{"not_picked":["champ:BringItOn+1","champ:PreciseThrust"],"picked":"champ:GladiatorForm","floor":32.0},{"not_picked":["champ:LastStand","champ:SteelEdge"],"picked":"champ:EnchantCrown","floor":33.0},{"not_picked":["champ:StanceDance+1","champ:HeartStrike+1"],"picked":"champ:PerfectedStrike+1","floor":36.0},{"not_picked":["champ:StanceDance","champ:FanOfKnives","champ:EnGarde"],"picked":"SKIP","floor":37.0},{"not_picked":["champ:ShieldSigil","champ:StanceDance","champ:ArenaPreparation"],"picked":"SKIP","floor":39.0},{"not_picked":["champ:SwordSigil+1","champ:Shatter","champ:StanceDance"],"picked":"SKIP","floor":39.0},{"not_picked":["champ:FanOfKnives+1","champ:ShieldSigil+1","champ:FocusedDefense"],"picked":"SKIP","floor":43.0},{"not_picked":["champ:TornadoPunch+1","champ:Shatter+1","champ:EndlessRage"],"picked":"SKIP","floor":43.0},{"not_picked":["champ:AdrenalArmor+1","champ:Haymaker+1"],"picked":"champ:Duel+1","floor":44.0},{"not_picked":["champ:SetATrap","champ:EndlessRage"],"picked":"champ:FaceSlap+1","floor":46.0},{"not_picked":["champ:TornadoPunch+1","champ:ArenaPreparation","champ:FancyFootwork"],"picked":"SKIP","floor":46.0},{"not_picked":["champ:Shatter+1","champ:TripleStrike+1"],"picked":"champ:Lariat","floor":48.0},{"not_picked":["champ:Circumvent+1","champ:BladeFlurry+1","champ:CrownThrow+1"],"picked":"SKIP","floor":49.0},{"not_picked":["champ:FlashCut+1","champ:DefensiveShout","champ:BerserkersShout"],"picked":"SKIP","floor":49.0},{"not_picked":["champ:DancingMaster","champ:IronFortress"],"picked":"champ:ShieldSlam","floor":52}],"player_experience":3556010,"relics_obtained":[{"floor":3.0,"key":"CloakClasp"},{"floor":7.0,"key":"War Paint"},{"floor":14.0,"key":"InkBottle"},{"floor":38.0,"key":"Prayer Wheel"},{"floor":40.0,"key":"downfall:GremlinWheel"},{"floor":41.0,"key":"Molten Egg 2"},{"floor":44.0,"key":"champ:GladiatorsBookOfMartialProwess"},{"floor":48.0,"key":"Bag of Preparation"},{"floor":52,"key":"FossilizedHelix"}],"event_choices":[{"damage_healed":0.0,"max_hp_gain":5.0,"max_hp_loss":0.0,"gold_gain":0.0,"event_name":"Big Fish","player_choice":"Donut","floor":13.0,"gold_loss":0.0,"damage_taken":0.0},{"damage_healed":0.0,"max_hp_gain":0.0,"max_hp_loss":0.0,"gold_gain":0.0,"event_name":"Mysterious Sphere","player_choice":"Fight","floor":38.0,"gold_loss":0.0,"damage_taken":0.0},{"damage_healed":55.0,"max_hp_gain":0.0,"max_hp_loss":0.0,"gold_gain":0.0,"event_name":"Wheel of Change","player_choice":"Full Heal","floor":45.0,"gold_loss":0.0,"damage_taken":0.0}],"is_beta":false,"boss_relics":[{"not_picked":["Cursed Key","Astrolabe"],"picked":"SlaversCollar"},{"not_picked":["Busted Crown","sneckomod:SneckoTalon"],"picked":"Philosopher\u0027s Stone"}],"items_purged_floors":[5,23,27,42],"is_endless":false,"potions_floor_spawned":[9,14,15,21,28,29,37,39,40,44,48,52],"ascension_level":20}}