{"host":"mz5hf7l9u79ze5ha","time":1613051036,"event":{"mods":["AchievementEnabler","BaseMod","Bestiary","Better Third Choice","BetterRewards","Colored Map","Colored Powertips","Curses Come First","Downfall","Googly Eyes","Hermit","Hubris","Minty Spire (QoL Compilation)","Quick Restart","Rare Cards Sparkle","Relic Stats","Reliquary","Replay The Spire","StSLib","The Bladedancer","The Bug Knight","The Cursed","The Hierophant","The Marked","Unceasing Turn Reminder"],"gold_per_floor":[116,129,142,92,92,125,125,141,217,237,262,282,282,297,297,398,398,413,440,69,69,146,146,180,187,187,187,104,135,154,164,164,164,164],"floor_reached":33,"language":"ENG","playtime":2291,"items_purged":["HollowMod:MothsMistake"],"score":320,"play_id":"bfeedbc0-8a3c-47f5-8850-0d2071d86f5f","local_time":"20210211154356","is_ascension_mode":false,"campfire_choices":[{"data":"HollowMod:FocusHealStart","floor":7,"key":"SMITH"},{"data":"HollowMod:VengefulSpirit","floor":13,"key":"SMITH"},{"data":"HollowMod:CycloneSlash","floor":15,"key":"SMITH"},{"floor":23,"key":"REST"},{"data":"HollowMod:SoulMaster","floor":27,"key":"SMITH"},{"data":"HollowMod:GoodIntentions","floor":32,"key":"SMITH"}],"circlet_count":0,"master_deck":["HollowMod:NailStrikeStart","HollowMod:NailStrikeStart","HollowMod:NailStrikeStart","HollowMod:QuickDashStart","HollowMod:QuickDashStart","HollowMod:QuickDashStart","HollowMod:QuickDashStart","HollowMod:FocusHealStart+1","HollowMod:PogoStrike","HollowMod:MantisMark","HollowMod:SoulStrike","HollowMod:LifebloodCore","HollowMod:DescendingDark","HollowMod:FallenFury","HollowMod:VengefulSpirit+1","HollowMod:DesolateDive","HollowMod:CycloneSlash+1","HollowMod:SoulMaster+1","HollowMod:MonarchWings","HollowMod:MantisMark","HollowMod:AwokenDreamNail","HollowMod:CloakDash","Toxin Wave","HollowMod:GoodIntentions+1"],"relics":["HollowMod:VesselMask","NeowsBlessing","Mango","Ornamental Fan","Odd Mushroom","BranchBurnRelic","Sozu","Red Mask","HollowMod:MillibellesNoteRelic","Ring of Peace","hubris:DisguiseKit","Pear","hubris:TenFootPole","ReplayTheSpireMod:CursedCoin","Art of War"],"acts_visited":["Exordium","TheCity"],"potions_floor_usage":[11,11,11,11,14,16,24],"damage_taken":[{"damage":0,"enemies":"Jaw Worm","floor":1,"turns":1},{"damage":0,"enemies":"2 Louse","floor":2,"turns":1},{"damage":0,"enemies":"Cultist","floor":3,"turns":1},{"damage":38,"enemies":"3 Sentries","floor":6,"turns":9},{"damage":2,"enemies":"Looter","floor":8,"turns":4},{"damage":7,"enemies":"The Mushroom Lair","floor":10,"turns":4},{"damage":25,"enemies":"Lagavulin","floor":11,"turns":6},{"damage":2,"enemies":"Lots of Slimes","floor":12,"turns":3},{"damage":0,"enemies":"Exordium Thugs","floor":14,"turns":3},{"damage":53,"enemies":"HollowMod:FalseKnight","floor":16,"turns":10},{"damage":25,"enemies":"Shell Parasite","floor":18,"turns":6},{"damage":29,"enemies":"Masked Bandits","floor":19,"turns":4},{"damage":20,"enemies":"Slavers","floor":24,"turns":7},{"damage":0,"enemies":"Spheric Guardian","floor":28,"turns":5},{"damage":7,"enemies":"HollowMod:Nosk","floor":29,"turns":8},{"damage":18,"enemies":"3 Cultists","floor":30,"turns":6},{"damage":8,"enemies":"Snake Plant","floor":31,"turns":6},{"damage":118,"enemies":"Pondfish","floor":33,"turns":15}],"seed_played":"1172272455565795396","potions_obtained":[{"floor":1,"key":"Adrenaline Potion"},{"floor":3,"key":"EntropicBrew"},{"floor":10,"key":"AttackPotion"},{"floor":11,"key":"SkillPotion"},{"floor":12,"key":"sneckomod:MuddlingPotion"}],"is_trial":false,"path_per_floor":["M","M","M","?","?","E","R","M","T","?","E","M","R","M","R","B",null,"M","?","$","?","T","R","E","$","T","R","M","E","M","M","R","B"],"character_chosen":"THE_BUGKNIGHT","items_purchased":["HollowMod:MillibellesNoteRelic","HollowMod:AwokenDreamNail","hubris:TenFootPole","ReplayTheSpireMod:CursedCoin"],"campfire_rested":1,"item_purchase_floors":[20,20,25,25],"current_hp_per_floor":[75,75,75,75,80,66,66,70,70,73,60,64,64,76,76,48,94,75,52,52,52,52,80,91,91,91,91,104,97,89,91,91,0,0],"gold":164,"neow_bonus":"THREE_ENEMY_KILL","is_daily":false,"chose_seed":false,"campfire_upgraded":5,"win_rate":0.0,"timestamp":1613051036,"path_taken":["M","M","M","?","?","E","R","M","T","?","E","M","R","M","R","BOSS","M","?","$","?","?","R","E","$","T","R","M","E","M","M","R","BOSS"],"items_purchased_type":["Relic","Card","Relic","Relic"],"build_version":"2020-12-22","purchased_purges":1,"victory":false,"max_hp_per_floor":[75,75,75,75,80,94,94,94,94,94,94,94,94,94,94,94,94,94,94,94,94,94,94,104,104,104,104,104,104,104,104,104,104,104],"relic_stats":{"Sozu":3,"counters":[18,99],"Ornamental Fan":[132],"Art of War":[2],"obtain_stats":[{"hubris:DisguiseKit":22,"Pear":24,"NeowsBlessing":0,"ReplayTheSpireMod:CursedCoin":25,"Dead Branch":11,"HollowMod:VesselMask":0,"Mango":6,"Odd Mushroom":10,"HollowMod:MillibellesNoteRelic":20,"Sozu":17,"BranchBurnRelic":13,"Ornamental Fan":9,"Ring of Peace":21,"Red Mask":19,"hubris:TenFootPole":25,"Art of War":29},{"hubris:DisguiseKit":12,"Pear":13,"NeowsBlessing":0,"ReplayTheSpireMod:CursedCoin":13,"Dead Branch":7,"HollowMod:VesselMask":0,"Mango":4,"Odd Mushroom":6,"HollowMod:MillibellesNoteRelic":12,"Sozu":10,"BranchBurnRelic":8,"Ornamental Fan":5,"Ring of Peace":12,"Red Mask":12,"hubris:TenFootPole":13,"Art of War":15},{"hubris:DisguiseKit":52,"Pear":59,"NeowsBlessing":0,"ReplayTheSpireMod:CursedCoin":59,"Dead Branch":26,"HollowMod:VesselMask":0,"Mango":12,"Odd Mushroom":20,"HollowMod:MillibellesNoteRelic":52,"Sozu":42,"BranchBurnRelic":29,"Ornamental Fan":16,"Ring of Peace":52,"Red Mask":52,"hubris:TenFootPole":59,"Art of War":72}]},"card_choices":[{"not_picked":["HollowMod:InfectedAttack","HollowMod:FastStrike"],"picked":"HollowMod:MantisMark","floor":1},{"not_picked":["HollowMod:MantisMark","HollowMod:SiblingsSouls"],"picked":"HollowMod:SoulStrike","floor":2},{"not_picked":["HollowMod:VengefulVoid","HollowMod:TaintedHusks"],"picked":"HollowMod:MothsMistake","floor":3},{"not_picked":["HollowMod:HowlingWraiths","HollowMod:NewInfectedGuardian"],"picked":"HollowMod:LifebloodCore","floor":6},{"not_picked":["HollowMod:SharpenedShadows","HollowMod:InfectedAttack"],"picked":"HollowMod:DescendingDark","floor":8},{"not_picked":["HollowMod:SharpenedNail","HollowMod:DesolateDive"],"picked":"HollowMod:FallenFury","floor":10},{"not_picked":["HollowMod:HeavyBlow","HollowMod:SoulVessel"],"picked":"HollowMod:VengefulSpirit","floor":11},{"not_picked":["HollowMod:VengefulVoid","HollowMod:PerfectDash"],"picked":"HollowMod:DesolateDive","floor":12},{"not_picked":["HollowMod:SiblingsShadow","HollowMod:QuirrelsAssistance"],"picked":"HollowMod:CycloneSlash","floor":14},{"not_picked":["HollowMod:theNailsmith","HollowMod:NewInfectedGuardian"],"picked":"HollowMod:SoulMaster","floor":16},{"not_picked":["HollowMod:VengefulSpirit","HollowMod:ShadowDash"],"picked":"HollowMod:MonarchWings","floor":18},{"not_picked":["HollowMod:SoulStrike+1","HollowMod:InfectedAttack+1"],"picked":"HollowMod:MantisMark","floor":19},{"not_picked":["HollowMod:InfectedCysts+1","HollowMod:MonarchWings+1","HollowMod:CrystalDash","Flying Knee"],"picked":"SKIP","floor":24},{"not_picked":["HollowMod:DashSlash","HollowMod:SoulMaster","Catalyst"],"picked":"HollowMod:CloakDash","floor":28},{"not_picked":["HollowMod:DescendingDark+1","HollowMod:AbyssShriek","HollowMod:InfectedAttack+1"],"picked":"Toxin Wave","floor":29},{"not_picked":["HollowMod:InfectedCysts","HollowMod:NewJinnsSoul+1","HollowMod:TaintedHusks","Riddle With Holes"],"picked":"SKIP","floor":30},{"not_picked":["HollowMod:NewJinnsSoul","HollowMod:LifebloodCocoon","hubris:SlightOfHand"],"picked":"HollowMod:GoodIntentions","floor":31}],"player_experience":161410,"relics_obtained":[{"floor":6,"key":"Mango"},{"floor":9,"key":"Ornamental Fan"},{"floor":10,"key":"Odd Mushroom"},{"floor":11,"key":"Dead Branch"},{"floor":19,"key":"Red Mask"},{"floor":21,"key":"Ring of Peace"},{"floor":22,"key":"hubris:DisguiseKit"},{"floor":24,"key":"Pear"},{"floor":29,"key":"Art of War"}],"event_choices":[{"cards_removed":["HollowMod:NailStrikeStart"],"damage_healed":0,"gold_gain":0,"player_choice":"Card Removal","damage_taken":0,"max_hp_gain":0,"max_hp_loss":0,"event_name":"The Cleric","floor":4,"gold_loss":50},{"damage_healed":0,"gold_gain":0,"player_choice":"Donut","damage_taken":0,"max_hp_gain":5,"max_hp_loss":0,"event_name":"Big Fish","floor":5,"gold_loss":0},{"damage_healed":0,"gold_gain":0,"player_choice":"Fought Mushrooms","damage_taken":0,"max_hp_gain":0,"max_hp_loss":0,"event_name":"Mushrooms","floor":10,"gold_loss":0},{"damage_healed":0,"gold_gain":0,"player_choice":"Fought Bandits","damage_taken":0,"max_hp_gain":0,"max_hp_loss":0,"event_name":"Masked Bandits","floor":19,"gold_loss":0}],"is_beta":false,"boss_relics":[{"not_picked":["Fusion Hammer","Coffee Dripper"],"picked":"Sozu"}],"items_purged_floors":[20],"is_endless":false,"potions_floor_spawned":[1,3,10,11,12,19,24,29],"killed_by":"Pondfish","ascension_level":0}}