{"host":"a3wpq7kyokchzawk","time":1613044782,"event":{"mods":["BaseMod","Colored Map","Highlight Path","Minty Spire (QoL Compilation)","Permanent Neow","Potion Indicator Mod","Relic Stats","Weighted Paths"],"gold_per_floor":[115,115,115,131,147,147,147,164,164,181,181,199,234,254,254,331,331,343,13,26,26,26],"floor_reached":21,"language":"ENG","playtime":2726,"items_purged":["Strike_G"],"score":366,"play_id":"efc79ad8-6b66-4614-80da-ef51b2e510df","local_time":"20210211095942","is_ascension_mode":true,"campfire_choices":[{"floor":6,"key":"REST"},{"data":"Cloak And Dagger","floor":11,"key":"SMITH"},{"data":"Envenom","floor":15,"key":"SMITH"}],"circlet_count":0,"master_deck":["AscendersBane","Strike_G","Strike_G","Strike_G","Defend_G","Defend_G","Defend_G","Defend_G","Survivor","Neutralize","Secret Technique","Riddle With Holes","Underhanded Strike","Backstab","Crippling Poison","Cloak And Dagger+1","Poisoned Stab","Underhanded Strike","Envenom+1","Deflect","After Image","Footwork","Terror","Deflect"],"relics":["Ring of the Snake","Ornamental Fan","Singing Bowl","Ice Cream","SlaversCollar","TheAbacus"],"acts_visited":["Exordium","TheCity"],"potions_floor_usage":[16,16],"damage_taken":[{"damage":16,"enemies":"Jaw Worm","floor":1,"turns":6},{"damage":2,"enemies":"2 Louse","floor":4,"turns":2},{"damage":4,"enemies":"Cultist","floor":5,"turns":4},{"damage":2,"enemies":"Large Slime","floor":8,"turns":5},{"damage":0,"enemies":"Gremlin Gang","floor":10,"turns":5},{"damage":0,"enemies":"3 Louse","floor":12,"turns":3},{"damage":12,"enemies":"3 Sentries","floor":13,"turns":10},{"damage":1,"enemies":"Exordium Wildlife","floor":14,"turns":3},{"damage":45,"enemies":"Slime Boss","floor":16,"turns":12},{"damage":14,"enemies":"Chosen","floor":18,"turns":7},{"damage":13,"enemies":"Shell Parasite","floor":20,"turns":7},{"damage":20,"enemies":"Shelled Parasite and Fungi","floor":21,"turns":2}],"seed_played":"4530548904522653371","potions_obtained":[{"floor":5,"key":"GhostInAJar"},{"floor":12,"key":"EntropicBrew"},{"floor":20,"key":"Energy Potion"}],"is_trial":false,"path_per_floor":["M","?","?","M","M","R","?","M","T","M","R","M","E","M","R","B",null,"M","$","M","M"],"character_chosen":"THE_SILENT","items_purchased":["Terror","TheAbacus"],"campfire_rested":1,"item_purchase_floors":[19,19],"current_hp_per_floor":[43,36,25,23,19,37,37,35,35,35,35,35,23,22,22,3,46,32,32,19,0,0],"gold":26,"neow_bonus":"RANDOM_COLORLESS_2","is_daily":false,"chose_seed":false,"campfire_upgraded":2,"win_rate":0.0,"timestamp":1613044782,"path_taken":["M","?","?","M","M","R","?","M","T","M","R","M","E","M","R","BOSS","M","$","M","M"],"items_purchased_type":["Card","Relic"],"build_version":"2020-12-22","purchased_purges":1,"victory":false,"max_hp_per_floor":[60,60,60,60,60,60,60,60,60,60,60,60,60,60,60,60,60,60,60,60,60,60],"relic_stats":{"TheAbacus":[6],"Singing Bowl":0,"counters":[12,66],"Ornamental Fan":[64],"obtain_stats":[{"Ice Cream":13,"SlaversCollar":17,"TheAbacus":19,"Singing Bowl":9,"Ornamental Fan":3,"Ring of the Snake":0},{"Ice Cream":7,"SlaversCollar":9,"TheAbacus":10,"Singing Bowl":4,"Ornamental Fan":1,"Ring of the Snake":0},{"Ice Cream":35,"SlaversCollar":50,"TheAbacus":57,"Singing Bowl":17,"Ornamental Fan":6,"Ring of the Snake":0}],"Ring of the Snake":[24]},"card_choices":[{"not_picked":["Thinking Ahead","Metamorphosis"],"picked":"Secret Technique","floor":0},{"not_picked":["Slice","Sucker Punch"],"picked":"Riddle With Holes","floor":1},{"not_picked":["Finisher","Distraction"],"picked":"Underhanded Strike","floor":4},{"not_picked":["Underhanded Strike","Outmaneuver"],"picked":"Backstab","floor":5},{"not_picked":["Bouncing Flask","Expertise"],"picked":"Cloak And Dagger","floor":8},{"not_picked":["Sucker Punch","Acrobatics"],"picked":"Poisoned Stab","floor":10},{"not_picked":["Dodge and Roll","Backstab"],"picked":"Underhanded Strike","floor":12},{"not_picked":["PiercingWail","Expertise"],"picked":"Envenom","floor":13},{"not_picked":["Dagger Spray","Flechettes"],"picked":"Deflect","floor":14},{"not_picked":["Bullet Time","Venomology"],"picked":"After Image","floor":16},{"not_picked":["Deflect","Skewer+1"],"picked":"Footwork","floor":18},{"not_picked":["Sucker Punch","Slice"],"picked":"Deflect","floor":20}],"player_experience":2684474,"relics_obtained":[{"floor":9,"key":"Singing Bowl"},{"floor":13,"key":"Ice Cream"}],"event_choices":[{"cards_removed":["Defend_G"],"damage_healed":0,"gold_gain":0,"player_choice":"Card Removal","damage_taken":7,"max_hp_gain":0,"max_hp_loss":0,"event_name":"Golden Wing","floor":2,"gold_loss":0},{"damage_healed":0,"gold_gain":0,"player_choice":"Success","damage_taken":11,"relics_obtained":["Ornamental Fan"],"max_hp_gain":0,"max_hp_loss":0,"event_name":"Scrap Ooze","floor":3,"gold_loss":0},{"damage_healed":0,"gold_gain":0,"cards_transformed":["Strike_G"],"player_choice":"Transformed","damage_taken":0,"max_hp_gain":0,"max_hp_loss":0,"event_name":"Transmorgrifier","floor":7,"gold_loss":0,"cards_obtained":["Crippling Poison"]}],"is_beta":false,"boss_relics":[{"not_picked":["HoveringKite","Black Star"],"picked":"SlaversCollar"}],"items_purged_floors":[19],"is_endless":false,"potions_floor_spawned":[5,12,13,14,20],"killed_by":"Shelled Parasite and Fungi","ascension_level":20}}