{"host":"phapnj0danpxvjlm","time":1613007747,"event":{"mods":["Ascension Reborn","BaseMod","Better Note","Better Third Choice","BetterRewards","Bossed Relics","Colored Powertips","Downfall","Hermit","Minty Spire (QoL Compilation)","Permanent Neow","Quick Restart","Rare Cards Sparkle","Spire Arcade","StSLib","The Animator","The Necromancer","The Wild Card"],"gold_per_floor":[99,122,122,142,156,179,211,230,271,288,288,288,188,219,243,367,367,267,281,304,320,163,163,195,235,254,254,254,374,309,339,351,475,475,475,491,231,231,243,265,265,283,283,300,656,674,674,691,715,715],"floor_reached":51,"language":"ENG","playtime":2503,"items_purged":["Slimebound:SplitBruiser","Slimebound:AcidTongue"],"score":905,"play_id":"ae4f7305-ae1a-425e-89ae-6c21778a3f9a","local_time":"20210211024227","is_ascension_mode":true,"campfire_choices":[{"floor":1.0,"key":"RECALL"},{"data":"Slimebound:MassRepurpose","floor":13.0,"key":"SMITH"},{"data":"Slimebound:LevelUp","floor":18.0,"key":"SMITH"},{"data":"expansioncontent:StudyTheSpire","floor":23.0,"key":"SMITH"},{"floor":28.0,"key":"REST"},{"data":"1","floor":35,"key":"LIFT"},{"data":"2","floor":43,"key":"LIFT"},{"data":"3","floor":47,"key":"LIFT"}],"circlet_count":0,"master_deck":["Slimebound:Strike_Slimebound+1","Slimebound:Strike_Slimebound+1","Slimebound:Strike_Slimebound+1","Slimebound:Tackle+1","Slimebound:Defend_Slimebound+1","Slimebound:Defend_Slimebound+1","Slimebound:Defend_Slimebound+1","Slimebound:Split+1","Slimebound:CorrosiveSpit+1","Slimebound:SplitLeeching+1","Slimebound:GoopSpray+1","Slimebound:DisruptingSlam+1","Slimebound:SlimeBarrage+1","Slimebound:LevelUp+1","Slimebound:MassRepurpose+1","expansioncontent:StudyTheSpire+1","Slimebound:DuplicatedForm","Slimebound:LevelUp+1","Slimebound:SplitBruiser+1","Slimebound:PressTheAttack+1","Slimebound:SplitSpecialist","Slimebound:ForwardTackle+1"],"relics":["Slimebound:AbsorbEndCombatUpgraded","Omamori","Bronze Scales","Pantograph","War Paint","downfall:ExtraCursedBell","Smiling Mask","InkBottle","Ginger","downfall:HeartBlessingRed","Singing Bowl","Ice Cream","downfall:HeartBlessingGreen","Pear","TungstenRod","Girya","Bottled Tornado","Whetstone","Mercury Hourglass","Peace Pipe","Empty Cage","Slimebound:MaxSlimesRelic","Vajra","White Beast Statue","Shuriken","Gremlin Horn","Orichalcum"],"acts_visited":["Exordium","TheCity","TheBeyond"],"potions_floor_usage":[33,37,37,37,45,45,45],"damage_taken":[{"damage":0.0,"enemies":"Small Slimes","floor":2.0,"turns":2.0},{"damage":0.0,"enemies":"Cultist","floor":4.0,"turns":2.0},{"damage":0.0,"enemies":"2 Louse","floor":5.0,"turns":3.0},{"damage":5.0,"enemies":"Gremlin Gang","floor":6.0,"turns":4.0},{"damage":0.0,"enemies":"Exordium Wildlife","floor":8.0,"turns":3.0},{"damage":1.0,"enemies":"3 Sentries","floor":9.0,"turns":3.0},{"damage":0.0,"enemies":"2 Fungi Beasts","floor":10.0,"turns":2.0},{"damage":0.0,"enemies":"Lagavulin","floor":14.0,"turns":3.0},{"damage":0.0,"enemies":"Lots of Slimes","floor":15.0,"turns":2.0},{"damage":3.0,"enemies":"SI_SHIV_ARCHETYPE","floor":16.0,"turns":4.0},{"damage":0.0,"enemies":"Chosen","floor":19.0,"turns":2.0},{"damage":9.0,"enemies":"Snecko","floor":20.0,"turns":3.0},{"damage":1.0,"enemies":"Sentry and Sphere","floor":21.0,"turns":3.0},{"damage":0.0,"enemies":"downfall:FleeingMerchant","floor":22.0,"turns":4.0},{"damage":22.0,"enemies":"Slavers","floor":25.0,"turns":3.0},{"damage":15.0,"enemies":"Snake Plant","floor":26.0,"turns":2.0},{"damage":0.0,"enemies":"IC_STATUS_ARCHETYPE","floor":29.0,"turns":4.0},{"damage":2.0,"enemies":"downfall:FleeingMerchant","floor":30.0,"turns":4.0},{"damage":5,"enemies":"Gremlin Leader","floor":31,"turns":4},{"damage":0,"enemies":"Snecko","floor":32,"turns":4},{"damage":0,"enemies":"WA_ARCHETYPE_CALM","floor":33,"turns":5},{"damage":9,"enemies":"3 Darklings","floor":36,"turns":3},{"damage":19,"enemies":"downfall:FleeingMerchant","floor":37,"turns":4},{"damage":0,"enemies":"3 Shapes","floor":39,"turns":2},{"damage":29,"enemies":"Writhing Mass","floor":40,"turns":4},{"damage":0,"enemies":"Transient","floor":42,"turns":5},{"damage":7,"enemies":"Maw","floor":44,"turns":4},{"damage":3,"enemies":"downfall:FleeingMerchant","floor":45,"turns":4},{"damage":15,"enemies":"3 Darklings","floor":46,"turns":4},{"damage":0,"enemies":"Transient","floor":48,"turns":5},{"damage":0,"enemies":"Spire Growth","floor":49,"turns":2},{"damage":26,"enemies":"DF_ARCHETYPE_ORBS","floor":50,"turns":5}],"seed_played":"-3558697817471201082","potions_obtained":[{"floor":2.0,"key":"BlessingOfTheForge"},{"floor":2.0,"key":"EssenceOfSteel"},{"floor":4.0,"key":"champ:CounterPotion"},{"floor":6.0,"key":"PowerPotion"},{"floor":8.0,"key":"CultistPotion"},{"floor":9.0,"key":"Ancient Potion"},{"floor":9.0,"key":"Swift Potion"},{"floor":10.0,"key":"Fruit Juice"},{"floor":14.0,"key":"DistilledChaos"},{"floor":16.0,"key":"LiquidMemories"},{"floor":21.0,"key":"Slimebound:SlimedPotion"},{"floor":25.0,"key":"hexamod:SoulburnPotion"},{"floor":26.0,"key":"SmokeBomb"},{"floor":30.0,"key":"SkillPotion"},{"floor":32,"key":"Slimebound:SpawnSlimePotion"},{"floor":33,"key":"DuplicationPotion"},{"floor":37,"key":"FearPotion"},{"floor":39,"key":"AttackPotion"},{"floor":39,"key":"PowerPotion"},{"floor":45,"key":"DistilledChaos"},{"floor":45,"key":"SteroidPotion"},{"floor":46,"key":"SteroidPotion"},{"floor":48,"key":"Slimebound:SlimedPotion"}],"is_trial":false,"path_per_floor":["R","M","?","M","M","M","T","M","E","M","?","?","R","E","M","B",null,"R","M","M","M","$","R","T","E","M","?","R","?","$","E","M","B",null,"R","M","$","T","M","M","T","M","R","M","$","M","R","M","M","B",null],"character_chosen":"SLIMEBOUND","items_purchased":["expansioncontent:StudyTheSpire","Slimebound:MaxSlimesRelic","Slimebound:SplitSpecialist"],"campfire_rested":1,"item_purchase_floors":[22,37,45],"current_hp_per_floor":[71,71,81,81,81,81,81,81,81,81,81,81,81,88,90,96,96,96,98,92,102,104,104,114,99,87,87,118,120,122,124,126,132,132,132,134,134,134,136,136,136,136,136,136,140,140,140,142,144,134],"gold":715,"neow_bonus":"ONE_RANDOM_RARE_CARD","is_daily":false,"chose_seed":false,"campfire_upgraded":3,"win_rate":0.0,"timestamp":1613007747,"path_taken":["R","M","?","?","M","M","T","M","E","M","?","?","R","E","M","BOSS","R","?","M","M","$","R","T","E","M","?","R","?","?","E","M","BOSS","R","M","$","?","M","M","T","?","R","M","$","M","R","M","M","BOSS"],"items_purchased_type":["Card","Relic","Card"],"build_version":"2020-12-22","purchased_purges":2,"victory":true,"max_hp_per_floor":[71,71,81,81,81,81,81,81,81,81,81,81,81,88,90,96,96,96,98,100,102,104,104,114,116,118,118,118,120,122,124,126,132,132,132,134,134,134,136,136,136,136,136,138,140,140,140,142,144,150],"card_choices":[{"not_picked":["Slimebound:Schlurp","Slimebound:ComboTackle+1"],"picked":"Slimebound:SplitLeeching","floor":2.0},{"not_picked":["Slimebound:LivingWall","Slimebound:SlimeBrawl"],"picked":"Slimebound:AcidTongue","floor":4.0},{"not_picked":["Slimebound:Prepare","Slimebound:GrowthPunch"],"picked":"Slimebound:GoopSpray","floor":5.0},{"not_picked":["Slimebound:SplitAcid","Slimebound:MegaLick"],"picked":"Slimebound:SplitBruiser","floor":6.0},{"not_picked":["Slimebound:Schlurp","Slimebound:Equalize"],"picked":"Slimebound:DisruptingSlam","floor":8.0},{"not_picked":["Slimebound:FinishingTackle+1","Slimebound:RollThrough+1"],"picked":"Slimebound:SlimeBarrage+1","floor":9.0},{"not_picked":["Slimebound:TongueLash+1","Slimebound:SplitLeeching"],"picked":"Slimebound:LevelUp","floor":9.0},{"not_picked":["Slimebound:Schlurp","Slimebound:ComboTackle+1","Slimebound:FormOfPuddle"],"picked":"SKIP","floor":10.0},{"not_picked":["Slimebound:SplitSpecialist+1","Slimebound:LivingWall","Slimebound:RallyTheTroops"],"picked":"Singing Bowl","floor":14.0},{"not_picked":["Slimebound:SlimeBarrage","Slimebound:MegaLick","Slimebound:RollThrough"],"picked":"SKIP","floor":14.0},{"not_picked":["Slimebound:SplitAcid","Slimebound:ServeAndProtect","Slimebound:Gluttony"],"picked":"Singing Bowl","floor":15.0},{"not_picked":["Slimebound:Overexert","Slimebound:MassRepurpose"],"picked":"Slimebound:MassFeed","floor":16.0},{"not_picked":["Slimebound:SlimeBrawl+1","Slimebound:Prepare","Slimebound:GoopTackle"],"picked":"Singing Bowl","floor":19.0},{"not_picked":["Slimebound:AcidTongue","Slimebound:LeadByExample+1","Slimebound:LivingWall+1"],"picked":"Singing Bowl","floor":20.0},{"not_picked":["Slimebound:Gluttony","Slimebound:SlimeSpikes+1","Slimebound:SplitLeeching+1"],"picked":"Singing Bowl","floor":21.0},{"not_picked":["Slimebound:FinishingTackle+1","Slimebound:PressTheAttack","Slimebound:ForwardTackle+1"],"picked":"Singing Bowl","floor":22.0},{"not_picked":["Slimebound:SplitLeeching","Slimebound:SplitAcid+1","Slimebound:RollThrough+1"],"picked":"Singing Bowl","floor":25.0},{"not_picked":["Slimebound:SlimeTap","Slimebound:WasteNot","Slimebound:SplitMire"],"picked":"Singing Bowl","floor":26.0},{"not_picked":["Slimebound:DivideAndConquer+1","Slimebound:SplitAcid","Slimebound:Grow"],"picked":"Singing Bowl","floor":29.0},{"not_picked":["Slimebound:Schlurp+1","Slimebound:Prepare","Slimebound:TongueLash"],"picked":"Singing Bowl","floor":30.0},{"not_picked":["Slimebound:ItLooksTasty","Slimebound:SplitLeeching","Slimebound:GoopSpray+1"],"picked":"Singing Bowl","floor":31},{"not_picked":["Slimebound:FinishingTackle+1","Slimebound:RollThrough","Slimebound:ServeAndProtect"],"picked":"Singing Bowl","floor":32},{"not_picked":["Slimebound:OneTwoCombo","Slimebound:SelfFormingGoo"],"picked":"Slimebound:DuplicatedForm","floor":33},{"not_picked":["Slimebound:SplitAcid+1","Slimebound:PressTheAttack+1","Slimebound:LeechingTouch+1"],"picked":"Singing Bowl","floor":36},{"not_picked":["Slimebound:ServeAndProtect+1","Slimebound:GoopTackle"],"picked":"Slimebound:LevelUp+1","floor":37},{"not_picked":["Slimebound:SlimeSpikes+1","Slimebound:DisruptingSlam+1","Slimebound:GoopSpray+1"],"picked":"Singing Bowl","floor":39},{"not_picked":["Slimebound:SplitAcid","Slimebound:SplitLeeching"],"picked":"Slimebound:SplitBruiser+1","floor":40},{"not_picked":["Slimebound:HauntingLick+1","Slimebound:AcidTongue+1"],"picked":"Slimebound:PressTheAttack+1","floor":42},{"not_picked":["Slimebound:GoopSpray","Slimebound:ItLooksTasty","Slimebound:WasteNot"],"picked":"Singing Bowl","floor":44},{"not_picked":["Slimebound:SamplingLick+1","Slimebound:HauntingLick+1","Slimebound:SplitAcid+1"],"picked":"Singing Bowl","floor":45},{"not_picked":["Slimebound:LeechEnergy+1","Slimebound:TongueLash+1"],"picked":"Slimebound:ForwardTackle+1","floor":46},{"not_picked":["Slimebound:HauntingLick+1","Slimebound:SlimeTap+1","Slimebound:LeechingTouch+1"],"picked":"Singing Bowl","floor":48},{"not_picked":["Slimebound:ItLooksTasty+1","Slimebound:SpikyOuterGoop","Slimebound:FinishingTackle"],"picked":"Singing Bowl","floor":49}],"player_experience":533474,"relics_obtained":[{"floor":7.0,"key":"Omamori"},{"floor":7.0,"key":"Bronze Scales"},{"floor":9.0,"key":"Pantograph"},{"floor":10.0,"key":"War Paint"},{"floor":11.0,"key":"Smiling Mask"},{"floor":11.0,"key":"InkBottle"},{"floor":11.0,"key":"Ginger"},{"floor":14.0,"key":"Singing Bowl"},{"floor":16.0,"key":"Ice Cream"},{"floor":24.0,"key":"Pear"},{"floor":25.0,"key":"TungstenRod"},{"floor":29.0,"key":"Girya"},{"floor":29.0,"key":"Bottled Tornado"},{"floor":31,"key":"Whetstone"},{"floor":32,"key":"Mercury Hourglass"},{"floor":33,"key":"Peace Pipe"},{"floor":38,"key":"Vajra"},{"floor":38,"key":"White Beast Statue"},{"floor":41,"key":"Shuriken"},{"floor":41,"key":"Gremlin Horn"},{"floor":42,"key":"Orichalcum"}],"event_choices":[{"cards_removed":["Slimebound:LeechLife"],"damage_healed":0.0,"max_hp_gain":10.0,"max_hp_loss":0.0,"gold_gain":0.0,"event_name":"Bonfire Elementals","player_choice":"Offered Rare","floor":3.0,"gold_loss":0.0,"damage_taken":0.0}],"is_beta":false,"boss_relics":[{"not_picked":["bronze:MakeshiftBattery","Sozu"],"picked":"Slimebound:AbsorbEndCombatUpgraded"},{"not_picked":["Philosopher\u0027s Stone","Busted Crown"],"picked":"Empty Cage"}],"items_purged_floors":[30,37],"is_endless":false,"potions_floor_spawned":[2,8,9,16,19,29,32,39,40,42,44,45,46,48,49],"ascension_level":0}}