{"host":"qxeepl7ydvsgmfdb","time":1613021801,"event":{"mods":["AchievementEnabler","BaseMod","Colored Powertips","Minty Spire (QoL Compilation)","Quick Restart","slay the spire mod where everything is the same but ironclad has a cowboy hat"],"gold_per_floor":[112,65,65,119,131,131,160,160,160,187,204,204,204,228,228,318,318,337,262,262,281,281,281,281,314,366,392,1,1,19,30,30,101,101,118,0,55,75,0,0,0,0,0,15,33,33,44,64,64,64],"floor_reached":51,"language":"ENG","playtime":1488,"items_purged":["Shame"],"score":1177,"play_id":"45a4f752-3edc-4048-ba3e-51fd6cfaf95c","local_time":"20210211003641","is_ascension_mode":true,"campfire_choices":[{"data":"Cloak And Dagger","floor":6.0,"key":"SMITH"},{"data":"Slice","floor":8.0,"key":"SMITH"},{"floor":13.0,"key":"REST"},{"floor":15.0,"key":"REST"},{"data":"Blade Dance","floor":23.0,"key":"SMITH"},{"floor":32.0,"key":"REST"},{"data":"Finisher","floor":40.0,"key":"SMITH"},{"data":"Accuracy","floor":42.0,"key":"SMITH"},{"data":"Adrenaline","floor":49.0,"key":"SMITH"}],"circlet_count":0,"master_deck":["AscendersBane","Strike_G+1","Strike_G+1","Strike_G+1","Strike_G+1","Defend_G+1","Defend_G+1","Defend_G+1","Defend_G+1","Defend_G+1","Survivor","Neutralize","Slice+1","Cloak And Dagger+1","Deadly Poison","Blade Dance+1","Poisoned Stab","Die Die Die","CurseOfTheBell","Finisher+1","Cloak And Dagger","Blade Dance+1","Accuracy+1","Noxious Fumes+1","Slice+1","Parasite","Adrenaline+1"],"relics":["Ring of the Snake","NeowsBlessing","Art of War","CaptainsWheel","Ninja Scroll","MealTicket","Bloody Idol","Calling Bell","Bag of Marbles","Kunai","Bird Faced Urn","Molten Egg 2","Happy Flower","Pantograph","Unceasing Top","Pen Nib","WristBlade","Red Mask","WingedGreaves","Blue Candle","Bottled Lightning"],"acts_visited":["Exordium","TheCity","TheBeyond"],"potions_floor_usage":[50,50],"damage_taken":[{"damage":0.0,"enemies":"Jaw Worm","floor":1.0,"turns":1.0},{"damage":0.0,"enemies":"2 Louse","floor":5.0,"turns":1.0},{"damage":0.0,"enemies":"3 Sentries","floor":7.0,"turns":1.0},{"damage":23.0,"enemies":"Lagavulin","floor":10.0,"turns":7.0},{"damage":0.0,"enemies":"Small Slimes","floor":11.0,"turns":2.0},{"damage":10.0,"enemies":"2 Fungi Beasts","floor":14.0,"turns":3.0},{"damage":64.0,"enemies":"Slime Boss","floor":16.0,"turns":16.0},{"damage":0.0,"enemies":"Spheric Guardian","floor":18.0,"turns":4.0},{"damage":16.0,"enemies":"2 Thieves","floor":21.0,"turns":3.0},{"damage":11.0,"enemies":"Slavers","floor":25.0,"turns":3.0},{"damage":15.0,"enemies":"Book of Stabbing","floor":27.0,"turns":4.0},{"damage":19.0,"enemies":"Shelled Parasite and Fungi","floor":30.0,"turns":4.0},{"damage":8.0,"enemies":"Chosen and Byrds","floor":31.0,"turns":2.0},{"damage":63.0,"enemies":"Collector","floor":33.0,"turns":8.0},{"damage":0.0,"enemies":"Orb Walker","floor":35.0,"turns":1.0},{"damage":7.0,"enemies":"2 Orb Walkers","floor":37.0,"turns":3.0},{"damage":0.0,"enemies":"3 Darklings","floor":38.0,"turns":3.0},{"damage":8.0,"enemies":"4 Shapes","floor":44.0,"turns":1.0},{"damage":0.0,"enemies":"Sphere and 2 Shapes","floor":45.0,"turns":4.0},{"damage":0.0,"enemies":"Spire Growth","floor":47.0,"turns":1.0},{"damage":0.0,"enemies":"Writhing Mass","floor":48.0,"turns":4.0},{"damage":64,"enemies":"Awakened One","floor":50,"turns":12}],"seed_played":"2670613821078147457","potions_obtained":[{"floor":1.0,"key":"LiquidMemories"},{"floor":7.0,"key":"Strength Potion"},{"floor":21.0,"key":"Strength Potion"},{"floor":31.0,"key":"Dexterity Potion"},{"floor":33.0,"key":"PowerPotion"},{"floor":35.0,"key":"Fire Potion"},{"floor":37.0,"key":"Fruit Juice"},{"floor":44.0,"key":"Ancient Potion"},{"floor":48.0,"key":"Explosive Potion"}],"is_trial":false,"path_per_floor":["M","$","?","T","M","R","E","R","T","E","M","?","R","M","R","B",null,"M","?","?","M","?","R","?","E","T","E","$","?","M","M","R","B",null,"M","?","?","M","$","R","T","R","T","M","M","?","M","M","R","B",null],"character_chosen":"THE_SILENT","items_purchased":["Slice","Accuracy","Unceasing Top"],"campfire_rested":3,"item_purchase_floors":[2,28,28],"current_hp_per_floor":[63,63,56,56,56,56,56,56,56,33,33,33,54,44,65,1,53,53,53,53,37,60,60,60,54,59,49,64,64,52,51,70,12,56,61,61,68,75,75,75,75,75,75,72,75,75,75,75,75,15],"gold":64,"neow_bonus":"THREE_ENEMY_KILL","is_daily":false,"chose_seed":false,"campfire_upgraded":6,"win_rate":0.0,"timestamp":1613021801,"path_taken":["M","$","?","?","M","R","E","R","T","E","M","?","R","M","R","BOSS","M","?","?","M","?","R","?","E","T","E","$","?","M","?","R","BOSS","M","?","?","M","$","R","?","R","T","?","M","?","?","M","R","BOSS"],"items_purchased_type":["Card","Card","Relic"],"build_version":"2020-12-22","purchased_purges":1,"victory":true,"max_hp_per_floor":[70,70,70,70,70,70,70,70,70,70,70,70,70,70,70,70,70,70,70,70,70,70,70,70,70,70,70,70,70,70,70,70,70,70,70,70,75,75,75,75,75,75,75,75,75,75,75,75,75,75],"card_choices":[{"not_picked":["Tactician","Expertise","Flechettes"],"picked":"SKIP","floor":1.0},{"not_picked":["Dodge and Roll","Sucker Punch"],"picked":"Cloak And Dagger","floor":5.0},{"not_picked":["Dagger Throw","Bane","Outmaneuver"],"picked":"SKIP","floor":7.0},{"not_picked":["Distraction","PiercingWail"],"picked":"Deadly Poison","floor":10.0},{"not_picked":["Deadly Poison","Prepared"],"picked":"Blade Dance","floor":11.0},{"not_picked":["Setup","Storm of Steel"],"picked":"Poisoned Stab","floor":14.0},{"not_picked":["Unload","Malaise"],"picked":"Die Die Die","floor":16.0},{"not_picked":["Sucker Punch","Noxious Fumes"],"picked":"Finisher","floor":18.0},{"not_picked":["Reflex","Backflip"],"picked":"Cloak And Dagger","floor":21.0},{"not_picked":["Endless Agony+1","Quick Slash+1"],"picked":"Blade Dance","floor":25.0},{"not_picked":["Dagger Throw+1","Heel Hook+1","Skewer+1"],"picked":"SKIP","floor":27.0},{"not_picked":["Riddle With Holes+1","PiercingWail"],"picked":"Noxious Fumes+1","floor":30.0},{"not_picked":["Finisher+1","Bouncing Flask","Poisoned Stab+1"],"picked":"SKIP","floor":31.0},{"not_picked":["Skewer+1","Noxious Fumes","Deflect"],"picked":"SKIP","floor":35.0},{"not_picked":["Heel Hook+1","Choke+1","Endless Agony+1"],"picked":"SKIP","floor":38.0},{"not_picked":["Dodge and Roll+1","Backflip","Deadly Poison"],"picked":"SKIP","floor":44.0},{"not_picked":["Setup","Calculated Gamble","Infinite Blades"],"picked":"SKIP","floor":45.0},{"not_picked":["Acrobatics","Concentrate"],"picked":"Slice+1","floor":47.0},{"not_picked":["Blur","Quick Slash+1"],"picked":"Adrenaline","floor":48.0}],"player_experience":143285,"relics_obtained":[{"floor":4.0,"key":"Art of War"},{"floor":7.0,"key":"CaptainsWheel"},{"floor":9.0,"key":"Ninja Scroll"},{"floor":10.0,"key":"MealTicket"},{"floor":17.0,"key":"Bag of Marbles"},{"floor":17.0,"key":"Kunai"},{"floor":17.0,"key":"Bird Faced Urn"},{"floor":25.0,"key":"Molten Egg 2"},{"floor":26.0,"key":"Happy Flower"},{"floor":27.0,"key":"Pantograph"},{"floor":37.0,"key":"WingedGreaves"},{"floor":41.0,"key":"Blue Candle"},{"floor":43.0,"key":"Bottled Lightning"}],"event_choices":[{"cards_removed":["Strike_G"],"damage_healed":0.0,"max_hp_gain":0.0,"max_hp_loss":0.0,"gold_gain":0.0,"event_name":"Golden Wing","player_choice":"Card Removal","floor":3.0,"gold_loss":0.0,"damage_taken":7.0},{"damage_healed":0.0,"max_hp_gain":0.0,"max_hp_loss":0.0,"gold_gain":0.0,"event_name":"Golden Idol","player_choice":"Take Wound","floor":12.0,"gold_loss":0.0,"damage_taken":0.0,"relics_obtained":["Golden Idol"],"cards_obtained":["Injury"]},{"cards_removed":["Injury"],"damage_healed":0.0,"max_hp_gain":0.0,"max_hp_loss":0.0,"gold_gain":0.0,"event_name":"Beggar","player_choice":"Gave Gold","floor":19.0,"gold_loss":75.0,"damage_taken":0.0},{"damage_healed":0.0,"max_hp_gain":0.0,"max_hp_loss":0.0,"gold_gain":0.0,"event_name":"Back to Basics","player_choice":"Simplicity","floor":20.0,"gold_loss":0.0,"damage_taken":0.0,"cards_upgraded":["Strike_G","Strike_G","Strike_G","Strike_G","Defend_G","Defend_G","Defend_G","Defend_G","Defend_G"]},{"damage_healed":23.0,"max_hp_gain":0.0,"max_hp_loss":0.0,"gold_gain":0.0,"event_name":"The Library","player_choice":"Heal","floor":22.0,"gold_loss":0.0,"damage_taken":0.0},{"damage_healed":0.0,"max_hp_gain":0.0,"max_hp_loss":0.0,"gold_gain":0.0,"event_name":"Forgotten Altar","player_choice":"Gave Idol","floor":24.0,"relics_lost":["Golden Idol"],"gold_loss":0.0,"damage_taken":0.0,"relics_obtained":["Bloody Idol"]},{"damage_healed":0.0,"max_hp_gain":0.0,"max_hp_loss":0.0,"gold_gain":0.0,"event_name":"Addict","player_choice":"Stole Relic","floor":29.0,"gold_loss":0.0,"damage_taken":0.0,"relics_obtained":["Pen Nib"],"cards_obtained":["Shame"]},{"damage_healed":0.0,"max_hp_gain":0.0,"max_hp_loss":0.0,"gold_gain":0.0,"event_name":"Tomb of Lord Red Mask","player_choice":"Paid","floor":36.0,"gold_loss":118.0,"damage_taken":0.0,"relics_obtained":["Red Mask"]},{"damage_healed":0.0,"max_hp_gain":0.0,"max_hp_loss":0.0,"gold_gain":0.0,"event_name":"Mysterious Sphere","player_choice":"Fight","floor":37.0,"gold_loss":0.0,"damage_taken":0.0},{"damage_healed":0.0,"max_hp_gain":0.0,"max_hp_loss":0.0,"gold_gain":0.0,"event_name":"Accursed Blacksmith","player_choice":"Forge","floor":46.0,"gold_loss":0.0,"damage_taken":0.0,"cards_upgraded":["Blade Dance"]}],"is_beta":false,"boss_relics":[{"not_picked":["Velvet Choker","Philosopher\u0027s Stone"],"picked":"Calling Bell"},{"not_picked":["SlaversCollar","Coffee Dripper"],"picked":"WristBlade"}],"items_purged_floors":[39],"is_endless":false,"potions_floor_spawned":[1,7,21,31,33,35,37,44,48],"ascension_level":13}}