{"host":"1bzbl1adcbkdzqlf","time":1613076915,"event":{"mods":["BaseMod","Minty Spire (QoL Compilation)","Slay the Relics Exporter"],"gold_per_floor":[210,61,61,61,79,107,107,122,122,122,122,122],"floor_reached":11,"language":"ENG","playtime":953,"items_purged":[],"score":121,"play_id":"654d3580-cdd0-41ee-9cc8-dce82505d1e2","local_time":"20210211145515","is_ascension_mode":true,"campfire_choices":[{"data":"Fire Breathing","floor":7,"key":"SMITH"},{"data":"Armaments","floor":10,"key":"SMITH"}],"circlet_count":0,"master_deck":["AscendersBane","Strike_R+1","Strike_R","Strike_R","Strike_R","Strike_R","Defend_R","Defend_R","Defend_R","Defend_R","Bash","Thunderclap","Cleave+1","Armaments+1","Fire Breathing+1","Wild Strike","Sword Boomerang","Shrug It Off","Double Tap","Flex"],"relics":["Burning Blood","Orrery","Bottled Flame","Shuriken"],"acts_visited":["Exordium"],"potions_floor_usage":[11],"damage_taken":[{"damage":1,"enemies":"Cultist","floor":1,"turns":4},{"damage":2,"enemies":"Jaw Worm","floor":5,"turns":3},{"damage":24,"enemies":"3 Sentries","floor":6,"turns":5},{"damage":7,"enemies":"2 Louse","floor":8,"turns":2},{"damage":48,"enemies":"Lagavulin","floor":11,"turns":7}],"seed_played":"1848848045988764947","potions_obtained":[{"floor":6,"key":"FearPotion"}],"is_trial":false,"path_per_floor":["M","$","?","?","M","E","R","M","T","R","E"],"character_chosen":"IRONCLAD","items_purchased":["Orrery"],"campfire_rested":0,"item_purchase_floors":[2],"current_hp_per_floor":[73,73,58,63,67,49,49,48,48,48,0,0],"gold":122,"neow_bonus":"HUNDRED_GOLD","is_daily":false,"chose_seed":false,"campfire_upgraded":2,"win_rate":0.0,"timestamp":1613076915,"path_taken":["M","$","?","?","M","E","R","M","T","R","E"],"items_purchased_type":["Relic"],"build_version":"2020-12-22","purchased_purges":0,"victory":false,"max_hp_per_floor":[75,75,75,80,80,80,80,80,80,80,80,80],"card_choices":[{"not_picked":["Whirlwind","Flame Barrier"],"picked":"Thunderclap","floor":1},{"not_picked":["Combust","Sword Boomerang"],"picked":"Cleave","floor":2},{"not_picked":["Rampage","Body Slam"],"picked":"Armaments","floor":2},{"not_picked":["Entrench","Warcry"],"picked":"Fire Breathing","floor":2},{"not_picked":["Clash","Feel No Pain"],"picked":"Wild Strike","floor":2},{"not_picked":["Heavy Blade","Dual Wield"],"picked":"Sword Boomerang","floor":2},{"not_picked":["Havoc","Warcry"],"picked":"Shrug It Off","floor":5},{"not_picked":["Sword Boomerang","Reckless Charge"],"picked":"Double Tap","floor":6},{"not_picked":["Sword Boomerang","Twin Strike"],"picked":"Flex","floor":8}],"player_experience":442762,"relics_obtained":[{"floor":6,"key":"Bottled Flame"},{"floor":9,"key":"Shuriken"}],"event_choices":[{"damage_healed":0,"gold_gain":0,"player_choice":"Entered Light","damage_taken":15,"max_hp_gain":0,"max_hp_loss":0,"event_name":"Shining Light","floor":3,"gold_loss":0,"cards_upgraded":["Strike_R","Cleave"]},{"damage_healed":0,"gold_gain":0,"player_choice":"Donut","damage_taken":0,"max_hp_gain":5,"max_hp_loss":0,"event_name":"Big Fish","floor":4,"gold_loss":0}],"is_beta":false,"boss_relics":[],"items_purged_floors":[],"is_endless":false,"potions_floor_spawned":[6],"killed_by":"Lagavulin","ascension_level":14}}