{"host":"rtw1tnr74gozsrw1","time":1613014670,"event":{"mods":["BaseMod","Colored Map","Colored Powertips","Highlight Path","Infinite Spire","Minty Spire (QoL Compilation)","StSLib","The Jungle"],"gold_per_floor":[116,136,153,153,171,171,171,171,171,171,187,187,221,146,146,248,248,259,259,245,276,107,107,107,107],"floor_reached":24,"language":"ENG","playtime":722,"items_purged":["Strike_G","Strike_G"],"score":213,"play_id":"a9bb9a3d-3e7f-49a3-a5c0-168672138b1d","local_time":"20210211043750","is_ascension_mode":true,"campfire_choices":[{"data":"Bouncing Flask","floor":6,"key":"SMITH"},{"data":"Bouncing Flask","floor":8,"key":"SMITH"},{"data":"Leg Sweep","floor":10,"key":"SMITH"},{"data":"Blur","floor":12,"key":"SMITH"},{"floor":15,"key":"REST"},{"floor":23,"key":"REST"}],"circlet_count":0,"master_deck":["Strike_G","Strike_G","Strike_G","Defend_G","Defend_G","Defend_G","Defend_G","Defend_G","Survivor","Neutralize","Bouncing Flask+1","Bouncing Flask+1","Leg Sweep+1","Blur+1","Tools of the Trade","Deadly Poison","Catalyst","Dash+1","Footwork"],"relics":["Ring of the Snake","NeowsBlessing","infinitespire:FocusingShard","HoveringKite","Red Mask"],"acts_visited":["Exordium","TheCity"],"potions_floor_usage":[13,20,21,21],"damage_taken":[{"damage":0,"enemies":"Jaw Worm","floor":1,"turns":1},{"damage":0,"enemies":"Cultist","floor":2,"turns":1},{"damage":0,"enemies":"Small Slimes","floor":3,"turns":1},{"damage":6,"enemies":"2 Fungi Beasts","floor":5,"turns":4},{"damage":9,"enemies":"Looter","floor":11,"turns":3},{"damage":10,"enemies":"Gremlin Nob","floor":13,"turns":4},{"damage":22,"enemies":"Hexaghost","floor":16,"turns":9},{"damage":6,"enemies":"Shell Parasite","floor":18,"turns":5},{"damage":21,"enemies":"2 Thieves","floor":20,"turns":4},{"damage":48,"enemies":"Masked Bandits","floor":21,"turns":4},{"damage":20,"enemies":"Slavers","floor":24,"turns":5}],"seed_played":"8774743468392823525","potions_obtained":[{"floor":2,"key":"PowerPotion"},{"floor":3,"key":"SneckoOil"},{"floor":11,"key":"Regen Potion"},{"floor":20,"key":"Poison Potion"}],"is_trial":false,"path_per_floor":["M","M","M","?","M","R","?","R","T","R","M","R","E","$","R","B",null,"M","?","M","?","$","R","E"],"character_chosen":"THE_SILENT","items_purchased":["Footwork"],"campfire_rested":2,"item_purchase_floors":[22],"current_hp_per_floor":[70,70,70,70,64,64,64,64,64,64,55,55,45,45,66,44,70,64,64,57,9,9,30,10,10],"gold":107,"neow_bonus":"THREE_ENEMY_KILL","is_daily":false,"chose_seed":false,"campfire_upgraded":4,"win_rate":0.0,"timestamp":1613014670,"path_taken":["M","M","M","?","?","R","?","R","T","R","M","R","E","$","R","BOSS","M","?","M","?","$","R","E"],"items_purchased_type":["Card"],"build_version":"2020-12-22","purchased_purges":2,"victory":false,"max_hp_per_floor":[70,70,70,70,70,70,70,70,70,70,70,70,70,70,70,70,70,70,70,70,70,70,70,70,70],"card_choices":[{"not_picked":["Outmaneuver","Cloak And Dagger"],"picked":"Bouncing Flask","floor":1},{"not_picked":["Prepared","Dagger Spray"],"picked":"Bouncing Flask","floor":2},{"not_picked":["Slice","Heel Hook","Flying Knee"],"picked":"SKIP","floor":3},{"not_picked":["Prepared","Masterful Stab"],"picked":"Leg Sweep","floor":5},{"not_picked":["Dagger Spray","Flechettes"],"picked":"Blur","floor":11},{"not_picked":["Dodge and Roll","Sucker Punch"],"picked":"Tools of the Trade","floor":13},{"not_picked":["Escape Plan","Dagger Spray"],"picked":"Deadly Poison","floor":18},{"not_picked":["Deflect","Dagger Throw","PiercingWail"],"picked":"SKIP","floor":20},{"not_picked":["Eviscerate","Flying Knee"],"picked":"Dash+1","floor":21}],"player_experience":127209,"relics_obtained":[{"floor":13,"key":"infinitespire:FocusingShard"},{"floor":21,"key":"Red Mask"}],"event_choices":[{"damage_healed":0,"gold_gain":0,"player_choice":"Bought 0 Potions","damage_taken":0,"max_hp_gain":0,"max_hp_loss":0,"event_name":"The Woman in Blue","floor":4,"gold_loss":0},{"damage_healed":0,"gold_gain":0,"player_choice":"Ignored","damage_taken":0,"max_hp_gain":0,"max_hp_loss":0,"event_name":"Golden Idol","floor":7,"gold_loss":0},{"damage_healed":0,"gold_gain":0,"player_choice":"Read","damage_taken":0,"max_hp_gain":0,"max_hp_loss":0,"event_name":"The Library","floor":19,"gold_loss":0,"cards_obtained":["Catalyst"]},{"damage_healed":0,"gold_gain":0,"player_choice":"Fought Bandits","damage_taken":0,"max_hp_gain":0,"max_hp_loss":0,"event_name":"Masked Bandits","floor":21,"gold_loss":0}],"is_beta":false,"boss_relics":[{"not_picked":["Empty Cage","Runic Dome"],"picked":"HoveringKite"}],"items_purged_floors":[14,22],"is_endless":false,"potions_floor_spawned":[2,3,11,20],"killed_by":"Slavers","ascension_level":2}}