{"host":"zdyzhdc6zlrb7vuj","time":1613058301,"event":{"mods":["BaseMod","Downfall","Hermit","Minty Spire (QoL Compilation)","StSLib","The Bug Knight","The Cursed","The Servant 0.9.4"],"gold_per_floor":[99,99,118,8,23,23,47,73,83,93,29,39,39,65,78,179,179,179,189,207,32,32,32,56,56,68,79,105,118,118,133,146,246,246,246,259,11,30,48,48,72,105,120,120,138,138,168,168,184,184],"floor_reached":51,"language":"ENG","playtime":5018,"items_purged":[],"score":768,"play_id":"6f7fcc9b-d5d2-4b8b-ad44-6f95c1f6e41b","local_time":"20210211154501","is_ascension_mode":false,"campfire_choices":[{"floor":1.0,"key":"RECALL"},{"data":"Guardian:TwinSlam","floor":6.0,"key":"SMITH"},{"data":"Guardian:WalkerClaw","floor":13.0,"key":"SMITH"},{"data":"Guardian:SpikerProtocol","floor":18.0,"key":"SMITH"},{"data":"Guardian:BronzeOrb","floor":25.0,"key":"SMITH"},{"floor":30.0,"key":"REST"},{"data":"Guardian:ConstructionForm","floor":35,"key":"SMITH"},{"floor":44,"key":"REST"}],"circlet_count":0,"master_deck":["Guardian:Strike_Guardian+1","Guardian:Strike_Guardian+1","Guardian:Defend_Guardian+1","Guardian:Defend_Guardian+1","Guardian:Defend_Guardian+1","Guardian:CurlUp+1","Guardian:TwinSlam+1","Guardian:WalkerClaw+1","Guardian:CrystalBeam","Guardian:SpikerProtocol+1","Guardian:BodySlam","Guardian:Planning+1","Guardian:RollAttack","Guardian:Recover","Guardian:StasisStrike","Guardian:TemporalStrike","Guardian:TimeCapacitor","Guardian:HyperBeam_Guardian","Guardian:ShieldCharger","Guardian:BronzeOrb+1","Guardian:TimeBomb+1","expansioncontent:AwakenDeath","Guardian:RevengeProtocol","Guardian:ChargeCore+1","Guardian:Repulse","Guardian:MultiBeam+1","Guardian:ShieldCharger","Guardian:ConstructionForm+1","Guardian:Reroute+1","Guardian:RollAttack","Guardian:CrystalBeam","Guardian:Planning+1","Guardian:DecasProtection+1","Guardian:TimeCapacitor+1","Guardian:Recover+1","Guardian:RollAttack+1","expansioncontent:Chronoboost"],"relics":["Guardian:ModeShifter","Blood Vial","Akabeko","bronze:MakeshiftBattery","Oddly Smooth Stone","Happy Flower","Black Star","Guardian:PickAxe","Boot","Pear","Regal Pillow","War Paint","Toy Ornithopter"],"acts_visited":["Exordium","TheCity","TheBeyond"],"potions_floor_usage":[36,37,45,45,47,47],"damage_taken":[{"damage":5.0,"enemies":"2 Louse","floor":3.0,"turns":4.0},{"damage":0.0,"enemies":"downfall:FleeingMerchant","floor":4.0,"turns":4.0},{"damage":1.0,"enemies":"Jaw Worm","floor":5.0,"turns":5.0},{"damage":16.0,"enemies":"3 Sentries","floor":8.0,"turns":10.0},{"damage":0.0,"enemies":"Cultist","floor":9.0,"turns":4.0},{"damage":5.0,"enemies":"Lots of Slimes","floor":10.0,"turns":4.0},{"damage":0.0,"enemies":"downfall:FleeingMerchant","floor":11.0,"turns":4.0},{"damage":11.0,"enemies":"Exordium Thugs","floor":12.0,"turns":3.0},{"damage":6.0,"enemies":"Lagavulin","floor":14.0,"turns":6.0},{"damage":2.0,"enemies":"Blue Slaver","floor":15.0,"turns":3.0},{"damage":37.0,"enemies":"DF_ARCHETYPE_STREAMLINE","floor":16.0,"turns":10.0},{"damage":13.0,"enemies":"Shell Parasite","floor":19.0,"turns":6.0},{"damage":17.0,"enemies":"Spheric Guardian","floor":20.0,"turns":5.0},{"damage":10.0,"enemies":"downfall:FleeingMerchant","floor":21.0,"turns":4.0},{"damage":18.0,"enemies":"Centurion and Healer","floor":26.0,"turns":5.0},{"damage":0.0,"enemies":"Snake Plant","floor":27.0,"turns":3.0},{"damage":0.0,"enemies":"Gremlin Leader","floor":28.0,"turns":7.0},{"damage":12.0,"enemies":"Sentry and Sphere","floor":29.0,"turns":3.0},{"damage":10.0,"enemies":"Centurion and Healer","floor":31.0,"turns":5.0},{"damage":2.0,"enemies":"Chosen and Byrds","floor":32.0,"turns":6.0},{"damage":36,"enemies":"WA_ARCHETYPE_CALM","floor":33,"turns":9},{"damage":26,"enemies":"3 Darklings","floor":36,"turns":6},{"damage":0,"enemies":"downfall:FleeingMerchant","floor":37,"turns":4},{"damage":5,"enemies":"Orb Walker","floor":38,"turns":3},{"damage":2,"enemies":"Spire Growth","floor":39,"turns":5},{"damage":26,"enemies":"Reptomancer","floor":42,"turns":7},{"damage":15,"enemies":"Sphere and 2 Shapes","floor":43,"turns":5},{"damage":16,"enemies":"Writhing Mass","floor":45,"turns":4},{"damage":41,"enemies":"Giant Head","floor":47,"turns":9},{"damage":0,"enemies":"Jaw Worm Horde","floor":49,"turns":4},{"damage":19,"enemies":"SI_POISON_ARCHETYPE","floor":50,"turns":16}],"seed_played":"-3718358463383983095","potions_obtained":[{"floor":8.0,"key":"champ:CounterPotion"},{"floor":9.0,"key":"SteroidPotion"},{"floor":12.0,"key":"Swift Potion"},{"floor":14.0,"key":"Swift Potion"},{"floor":27.0,"key":"DuplicationPotion"},{"floor":28.0,"key":"SteroidPotion"},{"floor":31.0,"key":"Guardian:BlockOnCardUsePotion"},{"floor":32.0,"key":"Weak Potion"},{"floor":33,"key":"BlessingOfTheForge"},{"floor":38,"key":"Swift Potion"},{"floor":39,"key":"Weak Potion"},{"floor":45,"key":"SkillPotion"}],"is_trial":false,"path_per_floor":["R","?","M","$","M","R","T","E","M","M","$","M","R","E","M","B",null,"R","M","M","$","?","?","T","R","M","M","E","M","R","M","M","B",null,"R","M","$","M","M","R","T","E","M","R","M","?","E","?","M","B",null],"character_chosen":"GUARDIAN","items_purchased":["Guardian:CrystalBeam","Guardian:Gem_Purple","Guardian:Recover","expansioncontent:AwakenDeath","Guardian:RevengeProtocol","Guardian:PickAxe","Guardian:Gem_Red","Guardian:CrystalBeam"],"campfire_rested":2,"item_purchase_floors":[4,4,11,21,21,37,37,37],"current_hp_per_floor":[88,88,83,83,82,82,82,66,68,65,67,58,58,54,54,19,88,88,75,60,52,52,52,52,52,36,38,40,30,56,48,48,14,88,88,62,64,61,61,61,61,47,34,78,64,64,25,25,27,10],"gold":184,"neow_bonus":"TEN_PERCENT_HP_BONUS","is_daily":false,"chose_seed":false,"campfire_upgraded":5,"win_rate":0.0,"timestamp":1613058301,"path_taken":["R","?","M","?","?","R","T","E","M","M","?","M","R","E","M","BOSS","R","M","M","$","?","?","T","R","M","M","E","M","R","?","M","BOSS","R","M","$","M","M","R","T","E","?","R","M","?","E","?","M","BOSS"],"items_purchased_type":["Card","Card","Card","Card","Card","Relic","Card","Card"],"build_version":"2020-12-22","purchased_purges":0,"victory":true,"max_hp_per_floor":[88,88,88,88,88,88,88,88,88,88,88,88,88,88,88,88,88,88,88,88,88,88,88,88,88,88,88,88,88,88,88,88,88,88,88,88,88,88,88,88,88,98,98,98,98,98,98,98,98,98],"card_choices":[{"not_picked":["Guardian:Repulse","Guardian:PolyBeam"],"picked":"Guardian:WalkerClaw","floor":3.0},{"not_picked":["Guardian:Gem_Green","Guardian:Repulse"],"picked":"Guardian:Gem_Purple","floor":4.0},{"not_picked":["Guardian:Repulse","Guardian:PrimingBeam"],"picked":"Guardian:SpikerProtocol","floor":5.0},{"not_picked":["Guardian:Gem_Green","Guardian:FloatingOrbs"],"picked":"Guardian:BodySlam","floor":8.0},{"not_picked":["Guardian:CrystalBeam","Guardian:PiercingHide"],"picked":"Guardian:Planning","floor":9.0},{"not_picked":["Guardian:Gem_Cyan","Guardian:PiercingHide"],"picked":"Guardian:Gem_Red","floor":10.0},{"not_picked":["Guardian:Planning","Guardian:ShieldCharger"],"picked":"Guardian:RollAttack","floor":11.0},{"not_picked":["Guardian:TemporalStrike","Guardian:CrystalBeam"],"picked":"Guardian:StasisStrike","floor":12.0},{"not_picked":["Guardian:Planning","Guardian:SentryBeam"],"picked":"Guardian:TemporalStrike","floor":14.0},{"not_picked":["Guardian:RefractedBeam","Guardian:RollAttack"],"picked":"Guardian:TimeCapacitor","floor":15.0},{"not_picked":["Guardian:StasisField","Guardian:SphericShield"],"picked":"Guardian:HyperBeam_Guardian","floor":16.0},{"not_picked":["Guardian:Harden+1","Guardian:Preprogram"],"picked":"Guardian:ShieldCharger","floor":19.0},{"not_picked":["Guardian:RollAttack","Guardian:PrimingBeam"],"picked":"Guardian:BronzeOrb","floor":20.0},{"not_picked":["Guardian:BronzeArmor","Guardian:PiercingHide"],"picked":"Guardian:TimeBomb+1","floor":21.0},{"not_picked":["Guardian:ShieldCharger+1","Guardian:TemporalShield"],"picked":"Guardian:ChargeCore+1","floor":26.0},{"not_picked":["Guardian:TemporalStrike","Guardian:Preprogram"],"picked":"Guardian:Repulse","floor":27.0},{"not_picked":["Guardian:GuardianWhirl","Guardian:BronzeOrb"],"picked":"Guardian:MultiBeam+1","floor":28.0},{"not_picked":["Guardian:Planning","Guardian:ShieldSpikes"],"picked":"Guardian:Gem_Lightblue","floor":29.0},{"not_picked":["Guardian:CrystalBeam","Guardian:PrimingBeam"],"picked":"Guardian:ShieldCharger","floor":31.0},{"not_picked":["Guardian:WalkerClaw","Guardian:GuardianWhirl"],"picked":"Guardian:Gem_Yellow","floor":32.0},{"not_picked":["Guardian:RevengeProtocol","Guardian:StasisStrike"],"picked":"Guardian:ConstructionForm","floor":33},{"not_picked":["Guardian:BronzeArmor","Guardian:RefractedBeam"],"picked":"Guardian:Reroute+1","floor":36},{"not_picked":["Guardian:RevengeProtocol","Guardian:MultiBeam+1"],"picked":"Guardian:RollAttack","floor":37},{"not_picked":["Guardian:Clone","Guardian:Recover"],"picked":"Guardian:Planning+1","floor":38},{"not_picked":["Guardian:TimeBomb+1","Guardian:ChargeCore"],"picked":"Guardian:DecasProtection+1","floor":39},{"not_picked":["Guardian:RollAttack","Guardian:ShieldCharger+1"],"picked":"Guardian:TimeCapacitor+1","floor":42},{"not_picked":["Guardian:Gem_Green","Guardian:VentSteam"],"picked":"Guardian:Recover+1","floor":43},{"not_picked":["Guardian:Harden+1","Guardian:Gem_Lightblue"],"picked":"Guardian:RollAttack+1","floor":45},{"not_picked":["expansioncontent:YouAreMine","expansioncontent:Hexaburn"],"picked":"expansioncontent:Chronoboost","floor":46},{"not_picked":["Guardian:Gem_Fragmented","Guardian:TimeBomb"],"picked":"Guardian:Gem_Orange","floor":47},{"not_picked":["Guardian:TimeCapacitor","Guardian:VentSteam","Guardian:WalkerClaw+1"],"picked":"SKIP","floor":49}],"player_experience":460697,"relics_obtained":[{"floor":8.0,"key":"Blood Vial"},{"floor":14.0,"key":"Akabeko"},{"floor":24.0,"key":"Oddly Smooth Stone"},{"floor":28.0,"key":"Happy Flower"},{"floor":41,"key":"Boot"},{"floor":42,"key":"Pear"},{"floor":42,"key":"Regal Pillow"},{"floor":47,"key":"War Paint"},{"floor":47,"key":"Toy Ornithopter"}],"event_choices":[],"is_beta":false,"boss_relics":[{"not_picked":["Tiny House","Velvet Choker"],"picked":"bronze:MakeshiftBattery"},{"not_picked":["Pandora\u0027s Box","SlaversCollar"],"picked":"Black Star"}],"items_purged_floors":[],"is_endless":false,"potions_floor_spawned":[8,9,12,14,27,28,31,32,33,38,39,42,45],"ascension_level":0}}