{"host":"6gwm7y0tp7acoxay","time":1613027967,"event":{"mods":["BaseMod","Colored Map","Keyboard Shortcuts","Minty Spire (QoL Compilation)","Quick Restart","StSLib","SuperFastMode","everything is the same but u backflip on backflip"],"gold_per_floor":[117,117,134,134,134,177,177,217,217,229,241,253,308,320,332,437,449,477,528,127,142,67,108,108,148,175,215,258,258,302,8,8,99,99,123,345,177,177,177,208,249,288,288,331,631,75,100,168,168,168,168,168,168,0,43,43],"floor_reached":57,"language":"KOR","playtime":1452,"items_purged":["Compile Driver","Conserve Battery"],"score":3969,"play_id":"d5b6d1d1-5044-4950-8ee4-fcc7af64083d","local_time":"20210211161927","daily_mods":["SealedDeck","Heirloom","Flight"],"is_ascension_mode":true,"campfire_choices":[{"data":"Defragment","floor":7,"key":"SMITH"},{"data":"Recycle","floor":10,"key":"SMITH"},{"data":"White Noise","floor":11,"key":"SMITH"},{"floor":12,"key":"DIG"},{"data":"Coolheaded","floor":15,"key":"SMITH"},{"floor":24,"key":"RECALL"},{"floor":32,"key":"DIG"},{"floor":45,"key":"DIG"},{"floor":49,"key":"DIG"},{"floor":53,"key":"DIG"}],"circlet_count":0,"master_deck":["AscendersBane","Gash+1","Gash","Coolheaded+1","Gash","Beam Cell+1","White Noise+1","Defragment+1","Recycle+1","Coolheaded+1","All For One","Go for the Eyes","Hologram","Capacitor","Defragment","Purity","Defragment+1"],"relics":["Cracked Core","Shovel","Golden Idol","Pear","Bronze Scales","MawBank","Bag of Preparation","Singing Bowl","Busted Crown","Red Mask","Gremlin Horn","TungstenRod","Incense Burner","Pen Nib","Tiny Chest","Cables","HandDrill","Anchor","Fusion Hammer","Omamori","Eternal Feather","Orichalcum","HornCleat","Mummified Hand","CeramicFish","Old Coin","Unceasing Top","Orrery","Torii","Ice Cream","InkBottle","DataDisk","Turnip"],"acts_visited":["Exordium","TheCity","TheBeyond","TheEnding"],"potions_floor_usage":[6,30,33,56,56],"damage_taken":[{"damage":13,"enemies":"2 Louse","floor":1,"turns":2},{"damage":0,"enemies":"Cultist","floor":3,"turns":2},{"damage":0,"enemies":"Lagavulin","floor":6,"turns":3},{"damage":0,"enemies":"Gremlin Nob","floor":8,"turns":2},{"damage":0,"enemies":"Lagavulin","floor":13,"turns":2},{"damage":9,"enemies":"Hexaghost","floor":16,"turns":3},{"damage":10,"enemies":"Shell Parasite","floor":18,"turns":2},{"damage":0,"enemies":"Masked Bandits","floor":19,"turns":2},{"damage":0,"enemies":"3 Byrds","floor":21,"turns":2},{"damage":6,"enemies":"Book of Stabbing","floor":23,"turns":2},{"damage":9,"enemies":"Gremlin Leader","floor":25,"turns":3},{"damage":5,"enemies":"Book of Stabbing","floor":27,"turns":3},{"damage":0,"enemies":"Gremlin Leader","floor":28,"turns":2},{"damage":0,"enemies":"Slavers","floor":30,"turns":5},{"damage":0,"enemies":"Collector","floor":33,"turns":3},{"damage":0,"enemies":"3 Shapes","floor":35,"turns":2},{"damage":8,"enemies":"Reptomancer","floor":40,"turns":4},{"damage":0,"enemies":"Nemesis","floor":41,"turns":3},{"damage":0,"enemies":"Reptomancer","floor":42,"turns":2},{"damage":0,"enemies":"Giant Head","floor":44,"turns":2},{"damage":0,"enemies":"Orb Walker","floor":47,"turns":2},{"damage":0,"enemies":"2 Orb Walkers","floor":48,"turns":3},{"damage":0,"enemies":"Donu and Deca","floor":50,"turns":3},{"damage":0,"enemies":"Awakened One","floor":51,"turns":3},{"damage":0,"enemies":"Shield and Spear","floor":55,"turns":3},{"damage":17,"enemies":"The Heart","floor":56,"turns":6}],"seed_played":"-8057656644668818142","potions_obtained":[{"floor":1,"key":"Swift Potion"},{"floor":13,"key":"BlessingOfTheForge"},{"floor":16,"key":"Block Potion"},{"floor":28,"key":"Regen Potion"},{"floor":44,"key":"Dexterity Potion"},{"floor":47,"key":"BlessingOfTheForge"}],"is_trial":true,"path_per_floor":["M","?","M","?","?","E","R","E","T","R","R","R","E","?","R","B",null,"M","?","$","M","?","E","R","E","T","E","E","?","E","$","R","B",null,"M","?","$","?","T","E","E","E","T","E","R","$","M","?","R","B","B",null,"R","$","E","B",null],"character_chosen":"DEFECT","items_purchased":["Gremlin Horn","Hologram","Defragment","HandDrill","Omamori","Unceasing Top","Purity","Orrery","DataDisk"],"campfire_rested":0,"item_purchase_floors":[20,20,31,31,37,46,46,46,54],"current_hp_per_floor":[51,51,51,51,51,61,61,61,61,61,61,61,61,39,39,30,63,55,55,55,57,57,53,53,46,46,43,45,45,62,62,62,64,84,86,86,86,91,91,85,87,89,89,91,100,108,110,112,112,112,112,112,112,112,114,97],"gold":43,"neow_bonus":"","is_daily":false,"chose_seed":false,"campfire_upgraded":4,"win_rate":0.0,"timestamp":1613027967,"path_taken":["M","?","?","?","?","E","R","E","T","R","R","R","E","?","R","BOSS","M","?","$","M","?","E","R","E","T","E","E","?","E","$","R","BOSS","M","?","$","?","?","E","E","E","T","E","R","?","?","?","R","BOSS","BOSS","R","$","E","BOSS"],"items_purchased_type":["Relic","Card","Card","Relic","Relic","Relic","Card","Relic","Relic"],"build_version":"2020-12-22","purchased_purges":2,"victory":true,"max_hp_per_floor":[71,71,71,71,64,74,74,74,74,74,74,74,74,74,74,74,74,76,76,76,78,78,80,80,82,82,84,86,86,88,88,88,90,90,92,92,92,92,92,94,96,98,98,100,100,108,110,112,112,112,112,112,112,112,114,114],"card_choices":[{"not_picked":["Steam Power","Conserve Battery"],"picked":"Recycle","floor":1},{"not_picked":["Cold Snap","Stack","Conserve Battery"],"picked":"SKIP","floor":3},{"not_picked":["Conserve Battery","BootSequence"],"picked":"Scrape","floor":6},{"not_picked":["Steam","BootSequence","Rebound"],"picked":"SKIP","floor":8},{"not_picked":["Double Energy","Beam Cell"],"picked":"Coolheaded","floor":13},{"not_picked":["Creative AI","Multi-Cast"],"picked":"All For One","floor":16},{"not_picked":["Leap"],"picked":"Singing Bowl","floor":18},{"not_picked":[],"picked":"Go for the Eyes","floor":19},{"not_picked":["Fusion"],"picked":"Singing Bowl","floor":21},{"not_picked":["Gash"],"picked":"Singing Bowl","floor":23},{"not_picked":["Turbo"],"picked":"Singing Bowl","floor":25},{"not_picked":["Storm"],"picked":"Singing Bowl","floor":27},{"not_picked":["Coolheaded"],"picked":"Singing Bowl","floor":28},{"not_picked":["Loop"],"picked":"Singing Bowl","floor":30},{"not_picked":["Core Surge"],"picked":"Singing Bowl","floor":33},{"not_picked":["Reinforced Body"],"picked":"Singing Bowl","floor":35},{"not_picked":["Stack"],"picked":"Singing Bowl","floor":40},{"not_picked":["Leap"],"picked":"Singing Bowl","floor":41},{"not_picked":["All For One"],"picked":"Singing Bowl","floor":42},{"not_picked":["Hello World"],"picked":"Singing Bowl","floor":44},{"not_picked":["Darkness+1"],"picked":"Singing Bowl","floor":46},{"not_picked":["Aggregate"],"picked":"Singing Bowl","floor":46},{"not_picked":["Hologram"],"picked":"Singing Bowl","floor":46},{"not_picked":["Rebound+1"],"picked":"Singing Bowl","floor":46},{"not_picked":[],"picked":"Defragment+1","floor":46},{"not_picked":["Tempest"],"picked":"Singing Bowl","floor":47},{"not_picked":["Self Repair"],"picked":"Singing Bowl","floor":48},{"not_picked":["Core Surge"],"picked":"Singing Bowl","floor":55}],"player_experience":4522985,"relics_obtained":[{"floor":6,"key":"Pear"},{"floor":8,"key":"Bronze Scales"},{"floor":9,"key":"MawBank"},{"floor":12,"key":"Bag of Preparation"},{"floor":13,"key":"Singing Bowl"},{"floor":19,"key":"Red Mask"},{"floor":23,"key":"TungstenRod"},{"floor":25,"key":"Incense Burner"},{"floor":27,"key":"Pen Nib"},{"floor":28,"key":"Tiny Chest"},{"floor":30,"key":"Cables"},{"floor":32,"key":"Anchor"},{"floor":39,"key":"Eternal Feather"},{"floor":40,"key":"Orichalcum"},{"floor":41,"key":"HornCleat"},{"floor":43,"key":"Mummified Hand"},{"floor":44,"key":"CeramicFish"},{"floor":45,"key":"Old Coin"},{"floor":48,"key":"Torii"},{"floor":49,"key":"Ice Cream"},{"floor":53,"key":"InkBottle"},{"floor":55,"key":"Turnip"}],"event_choices":[{"damage_healed":0,"gold_gain":0,"player_choice":"Forge","damage_taken":0,"max_hp_gain":0,"max_hp_loss":0,"event_name":"Accursed Blacksmith","floor":2,"gold_loss":0,"cards_upgraded":["Coolheaded"]},{"damage_healed":0,"gold_gain":0,"player_choice":"Ignored","damage_taken":0,"max_hp_gain":0,"max_hp_loss":0,"event_name":"Liars Game","floor":4,"gold_loss":0},{"damage_healed":0,"gold_gain":0,"player_choice":"Lose Max HP","damage_taken":0,"relics_obtained":["Golden Idol"],"max_hp_gain":0,"max_hp_loss":7,"event_name":"Golden Idol","floor":5,"gold_loss":0},{"damage_healed":0,"gold_gain":0,"player_choice":"Entered Light","damage_taken":22,"max_hp_gain":0,"max_hp_loss":0,"event_name":"Shining Light","floor":14,"gold_loss":0,"cards_upgraded":["Beam Cell","Gash"]},{"damage_healed":0,"gold_gain":0,"player_choice":"Fought Bandits","damage_taken":0,"max_hp_gain":0,"max_hp_loss":0,"event_name":"Masked Bandits","floor":19,"gold_loss":0},{"cards_removed":["Scrape"],"damage_healed":0,"gold_gain":0,"player_choice":"Gave Gold","damage_taken":0,"max_hp_gain":0,"max_hp_loss":0,"event_name":"Beggar","floor":22,"gold_loss":75},{"damage_healed":0,"gold_gain":0,"player_choice":"Read","damage_taken":0,"max_hp_gain":0,"max_hp_loss":0,"event_name":"The Library","floor":29,"gold_loss":0,"cards_obtained":["Capacitor"]},{"damage_healed":0,"gold_gain":222,"player_choice":"Wore Mask","damage_taken":0,"max_hp_gain":0,"max_hp_loss":0,"event_name":"Tomb of Lord Red Mask","floor":36,"gold_loss":0},{"cards_removed":["Gash"],"damage_healed":5,"gold_gain":0,"player_choice":"Offered Common","damage_taken":0,"max_hp_gain":0,"max_hp_loss":0,"event_name":"Bonfire Elementals","floor":38,"gold_loss":0},{"cards_removed":["Gash"],"damage_healed":5,"gold_gain":0,"player_choice":"Offered Special","damage_taken":0,"max_hp_gain":0,"max_hp_loss":0,"event_name":"Bonfire Elementals","floor":38,"gold_loss":0},{"damage_healed":0,"gold_gain":0,"player_choice":"Fight","damage_taken":0,"max_hp_gain":0,"max_hp_loss":0,"event_name":"Mysterious Sphere","floor":48,"gold_loss":0}],"is_beta":false,"boss_relics":[{"not_picked":["FrozenCore","Calling Bell"],"picked":"Busted Crown"},{"not_picked":["Runic Dome","Snecko Eye"],"picked":"Fusion Hammer"}],"items_purged_floors":[20,31],"is_endless":false,"potions_floor_spawned":[1,13,16,18,23,25,28,42,44,47,48],"ascension_level":20}}