{"host":"mnpd8gh7cwxsn5kh","time":1613075850,"event":{"mods":["BaseMod","Bestiary","Block Reminder","Colored Map","Colored Powertips","Highlight Path","Minty Spire (QoL Compilation)","Relic Sorter","Relic Stats"],"gold_per_floor":[119,139,149,149,149,174,209,209,209,209,209,222,258,281,281,281,281],"floor_reached":16,"language":"ENG","playtime":712,"items_purged":[],"score":190,"play_id":"f58018ff-8a13-41f1-a71d-93a0b6c2c5a0","local_time":"20210211213730","is_ascension_mode":true,"campfire_choices":[{"data":"Streamline","floor":8,"key":"SMITH"},{"data":"Dualcast","floor":10,"key":"SMITH"},{"data":"Streamline","floor":15,"key":"SMITH"}],"circlet_count":0,"master_deck":["AscendersBane","Strike_B","Strike_B","Strike_B","Defend_B","Defend_B","Defend_B","Zap+1","Dualcast+1","Loop","Beam Cell","Steam","Rebound+1","Steam","Streamline+1","Multi-Cast","Defragment","Streamline+1","Self Repair"],"relics":["Cracked Core","Golden Idol","Darkstone Periapt","Sundial","Kunai"],"acts_visited":["Exordium"],"potions_floor_usage":[3,3,7,13,16],"damage_taken":[{"damage":1,"enemies":"Cultist","floor":1,"turns":3},{"damage":6,"enemies":"Small Slimes","floor":2,"turns":2},{"damage":2,"enemies":"2 Louse","floor":3,"turns":2},{"damage":3,"enemies":"Large Slime","floor":6,"turns":5},{"damage":12,"enemies":"Gremlin Nob","floor":7,"turns":3},{"damage":3,"enemies":"3 Louse","floor":12,"turns":2},{"damage":24,"enemies":"Lagavulin","floor":13,"turns":4},{"damage":0,"enemies":"Gremlin Gang","floor":14,"turns":3},{"damage":23,"enemies":"Hexaghost","floor":16,"turns":9}],"seed_played":"-7341010440289099671","potions_obtained":[{"floor":2,"key":"EntropicBrew"},{"floor":7,"key":"FearPotion"},{"floor":12,"key":"Dexterity Potion"}],"is_trial":false,"path_per_floor":["M","M","M","?","?","M","E","R","T","R","?","M","E","M","R","B"],"character_chosen":"DEFECT","items_purchased":[],"campfire_rested":0,"item_purchase_floors":[],"current_hp_per_floor":[63,57,55,42,42,39,27,27,27,27,46,43,19,19,19,0,0],"gold":281,"neow_bonus":"TRANSFORM_TWO_CARDS","is_daily":false,"chose_seed":false,"campfire_upgraded":3,"win_rate":0.0,"timestamp":1613075850,"path_taken":["M","?","M","?","?","M","E","R","T","R","?","M","E","M","R","BOSS"],"items_purchased_type":[],"build_version":"2020-12-22","purchased_purges":0,"victory":false,"max_hp_per_floor":[64,64,64,64,59,59,59,59,59,59,59,59,59,59,59,59,59],"relic_stats":{"Darkstone Periapt":0,"counters":[9,33],"Golden Idol":27,"Sundial":[2],"Kunai":[1],"obtain_stats":[{"Darkstone Periapt":7,"Golden Idol":5,"Sundial":9,"Kunai":13,"Cracked Core":0},{"Darkstone Periapt":5,"Golden Idol":3,"Sundial":5,"Kunai":7,"Cracked Core":0},{"Darkstone Periapt":15,"Golden Idol":7,"Sundial":15,"Kunai":21,"Cracked Core":0}]},"card_choices":[{"not_picked":["Turbo","Reprogram"],"picked":"Steam","floor":1},{"not_picked":["Defragment","Darkness"],"picked":"Rebound","floor":2},{"not_picked":["Rebound","Compile Driver"],"picked":"Steam","floor":3},{"not_picked":["Sweeping Beam","Steam"],"picked":"Streamline","floor":6},{"not_picked":["Lockon","Rebound"],"picked":"Multi-Cast","floor":7},{"not_picked":["Recycle","Consume"],"picked":"Defragment","floor":12},{"not_picked":["Beam Cell","Defragment"],"picked":"Streamline","floor":13},{"not_picked":["Turbo","Barrage"],"picked":"Self Repair","floor":14}],"player_experience":463894,"relics_obtained":[{"floor":7,"key":"Darkstone Periapt"},{"floor":9,"key":"Sundial"},{"floor":13,"key":"Kunai"}],"event_choices":[{"damage_healed":0,"gold_gain":0,"player_choice":"Entered Light","damage_taken":13,"max_hp_gain":0,"max_hp_loss":0,"event_name":"Shining Light","floor":4,"gold_loss":0,"cards_upgraded":["Rebound","Zap"]},{"damage_healed":0,"gold_gain":0,"player_choice":"Lose Max HP","damage_taken":0,"relics_obtained":["Golden Idol"],"max_hp_gain":0,"max_hp_loss":5,"event_name":"Golden Idol","floor":5,"gold_loss":0},{"damage_healed":19,"gold_gain":0,"player_choice":"Banana","damage_taken":0,"max_hp_gain":0,"max_hp_loss":0,"event_name":"Big Fish","floor":11,"gold_loss":0}],"is_beta":false,"boss_relics":[],"items_purged_floors":[],"is_endless":false,"potions_floor_spawned":[2,7,12],"killed_by":"Hexaghost","ascension_level":14}}