{"host":"rw1trt79hfpl7pom","time":1613052311,"event":{"mods":["BaseMod","Bestiary","Colored Map","Minty Spire (QoL Compilation)","Relic Stats","StSLib","SuperFastMode"],"gold_per_floor":[119,134,55,55,55,55,55,78,146,184,184,184,224,243,243,337,337,356,375,388,568,106,106,142,155,155,155,190,190,190,190,190],"floor_reached":31,"language":"ENG","playtime":1604,"items_purged":["Strike_P"],"score":562,"play_id":"766429a4-1beb-4400-931e-9c06e1f335e7","local_time":"20210211060510","is_ascension_mode":true,"campfire_choices":[{"data":"Eruption","floor":6.0,"key":"SMITH"},{"data":"SandsOfTime","floor":12.0,"key":"SMITH"},{"data":"FlyingSleeves","floor":15.0,"key":"SMITH"},{"floor":23.0,"key":"REST"},{"floor":27.0,"key":"REST"}],"circlet_count":0,"master_deck":["AscendersBane","Defend_P","Defend_P","Defend_P","Defend_P","Eruption+1","Vigilance","SandsOfTime+1","LikeWater","WaveOfTheHand","Wireheading","ClearTheMind","LikeWater","FlyingSleeves+1","SpiritShield","FlyingSleeves+1","Brilliance+1","MasterReality+1","MentalFortress","Tantrum","BowlingBash+1","Adaptation","ThirdEye","EmptyFist","Nirvana","Omniscience"],"relics":["VioletLotus","Golden Idol","Mango","Bottled Tornado","WingedGreaves","Centennial Puzzle","Astrolabe","Lantern","Bottled Lightning","Letter Opener","Vajra","Molten Egg 2"],"acts_visited":["Exordium","TheCity"],"potions_floor_usage":[],"damage_taken":[{"damage":3.0,"enemies":"2 Louse","floor":1.0,"turns":4.0},{"damage":2.0,"enemies":"Jaw Worm","floor":2.0,"turns":3.0},{"damage":4.0,"enemies":"Small Slimes","floor":8.0,"turns":4.0},{"damage":32.0,"enemies":"Gremlin Nob","floor":10.0,"turns":4.0},{"damage":2.0,"enemies":"Lagavulin","floor":13.0,"turns":7.0},{"damage":19.0,"enemies":"Gremlin Gang","floor":14.0,"turns":4.0},{"damage":20.0,"enemies":"Slime Boss","floor":16.0,"turns":8.0},{"damage":6.0,"enemies":"Spheric Guardian","floor":18.0,"turns":4.0},{"damage":9.0,"enemies":"Shell Parasite","floor":19.0,"turns":4.0},{"damage":6.0,"enemies":"3 Cultists","floor":20.0,"turns":4.0},{"damage":33.0,"enemies":"Gremlin Leader","floor":24.0,"turns":5.0},{"damage":3.0,"enemies":"Snecko","floor":25.0,"turns":4.0},{"damage":31.0,"enemies":"Book of Stabbing","floor":28.0,"turns":5.0},{"damage":3.0,"enemies":"Colosseum Slavers","floor":29.0,"turns":3.0},{"damage":7,"enemies":"Chosen and Byrds","floor":31,"turns":2}],"seed_played":"-8282793962854932281","potions_obtained":[{"floor":1.0,"key":"Regen Potion"},{"floor":8.0,"key":"SteroidPotion"},{"floor":19.0,"key":"Ancient Potion"},{"floor":20.0,"key":"Fruit Juice"},{"floor":25.0,"key":"CultistPotion"}],"is_trial":false,"path_per_floor":["M","M","$","?","?","R","T","M","T","E","?","R","E","M","R","B",null,"M","M","M","?","$","R","E","M","T","R","E","?","T","M"],"character_chosen":"WATCHER","items_purchased":["WaveOfTheHand","Adaptation","Lantern","ThirdEye","BlessingOfTheForge","EmptyFist"],"campfire_rested":2,"item_purchase_floors":[3,22,22,22,22,22],"current_hp_per_floor":[58,56,56,56,56,56,70,66,66,34,30,30,28,9,9,4,58,52,43,37,18,23,47,14,11,11,35,4,1,1,0,0],"gold":190,"neow_bonus":"BOSS_RELIC","is_daily":false,"chose_seed":false,"campfire_upgraded":3,"win_rate":0.0,"timestamp":1613052310,"path_taken":["M","M","$","?","?","R","?","?","T","E","?","R","E","M","R","BOSS","M","M","?","?","$","R","E","?","T","R","E","?","?","?"],"items_purchased_type":["Card","Card","Relic","Card","Potion","Card"],"build_version":"2020-12-22","purchased_purges":1,"victory":false,"max_hp_per_floor":[68,68,68,62,62,62,76,76,76,76,76,76,76,76,76,76,76,76,76,76,76,81,81,81,81,81,81,81,81,81,81,81],"relic_stats":{"Centennial Puzzle":[27],"counters":[15,65],"Golden Idol":72,"Astrolabe":["FlyingSleeves","Brilliance","MasterReality"],"VioletLotus":[16],"Letter Opener":[10],"obtain_stats":[{"Lantern":22,"Golden Idol":4,"Astrolabe":17,"Vajra":28,"Mango":7,"Letter Opener":26,"Bottled Tornado":9,"Centennial Puzzle":13,"Molten Egg 2":30,"VioletLotus":0,"WingedGreaves":10,"Bottled Lightning":24,"PureWater":0},{"Lantern":10,"Golden Idol":2,"Astrolabe":7,"Vajra":13,"Mango":2,"Letter Opener":12,"Bottled Tornado":3,"Centennial Puzzle":5,"Molten Egg 2":14,"VioletLotus":0,"WingedGreaves":4,"Bottled Lightning":11,"PureWater":0},{"Lantern":46,"Golden Idol":7,"Astrolabe":34,"Vajra":60,"Mango":7,"Letter Opener":55,"Bottled Tornado":11,"Centennial Puzzle":22,"Molten Egg 2":63,"VioletLotus":0,"WingedGreaves":15,"Bottled Lightning":51,"PureWater":0}]},"card_choices":[{"not_picked":["WindmillStrike","JustLucky"],"picked":"SandsOfTime","floor":1.0},{"not_picked":["BowlingBash","CrushJoints"],"picked":"LikeWater","floor":2.0},{"not_picked":["FollowUp","Evaluate"],"picked":"Wireheading","floor":8.0},{"not_picked":["FollowUp","CutThroughFate"],"picked":"ClearTheMind","floor":10.0},{"not_picked":["ConjureBlade","ForeignInfluence"],"picked":"LikeWater","floor":13.0},{"not_picked":["BowlingBash","Evaluate"],"picked":"FlyingSleeves","floor":14.0},{"not_picked":["Blasphemy","Alpha"],"picked":"SpiritShield","floor":16.0},{"not_picked":["BowlingBash","Swivel"],"picked":"MentalFortress","floor":18.0},{"not_picked":["InnerPeace+1","EmptyFist"],"picked":"Tantrum","floor":19.0},{"not_picked":["Consecrate","PathToVictory"],"picked":"BowlingBash+1","floor":20.0},{"not_picked":["Prostrate","Evaluate","BowlingBash+1"],"picked":"SKIP","floor":24.0},{"not_picked":["Prostrate","Evaluate","BowlingBash+1"],"picked":"SKIP","floor":24.0},{"not_picked":["Wireheading","FlyingSleeves"],"picked":"Nirvana","floor":25.0},{"not_picked":["Perseverance","CrushJoints"],"picked":"Omniscience","floor":28.0}],"player_experience":2691959,"relics_obtained":[{"floor":7.0,"key":"Mango"},{"floor":9.0,"key":"Bottled Tornado"},{"floor":10.0,"key":"WingedGreaves"},{"floor":13.0,"key":"Centennial Puzzle"},{"floor":24.0,"key":"Bottled Lightning"},{"floor":26.0,"key":"Letter Opener"},{"floor":28.0,"key":"Vajra"},{"floor":30.0,"key":"Molten Egg 2"}],"event_choices":[{"damage_healed":0.0,"max_hp_gain":0.0,"max_hp_loss":6.0,"gold_gain":0.0,"event_name":"Golden Idol","player_choice":"Lose Max HP","floor":4.0,"gold_loss":0.0,"damage_taken":0.0,"relics_obtained":["Golden Idol"]},{"damage_healed":0.0,"max_hp_gain":0.0,"max_hp_loss":0.0,"gold_gain":0.0,"event_name":"Liars Game","player_choice":"Ignored","floor":5.0,"gold_loss":0.0,"damage_taken":0.0},{"damage_healed":0.0,"max_hp_gain":0.0,"max_hp_loss":0.0,"gold_gain":0.0,"event_name":"The Woman in Blue","player_choice":"Bought 0 Potions","floor":11.0,"gold_loss":0.0,"damage_taken":0.0},{"damage_healed":0.0,"max_hp_gain":0.0,"max_hp_loss":0.0,"gold_gain":180.0,"event_name":"Knowing Skull","player_choice":"GOLD GOLD ","floor":21.0,"potions_obtained":[],"gold_loss":0.0,"damage_taken":19.0,"cards_obtained":[]},{"damage_healed":0.0,"max_hp_gain":0.0,"max_hp_loss":0.0,"gold_gain":0.0,"event_name":"Colosseum","player_choice":"Fight","floor":29.0,"gold_loss":0.0,"damage_taken":0.0},{"damage_healed":0.0,"max_hp_gain":0.0,"max_hp_loss":0.0,"gold_gain":0.0,"event_name":"Colosseum","player_choice":"Fled From Nobs","floor":29.0,"gold_loss":0.0,"damage_taken":0.0}],"is_beta":false,"boss_relics":[{"not_picked":["SacredBark","Fusion Hammer"],"picked":"Astrolabe"}],"items_purged_floors":[22],"is_endless":false,"potions_floor_spawned":[1,8,10,13,19,20,25],"killed_by":"Chosen and Byrds","ascension_level":20}}