{"host":"37ccm3d17clopct7","time":1613036441,"event":{"mods":["BaseMod","GungeonMod","Hermit","Lobotomy","Minty Spire (QoL Compilation)","StSLib","The Bug Knight","The Cursed","The Hierophant","The Jungle","The Runesmith"],"gold_per_floor":[110,110,110,110,128,128,163,183,183,198,198,218,231,271,271,390,390,408,429,188,206,206,206,247,267,315,315,339,383,10,35,35,165,165,186,186,186,186],"floor_reached":37,"language":"KOR","playtime":2875,"items_purged":["Runesmith:Strike_RS"],"score":518,"play_id":"966048f7-944e-4daa-8f30-b5a58a63b2d2","local_time":"20210211184041","is_ascension_mode":true,"campfire_choices":[{"floor":6,"key":"REST"},{"floor":11,"key":"REST"},{"floor":15,"key":"REST"},{"floor":23,"key":"RECALL"},{"floor":32,"key":"REST"}],"circlet_count":0,"master_deck":["Runesmith:Strike_RS","Runesmith:Defend_RS","Runesmith:Defend_RS","Runesmith:CraftFirestone","Runesmith:Fortify","Runesmith:CraftProtectio","Runesmith:Terraform","Runesmith:CraftObretio","Runesmith:CraftObretio","Runesmith:DoubleUp","Runesmith:ChiselStab","Runesmith:CraftMagma","Runesmith:Duplicate","Runesmith:PoweredAnvil+1","Runesmith:CraftMagma+1","Runesmith:Permafrost","Runesmith:Reinforce","Runesmith:EarthShield","Runesmith:StaticCage","Runesmith:EnergizedChisel","Runesmith:Grindstone","Runesmith:GrandSlam","Runesmith:CreatorForm","Runesmith:LithiumIon","Runesmith:PerfectChisel","Runesmith:Empowerment+1"],"relics":["Runesmith:BrokenRuby","Golden Idol","Runesmith:Nanobots","Bottled Flame","Sundial","Potion Belt","Nloth\u0027s Gift","Omamori","Matryoshka","Calling Bell","Regal Pillow","DemoMod:JetPack","Gambling Chip"],"acts_visited":["Exordium","TheCity","TheBeyond"],"potions_floor_usage":[14,14,24,33],"damage_taken":[{"damage":1,"enemies":"Jaw Worm","floor":1,"turns":4},{"damage":2,"enemies":"2 Louse","floor":5,"turns":3},{"damage":19,"enemies":"3 Sentries","floor":7,"turns":10},{"damage":3,"enemies":"Small Slimes","floor":8,"turns":4},{"damage":0,"enemies":"Looter","floor":10,"turns":4},{"damage":6,"enemies":"Blue Slaver","floor":12,"turns":4},{"damage":12,"enemies":"Exordium Thugs","floor":13,"turns":7},{"damage":1,"enemies":"Gremlin Nob","floor":14,"turns":5},{"damage":7,"enemies":"Hexaghost","floor":16,"turns":11},{"damage":18,"enemies":"Spheric Guardian","floor":18,"turns":5},{"damage":1,"enemies":"Chosen","floor":19,"turns":9},{"damage":17,"enemies":"Shelled Parasite and Fungi","floor":21,"turns":4},{"damage":0,"enemies":"Gremlin Leader","floor":24,"turns":9},{"damage":2,"enemies":"Centurion and Healer","floor":25,"turns":10},{"damage":18,"enemies":"Chosen and Byrds","floor":28,"turns":10},{"damage":0,"enemies":"HollowMod:Nosk","floor":29,"turns":8},{"damage":3,"enemies":"Sentry and Sphere","floor":31,"turns":9},{"damage":20,"enemies":"Collector","floor":33,"turns":9},{"damage":37,"enemies":"Orb Walker","floor":35,"turns":8},{"damage":43,"enemies":"3 Shapes","floor":37,"turns":3}],"seed_played":"-659470773230321286","potions_obtained":[{"floor":1,"key":"PowerPotion"},{"floor":5,"key":"DuplicationPotion"},{"floor":10,"key":"Swift Potion"},{"floor":12,"key":"BlessingOfTheForge"},{"floor":21,"key":"Swift Potion"},{"floor":25,"key":"Explosive Potion"},{"floor":31,"key":"DuplicationPotion"},{"floor":33,"key":"EssenceOfSteel"},{"floor":35,"key":"SkillPotion"}],"is_trial":false,"path_per_floor":["M","?","?","?","M","R","E","M","T","M","R","M","M","E","R","B",null,"M","M","$","M","?","R","E","M","T","?","M","E","$","M","R","B",null,"M","?","M"],"character_chosen":"RUNESMITH_CLASS","items_purchased":["Runesmith:Permafrost","Runesmith:Reinforce","Runesmith:EarthShield","Matryoshka","Runesmith:LithiumIon","Runesmith:PerfectChisel"],"campfire_rested":4,"item_purchase_floors":[20,20,20,30,30,30],"current_hp_per_floor":[69,69,52,45,43,64,45,42,42,42,63,57,45,44,65,58,70,52,51,51,34,57,57,57,55,55,55,37,37,37,34,55,35,70,33,33,0,0],"gold":186,"neow_bonus":"REMOVE_CARD","is_daily":false,"chose_seed":false,"campfire_upgraded":0,"win_rate":0.0,"timestamp":1613036441,"path_taken":["M","?","?","?","M","R","E","M","T","M","R","M","M","E","R","BOSS","M","M","$","M","?","R","E","M","T","?","M","E","$","M","R","BOSS","M","?","?"],"items_purchased_type":["Card","Card","Card","Relic","Card","Card"],"build_version":"2020-12-22","purchased_purges":1,"victory":false,"max_hp_per_floor":[70,70,70,70,70,70,70,70,70,70,70,70,70,70,70,70,70,70,70,70,70,70,70,70,70,70,70,70,70,70,70,70,70,70,70,70,70,70],"card_choices":[{"not_picked":["Runesmith:BackupBattery","Runesmith:HeatExchange"],"picked":"Runesmith:CraftProtectio","floor":1},{"not_picked":["Runesmith:ChargedHammer","Runesmith:Malloc"],"picked":"Runesmith:Terraform","floor":5},{"not_picked":["Runesmith:NegativeSpace","Runesmith:EarthShield"],"picked":"Runesmith:CraftObretio","floor":7},{"not_picked":["Runesmith:UnstableHammer","Runesmith:NanitesCloud","Runesmith:StaticCage"],"picked":"SKIP","floor":8},{"not_picked":["Runesmith:ChiselStab","Runesmith:HeatExchange"],"picked":"Runesmith:CraftObretio","floor":10},{"not_picked":["Runesmith:CraftProtectio","Runesmith:ShiftingStrike"],"picked":"Runesmith:DoubleUp","floor":12},{"not_picked":["Runesmith:ArcReactor","Runesmith:UnstableHammer"],"picked":"Runesmith:ChiselStab","floor":13},{"not_picked":["Runesmith:ElementalConversion","Runesmith:UnstableHammer"],"picked":"Runesmith:CraftMagma","floor":14},{"not_picked":["Runesmith:CraftIndustria","Runesmith:CraftPrismatica"],"picked":"Runesmith:Duplicate","floor":16},{"not_picked":["Runesmith:HeatedChisel","Runesmith:CraftProtectio"],"picked":"Runesmith:PoweredAnvil+1","floor":18},{"not_picked":["Runesmith:StaticCage","Runesmith:RuneHurl"],"picked":"Runesmith:CraftMagma+1","floor":19},{"not_picked":["Runesmith:LightningRod","Runesmith:HammerTime+1"],"picked":"Runesmith:StaticCage","floor":21},{"not_picked":["Runesmith:ShiftingStrike","Runesmith:PoweredAnvil"],"picked":"Runesmith:EnergizedChisel","floor":24},{"not_picked":["Runesmith:Overpower","Runesmith:Discharge"],"picked":"Runesmith:Grindstone","floor":25},{"not_picked":["Runesmith:PoweredAnvil+1","Runesmith:EarthShield"],"picked":"Runesmith:GrandSlam","floor":28},{"not_picked":["Runesmith:RuneHurl","Runesmith:LastStand"],"picked":"Runesmith:CreatorForm","floor":29},{"not_picked":["Runesmith:CraftMagma","Runesmith:Repurpose","Runesmith:CraftObretio"],"picked":"SKIP","floor":31},{"not_picked":["Runesmith:HammerThrow","Runesmith:ElementalConversion"],"picked":"Runesmith:Empowerment+1","floor":35}],"player_experience":176366,"relics_obtained":[{"floor":7,"key":"Runesmith:Nanobots"},{"floor":14,"key":"Bottled Flame"},{"floor":24,"key":"Sundial"},{"floor":26,"key":"Potion Belt"},{"floor":29,"key":"Omamori"},{"floor":34,"key":"Regal Pillow"},{"floor":34,"key":"DemoMod:JetPack"},{"floor":34,"key":"Gambling Chip"}],"event_choices":[{"damage_healed":0,"gold_gain":0,"player_choice":"Ignored","damage_taken":0,"max_hp_gain":0,"max_hp_loss":0,"event_name":"Liars Game","floor":2,"gold_loss":0},{"damage_healed":0,"gold_gain":0,"player_choice":"Take Damage","damage_taken":17,"relics_obtained":["Golden Idol"],"max_hp_gain":0,"max_hp_loss":0,"event_name":"Golden Idol","floor":3,"gold_loss":0},{"cards_removed":["Runesmith:Defend_RS"],"damage_healed":0,"gold_gain":0,"player_choice":"Card Removal","damage_taken":7,"max_hp_gain":0,"max_hp_loss":0,"event_name":"Golden Wing","floor":4,"gold_loss":0},{"damage_healed":23,"gold_gain":0,"player_choice":"Heal","damage_taken":0,"max_hp_gain":0,"max_hp_loss":0,"event_name":"The Library","floor":22,"gold_loss":0},{"damage_healed":0,"gold_gain":0,"player_choice":"Traded Relic","damage_taken":0,"relics_obtained":["Nloth\u0027s Gift"],"max_hp_gain":0,"max_hp_loss":0,"event_name":"N\u0027loth","floor":27,"relics_lost":["Empty Cage"],"gold_loss":0},{"damage_healed":0,"gold_gain":0,"player_choice":"Bought 0 Potions","damage_taken":0,"max_hp_gain":0,"max_hp_loss":0,"event_name":"The Woman in Blue","floor":36,"gold_loss":0}],"is_beta":false,"boss_relics":[{"not_picked":["Runic Dome","Cursed Key"],"picked":"Empty Cage"},{"not_picked":["Fusion Hammer","Runesmith:PocketReactor"],"picked":"Calling Bell"}],"items_purged_floors":[20],"is_endless":false,"potions_floor_spawned":[1,5,10,12,21,25,31,33,35],"killed_by":"3 Shapes","ascension_level":2}}