{"host":"epc8efk9vrywpcsw","time":1613063603,"event":{"mods":["BaseMod","Minty Spire (QoL Compilation)","Relic Stats","StSLib"],"gold_per_floor":[116,126,126,126,142,170,183,183,183,201,39,72,72,98,98,175,175,188,202,150,161,161,161,195,195,195,227,239,239,270,270,270,342,342,358,358,383,401,401,426,426,458,458,458,505,430,449,15,15,15],"floor_reached":51,"language":"ENG","playtime":2737,"items_purged":["Strike_B+1"],"score":1634,"play_id":"3985e1db-cfef-4bad-8998-19affd4e5f7e","local_time":"20210211181323","is_ascension_mode":true,"campfire_choices":[{"data":"Beam Cell","floor":8,"key":"SMITH"},{"data":"Beam Cell","floor":15,"key":"SMITH"},{"floor":23,"key":"REST"},{"floor":25,"key":"REST"},{"floor":29,"key":"REST"},{"data":"Seek","floor":32,"key":"SMITH"},{"data":"Hologram","floor":41,"key":"SMITH"},{"data":"Violence","floor":44,"key":"SMITH"},{"floor":49,"key":"REST"}],"circlet_count":0,"master_deck":["AscendersBane","Strike_B+1","Strike_B+1","Defend_B+1","Defend_B+1","Defend_B+1","Cold Snap","Beam Cell+1","Beam Cell+1","All For One","Gash","Gash","Seek+1","Hologram+1","Hologram+1","Seek","Gash+1","Violence+1","Sadistic Nature+1","Go for the Eyes+1","Gash+1"],"relics":["Cracked Core","NeowsBlessing","Singing Bowl","WingedGreaves","Nunchaku","CaptainsWheel","Molten Egg 2","Empty Cage","Frozen Egg 2","Ornamental Fan","Art of War","Oddly Smooth Stone","Runic Pyramid","Thread and Needle","Cables","Orichalcum","Mango","Pocketwatch","Kunai","Medical Kit"],"acts_visited":["Exordium","TheCity","TheBeyond"],"potions_floor_usage":[12,21,21,33,50,50],"damage_taken":[{"damage":0,"enemies":"2 Louse","floor":1,"turns":1},{"damage":0,"enemies":"Cultist","floor":2,"turns":1},{"damage":0,"enemies":"Small Slimes","floor":5,"turns":1},{"damage":16,"enemies":"Lagavulin","floor":6,"turns":6},{"damage":0,"enemies":"2 Fungi Beasts","floor":7,"turns":3},{"damage":0,"enemies":"Exordium Wildlife","floor":10,"turns":2},{"damage":10,"enemies":"Gremlin Nob","floor":12,"turns":3},{"damage":0,"enemies":"Lagavulin","floor":14,"turns":4},{"damage":29,"enemies":"The Guardian","floor":16,"turns":9},{"damage":5,"enemies":"Chosen","floor":18,"turns":3},{"damage":14,"enemies":"2 Thieves","floor":19,"turns":3},{"damage":11,"enemies":"Snecko","floor":21,"turns":5},{"damage":31,"enemies":"Gremlin Leader","floor":24,"turns":6},{"damage":15,"enemies":"Book of Stabbing","floor":27,"turns":4},{"damage":6,"enemies":"Centurion and Healer","floor":28,"turns":4},{"damage":9,"enemies":"Gremlin Leader","floor":30,"turns":5},{"damage":40,"enemies":"Automaton","floor":33,"turns":8},{"damage":3,"enemies":"3 Shapes","floor":35,"turns":4},{"damage":0,"enemies":"Mind Bloom Boss Battle","floor":37,"turns":4},{"damage":4,"enemies":"3 Darklings","floor":38,"turns":3},{"damage":0,"enemies":"Nemesis","floor":40,"turns":5},{"damage":7,"enemies":"Reptomancer","floor":42,"turns":4},{"damage":32,"enemies":"2 Orb Walkers","floor":45,"turns":3},{"damage":0,"enemies":"4 Shapes","floor":47,"turns":4},{"damage":0,"enemies":"Awakened One","floor":50,"turns":5}],"seed_played":"2261714279818206238","potions_obtained":[{"floor":2,"key":"LiquidMemories"},{"floor":7,"key":"Explosive Potion"},{"floor":16,"key":"Energy Potion"},{"floor":24,"key":"FocusPotion"},{"floor":33,"key":"SteroidPotion"},{"floor":37,"key":"Dexterity Potion"},{"floor":47,"key":"SteroidPotion"}],"is_trial":false,"path_per_floor":["M","M","?","$","M","E","M","R","T","M","$","E","?","E","R","B",null,"M","M","$","M","?","R","E","R","T","E","M","R","E","?","R","B",null,"M","?","?","M","?","E","R","E","T","R","?","$","M","$","R","B",null],"character_chosen":"DEFECT","items_purchased":["Nunchaku","Hologram","Kunai","Medical Kit"],"campfire_rested":4,"item_purchase_floors":[11,20,48,48],"current_hp_per_floor":[64,64,64,64,64,48,48,48,48,48,48,40,40,42,42,13,60,57,45,45,36,52,76,47,71,71,58,52,77,70,70,70,30,73,70,60,60,58,58,60,60,55,69,69,37,37,39,39,71,71],"gold":15,"neow_bonus":"THREE_ENEMY_KILL","is_daily":false,"chose_seed":false,"campfire_upgraded":5,"win_rate":0.0,"timestamp":1613063603,"path_taken":["M","M","?","$","?","E","M","R","T","M","$","E","?","E","R","BOSS","M","M","$","?","?","R","E","R","T","E","M","R","E","?","R","BOSS","M","?","?","M","?","E","R","E","T","R","?","$","M","$","R","BOSS"],"items_purchased_type":["Relic","Card","Relic","Relic"],"build_version":"2020-12-22","purchased_purges":1,"victory":true,"max_hp_per_floor":[71,71,71,71,71,71,71,71,71,71,71,73,73,75,75,75,75,77,79,79,81,81,81,83,83,83,85,85,85,87,87,87,87,87,87,87,87,89,89,91,91,93,107,107,107,107,109,109,109,109],"relic_stats":{"Nunchaku":[36],"Singing Bowl":24,"counters":[25,100],"Ornamental Fan":[272],"Art of War":[0],"Kunai":[12],"Orichalcum":[0],"Medical Kit":[0],"obtain_stats":[{"NeowsBlessing":0,"Singing Bowl":6,"Oddly Smooth Stone":30,"Thread and Needle":37,"Mango":43,"Frozen Egg 2":24,"Orichalcum":42,"Empty Cage":17,"Medical Kit":48,"Cables":40,"Nunchaku":11,"CaptainsWheel":12,"Ornamental Fan":26,"Molten Egg 2":14,"WingedGreaves":9,"Art of War":27,"Kunai":48,"Cracked Core":0,"Runic Pyramid":34,"Pocketwatch":45},{"NeowsBlessing":0,"Singing Bowl":4,"Oddly Smooth Stone":16,"Thread and Needle":19,"Mango":22,"Frozen Egg 2":13,"Orichalcum":22,"Empty Cage":9,"Medical Kit":24,"Cables":21,"Nunchaku":6,"CaptainsWheel":7,"Ornamental Fan":13,"Molten Egg 2":8,"WingedGreaves":5,"Art of War":14,"Kunai":24,"Cracked Core":0,"Runic Pyramid":17,"Pocketwatch":23},{"NeowsBlessing":0,"Singing Bowl":9,"Oddly Smooth Stone":60,"Thread and Needle":76,"Mango":88,"Frozen Egg 2":47,"Orichalcum":88,"Empty Cage":30,"Medical Kit":95,"Cables":84,"Nunchaku":14,"CaptainsWheel":17,"Ornamental Fan":47,"Molten Egg 2":21,"WingedGreaves":12,"Art of War":51,"Kunai":95,"Cracked Core":0,"Runic Pyramid":68,"Pocketwatch":91}],"Cables":[13,13,0,0,0],"Pocketwatch":[0]},"card_choices":[{"not_picked":["Steam","Redo"],"picked":"Cold Snap","floor":1},{"not_picked":["Fusion","Steam Power"],"picked":"Beam Cell","floor":2},{"not_picked":["Consume","Stack"],"picked":"Beam Cell","floor":5},{"not_picked":["Coolheaded","Double Energy"],"picked":"All For One","floor":6},{"not_picked":["Rebound","Cold Snap"],"picked":"Gash","floor":7},{"not_picked":["Steam","Go for the Eyes"],"picked":"Gash","floor":10},{"not_picked":["Doom and Gloom","Storm","Sunder"],"picked":"Singing Bowl","floor":12},{"not_picked":["Buffer","Scrape+1","Leap"],"picked":"Singing Bowl","floor":14},{"not_picked":["Machine Learning","Meteor Strike+1"],"picked":"Seek","floor":16},{"not_picked":["Turbo","Sweeping Beam+1","Rip and Tear+1"],"picked":"Singing Bowl","floor":18},{"not_picked":["Chill","Compile Driver+1","Sunder+1"],"picked":"Singing Bowl","floor":19},{"not_picked":["Sunder+1","Stack","Auto Shields"],"picked":"Singing Bowl","floor":21},{"not_picked":["Coolheaded","Ball Lightning+1","Rip and Tear+1"],"picked":"Singing Bowl","floor":24},{"not_picked":["Barrage+1","Chaos","Recycle"],"picked":"Singing Bowl","floor":27},{"not_picked":["Tempest","Static Discharge+1"],"picked":"Hologram+1","floor":28},{"not_picked":["Multi-Cast","Hologram","Sweeping Beam+1"],"picked":"Singing Bowl","floor":30},{"not_picked":["Meteor Strike+1","Electrodynamics+1"],"picked":"Seek","floor":33},{"not_picked":["Leap+1","Barrage+1"],"picked":"Gash+1","floor":35},{"not_picked":["HandOfGreed+1","Madness"],"picked":"Violence","floor":36},{"not_picked":["Blind","Purity"],"picked":"Sadistic Nature+1","floor":36},{"not_picked":["Streamline+1","Scrape+1"],"picked":"Go for the Eyes+1","floor":37},{"not_picked":["Leap","Conserve Battery","Defragment+1"],"picked":"Singing Bowl","floor":38},{"not_picked":["Beam Cell+1","Hello World+1","Leap"],"picked":"Singing Bowl","floor":40},{"not_picked":["Stack","Ball Lightning+1","Turbo"],"picked":"Singing Bowl","floor":42},{"not_picked":["Streamline+1","Auto Shields"],"picked":"Gash+1","floor":45},{"not_picked":["Ball Lightning+1","Lockon+1","Conserve Battery"],"picked":"Singing Bowl","floor":47}],"player_experience":519007,"relics_obtained":[{"floor":6,"key":"Singing Bowl"},{"floor":9,"key":"WingedGreaves"},{"floor":12,"key":"CaptainsWheel"},{"floor":14,"key":"Molten Egg 2"},{"floor":24,"key":"Frozen Egg 2"},{"floor":26,"key":"Ornamental Fan"},{"floor":27,"key":"Art of War"},{"floor":30,"key":"Oddly Smooth Stone"},{"floor":37,"key":"Thread and Needle"},{"floor":40,"key":"Cables"},{"floor":42,"key":"Orichalcum"},{"floor":43,"key":"Mango"},{"floor":45,"key":"Pocketwatch"}],"event_choices":[{"cards_removed":["Strike_B"],"damage_healed":0,"gold_gain":0,"player_choice":"Offered Basic","damage_taken":0,"max_hp_gain":0,"max_hp_loss":0,"event_name":"Bonfire Elementals","floor":3,"gold_loss":0},{"cards_removed":["Dualcast"],"damage_healed":0,"gold_gain":0,"player_choice":"Purged","damage_taken":0,"max_hp_gain":0,"max_hp_loss":0,"event_name":"Purifier","floor":13,"gold_loss":0},{"damage_healed":16,"gold_gain":0,"player_choice":"Heal","damage_taken":0,"max_hp_gain":0,"max_hp_loss":0,"event_name":"The Library","floor":22,"gold_loss":0},{"damage_healed":0,"gold_gain":0,"player_choice":"Simplicity","damage_taken":0,"max_hp_gain":0,"max_hp_loss":0,"event_name":"Back to Basics","floor":31,"gold_loss":0,"cards_upgraded":["Strike_B","Strike_B","Strike_B","Defend_B","Defend_B","Defend_B"]},{"damage_healed":0,"gold_gain":0,"player_choice":"Memory 3","damage_taken":10,"max_hp_gain":0,"max_hp_loss":0,"event_name":"SensoryStone","floor":36,"gold_loss":0},{"damage_healed":0,"gold_gain":0,"player_choice":"Fight","damage_taken":0,"max_hp_gain":0,"max_hp_loss":0,"event_name":"MindBloom","floor":37,"gold_loss":0},{"damage_healed":0,"gold_gain":0,"player_choice":"Ignored","damage_taken":0,"max_hp_gain":0,"max_hp_loss":0,"event_name":"Tomb of Lord Red Mask","floor":39,"gold_loss":0},{"damage_healed":0,"gold_gain":0,"player_choice":"Fight","damage_taken":0,"max_hp_gain":0,"max_hp_loss":0,"event_name":"Mysterious Sphere","floor":45,"gold_loss":0}],"is_beta":false,"boss_relics":[{"not_picked":["Fusion Hammer","Coffee Dripper"],"picked":"Empty Cage"},{"not_picked":["SlaversCollar","Black Star"],"picked":"Runic Pyramid"}],"items_purged_floors":[46],"is_endless":false,"potions_floor_spawned":[2,7,10,16,19,24,33,37,42,47],"ascension_level":17}}