{"host":"jh7kh5nqtgzr3auj","time":1613059130,"event":{"mods":["AchievementEnabler","Act Like it!","BaseMod","CapriCore","Colored Powertips","Good Game Mod","Highlight Path","HololiveMod","Minty Spire (QoL Compilation)","Quick Restart","Relic Stats","StSLib","TestMod"],"gold_per_floor":[94,128,154,180,25,25,72,100,100,142,142,174,203,238,238,350,350,375,400,255,287,316,361,9,34,34,34,60,87,120,151,151,269,269,294,294,326,251,279,336,336,73,151,180,207,307,349,364,364,379],"floor_reached":51,"language":"ZHS","playtime":3128,"items_purged":["Hololive_Strike","Hololive_Strike","Hololive_AWSL"],"score":1048,"play_id":"2015090d-90d2-401e-86fd-d94a2042aab6","local_time":"20210211235849","is_ascension_mode":false,"campfire_choices":[{"data":"testmod-TreasureHunter","floor":6.0,"key":"SMITH"},{"data":"Hololive_Rebirth","floor":15.0,"key":"SMITH"},{"data":"Hololive_Nanodesu","floor":27.0,"key":"SMITH"},{"data":"Hololive_CallInugamiKorone","floor":32.0,"key":"SMITH"},{"data":"Hololive_CallTsunomakiWatame","floor":49.0,"key":"SMITH"}],"circlet_count":0,"master_deck":["Hololive_Defend","Hololive_Defend","Hololive_Rebound","Hololive_CallTokinoSora","Hololive_CallHoushouMarine","Hololive_CallMinatoAqua","Hololive_CallShiroganeNoel","Hololive_CallAyundaRisu","testmod-TreasureHunter+1","Hololive_FlyingPonyTail","Hololive_FlyingPonyTail","Hololive_FlyingPonyTail","Hololive_CallMomosuzuNene+22","Hololive_CallYukihanaLamy","Hololive_Trident","Hololive_CandyCastle","Hololive_Rebirth+1","Hololive_CallInugamiKorone+1","Hololive_CallShiranuiFlare","Hololive_Nanodesu+1","Hololive_Rebirth+1","Hololive_DurableLive+1","Hololive_CallNekomataOkayu+1","Hololive_ILoveYou","Hololive_CallOkamiMio+1","Hololive_DDD+1","Hololive_DurableLive+1","Hololive_CallTsunomakiWatame+1","Hololive_Thief+1","CurseOfTheBell","Hololive_CallUsadaPekora","Hololive_CallMurasakiShion","Hololive_DDD+1","Hololive_IdolExercise+1","Hololive_Teleport+1"],"relics":["Hololive_TheStar","testmod-TestBox","REME:ComplimentaryCards","NeowsBlessing","testmod-Alchemist","Hololive_LightStick","testmod-Antiphasic","testmod-OneHitWonder","Akabeko","testmod-Motorcycle","testmod-Nine","Art of War","Toxic Egg 2","Kunai","Calling Bell","Orichalcum","HornCleat","Incense Burner","Frozen Egg 2","Eternal Feather"],"acts_visited":["Exordium","TheCity","TheBeyond"],"potions_floor_usage":[50,50,50,50,50,50,50,50,50,50,50],"damage_taken":[{"damage":0.0,"enemies":"Small Slimes","floor":1.0,"turns":1.0},{"damage":0.0,"enemies":"2 Louse","floor":2.0,"turns":2.0},{"damage":0.0,"enemies":"Jaw Worm","floor":3.0,"turns":1.0},{"damage":0.0,"enemies":"Exordium Thugs","floor":4.0,"turns":3.0},{"damage":0.0,"enemies":"Lagavulin","floor":7.0,"turns":4.0},{"damage":0.0,"enemies":"Blue Slaver","floor":8.0,"turns":2.0},{"damage":0.0,"enemies":"Gremlin Nob","floor":10.0,"turns":3.0},{"damage":0.0,"enemies":"Exordium Wildlife","floor":12.0,"turns":2.0},{"damage":0.0,"enemies":"Looter","floor":13.0,"turns":2.0},{"damage":0.0,"enemies":"Large Slime","floor":14.0,"turns":4.0},{"damage":0.0,"enemies":"Slime Boss","floor":16.0,"turns":5.0},{"damage":0.0,"enemies":"Chosen","floor":18.0,"turns":3.0},{"damage":0.0,"enemies":"2 Thieves","floor":19.0,"turns":3.0},{"damage":0.0,"enemies":"Snecko","floor":21.0,"turns":3.0},{"damage":0.0,"enemies":"Snake Plant","floor":22.0,"turns":3.0},{"damage":0.0,"enemies":"Book of Stabbing","floor":23.0,"turns":4.0},{"damage":0.0,"enemies":"Chosen and Byrds","floor":25.0,"turns":5.0},{"damage":0.0,"enemies":"3 Cultists","floor":28.0,"turns":4.0},{"damage":0.0,"enemies":"Centurion and Healer","floor":29.0,"turns":5.0},{"damage":0.0,"enemies":"Snecko","floor":30.0,"turns":3.0},{"damage":0.0,"enemies":"Sentry and Sphere","floor":31.0,"turns":3.0},{"damage":0.0,"enemies":"Collector","floor":33.0,"turns":6.0},{"damage":0.0,"enemies":"3 Shapes","floor":35.0,"turns":5.0},{"damage":0.0,"enemies":"Orb Walker","floor":37.0,"turns":4.0},{"damage":0.0,"enemies":"Sphere and 2 Shapes","floor":39.0,"turns":4.0},{"damage":0.0,"enemies":"Reptomancer","floor":40.0,"turns":6.0},{"damage":0.0,"enemies":"Spire Growth","floor":44.0,"turns":5.0},{"damage":0.0,"enemies":"Maw","floor":45.0,"turns":6.0},{"damage":0.0,"enemies":"3 Darklings","floor":47.0,"turns":5.0},{"damage":0.0,"enemies":"Transient","floor":48.0,"turns":5.0},{"damage":0,"enemies":"Awakened One","floor":50,"turns":5}],"seed_played":"-2309202322517036331","potions_obtained":[{"floor":4.0,"key":"DistilledChaos"},{"floor":7.0,"key":"CultistPotion"},{"floor":8.0,"key":"GamblersBrew"},{"floor":12.0,"key":"ColorlessPotion"},{"floor":13.0,"key":"Fruit Juice"},{"floor":16.0,"key":"LiquidBronze"},{"floor":19.0,"key":"DuplicationPotion"},{"floor":45.0,"key":"EntropicBrew"},{"floor":48.0,"key":"Energy Potion"}],"is_trial":false,"path_per_floor":["M","M","M","M","$","R","E","M","T","E","?","M","M","M","R","B",null,"M","M","$","M","M","E","$","M","T","R","M","M","M","M","R","B",null,"M","$","M","$","M","E","?","$","T","M","M","?","M","M","R","B",null],"character_chosen":"Hololive_HololiveCharacter","items_purchased":["Hololive_LightStick","Hololive_ILoveYou","Toxic Egg 2","Hololive_CallMurasakiShion","Hololive_IdolExercise+1"],"campfire_rested":0,"item_purchase_floors":[5,20,24,38,42],"current_hp_per_floor":[35,35,35,35,35,35,35,35,35,35,32,32,37,37,37,37,40,40,40,40,40,40,40,40,40,40,40,41,42,42,43,43,43,43,44,44,45,45,46,46,46,46,46,46,46,46,46,46,46,46],"gold":379,"neow_bonus":"THREE_ENEMY_KILL","is_daily":false,"chose_seed":false,"campfire_upgraded":5,"win_rate":0.0,"timestamp":1613059129,"path_taken":["M","M","M","M","$","R","E","M","T","E","?","M","M","M","R","BOSS","M","M","$","M","M","E","$","M","T","R","M","M","M","M","R","BOSS","M","$","M","$","M","E","?","$","T","M","M","?","M","M","R","BOSS"],"items_purchased_type":["Relic","Card","Relic","Card","Card"],"build_version":"2020-12-22","purchased_purges":3,"victory":true,"max_hp_per_floor":[35,35,35,35,35,35,35,35,35,35,35,35,40,40,40,40,40,40,40,40,40,40,40,40,40,40,40,41,42,42,43,43,43,43,44,44,45,45,46,46,46,46,46,46,46,46,46,46,46,46],"relic_stats":{"counters":[31,114],"Eternal Feather":0,"Art of War":[40],"Kunai":[0],"Orichalcum":[102],"obtain_stats":[{"testmod-TestBox":0,"NeowsBlessing":0,"Eternal Feather":43,"Incense Burner":34,"Orichalcum":34,"Frozen Egg 2":40,"War Paint":41,"Akabeko":10,"Calling Bell":34,"testmod-Antiphasic":7,"REME:ComplimentaryCards":0,"Hololive_LightStick":5,"testmod-Alchemist":0,"HornCleat":34,"testmod-Motorcycle":11,"Hololive_TheStar":0,"Art of War":23,"Kunai":26,"Toxic Egg 2":24,"testmod-OneHitWonder":9,"testmod-Nine":17},{"testmod-TestBox":0,"NeowsBlessing":0,"Eternal Feather":26,"Incense Burner":22,"Orichalcum":22,"Frozen Egg 2":26,"War Paint":26,"Akabeko":7,"Calling Bell":22,"testmod-Antiphasic":5,"REME:ComplimentaryCards":0,"Hololive_LightStick":4,"testmod-Alchemist":0,"HornCleat":22,"testmod-Motorcycle":7,"Hololive_TheStar":0,"Art of War":16,"Kunai":17,"Toxic Egg 2":16,"testmod-OneHitWonder":6,"testmod-Nine":11},{"testmod-TestBox":0,"NeowsBlessing":0,"Eternal Feather":88,"Incense Burner":69,"Orichalcum":69,"Frozen Egg 2":88,"War Paint":88,"Akabeko":15,"Calling Bell":69,"testmod-Antiphasic":10,"REME:ComplimentaryCards":0,"Hololive_LightStick":7,"testmod-Alchemist":0,"HornCleat":69,"testmod-Motorcycle":15,"Hololive_TheStar":0,"Art of War":43,"Kunai":48,"Toxic Egg 2":43,"testmod-OneHitWonder":12,"testmod-Nine":28}]},"card_choices":[{"not_picked":["Hololive_Sequa","Hololive_CallMoonaHoshinova","Hololive_CocoNews"],"picked":"Hololive_FlyingPonyTail","floor":1.0},{"not_picked":["Hololive_Sequa","Hololive_RevenueBasedLive","Hololive_LuckPotion"],"picked":"Hololive_FlyingPonyTail","floor":2.0},{"not_picked":["Hololive_CallFriendA","Hololive_HuntDinosaur","Hololive_Sequa"],"picked":"Hololive_FlyingPonyTail","floor":3.0},{"not_picked":["Hololive_CallTokinoSora","Hololive_Rebound","Hololive_CallHimemoriLuna"],"picked":"Hololive_CallMomosuzuNene","floor":4.0},{"not_picked":["Hololive_Yoholoon","Hololive_Nanodesu","Hololive_OvertimeWork"],"picked":"Hololive_CallYukihanaLamy","floor":7.0},{"not_picked":["Hololive_Psychosis","Hololive_CallYozoraMel","Hololive_Breathe"],"picked":"Hololive_Trident","floor":8.0},{"not_picked":["Hololive_Psychosis","Hololive_HuntDinosaur","Hololive_FlyingPonyTail"],"picked":"Hololive_CandyCastle","floor":10.0},{"not_picked":["Hololive_DevilCharm","Hololive_HuntDinosaur","Hololive_OvertimeWork"],"picked":"Hololive_CallInugamiKorone","floor":12.0},{"not_picked":["Hololive_OvertimeWork","Hololive_StrengthChampion","Hololive_RevenueBasedLive"],"picked":"Hololive_CallShiranuiFlare","floor":13.0},{"not_picked":["Hololive_CallMoonaHoshinova","Hololive_WolfAndLamb","Hololive_Psychosis","Hololive_CallCivia"],"picked":"SKIP","floor":14.0},{"not_picked":["Hololive_FlareMind","Hololive_WolfAndLamb","Hololive_Nanodesu"],"picked":"Hololive_Rebirth","floor":16.0},{"not_picked":["Hololive_OvertimeWork","Hololive_Rebound","Hololive_Trident","Hololive_SoulCatcher"],"picked":"SKIP","floor":18.0},{"not_picked":["Hololive_Drill+1","Hololive_Breathe","Hololive_StrengthChampion+1"],"picked":"Hololive_CallNekomataOkayu+1","floor":19.0},{"not_picked":["Hololive_HuntDinosaur","Hololive_Breathe","Hololive_Trident+1","Hololive_Drill"],"picked":"SKIP","floor":21.0},{"not_picked":["Hololive_Rebound","Hololive_Sequa","Hololive_RevenueBasedLive","Hololive_CallOmaruPolka+1"],"picked":"SKIP","floor":22.0},{"not_picked":["Hololive_Breathe","Hololive_FlyingPonyTail","Hololive_Teleport"],"picked":"Hololive_CallOkamiMio+1","floor":23.0},{"not_picked":["Hololive_CallShishiroBotan","Hololive_Psychosis+1","Hololive_StrengthChampion"],"picked":"Hololive_DDD+1","floor":25.0},{"not_picked":["Hololive_Rebound+1","Hololive_HuntDinosaur+1","Hololive_Psychosis"],"picked":"Hololive_CallTsunomakiWatame","floor":28.0},{"not_picked":["Hololive_Trident","Hololive_CallOkamiMio+1","Hololive_DevilCharm+1","Hololive_Psychosis+1"],"picked":"SKIP","floor":29.0},{"not_picked":["Hololive_CallMomosuzuNene","Hololive_OvertimeWork","Hololive_HuntDinosaur+1","Hololive_FlyingPonyTail+1"],"picked":"SKIP","floor":30.0},{"not_picked":["Hololive_CallFriendA","Hololive_OvertimeWork","Hololive_Psychosis","Hololive_CallAiraniIofifteen"],"picked":"SKIP","floor":31.0},{"not_picked":["Hololive_BeCareful+1","Hololive_MaximGun","Hololive_AWSL"],"picked":"Hololive_Thief+1","floor":33.0},{"not_picked":["Hololive_CallRoboco+1","Hololive_Rebound+1","Hololive_Sequa+1","Hololive_RevenueBasedLive+1"],"picked":"SKIP","floor":35.0},{"not_picked":["Hololive_Breathe+1","Hololive_RevenueBasedLive+1","Hololive_ManjiGathering+1"],"picked":"Hololive_CallUsadaPekora","floor":37.0},{"not_picked":["Hololive_CallTokinoSora+1","Hololive_Sequa","Hololive_CallShiranuiFlare+1","Hololive_HuntDinosaur+1"],"picked":"SKIP","floor":39.0},{"not_picked":["Hololive_FlareMind+1","Hololive_Sequa+1","Hololive_RevenueBasedLive+1","Hololive_CallCivia+1"],"picked":"SKIP","floor":40.0},{"not_picked":["Hololive_Rebound+1","Hololive_Psychosis+1","Hololive_FlyingPonyTail+1","Hololive_Trident"],"picked":"SKIP","floor":44.0},{"not_picked":["Hololive_CocoNews+1","Hololive_CallFriendA+1","Hololive_CallRoboco+1","Hololive_Trident+1"],"picked":"SKIP","floor":45.0},{"not_picked":["Hololive_ScarfAndHalo","Hololive_Sequa+1","Hololive_Rebound+1","Hololive_CallAyundaRisu+1"],"picked":"SKIP","floor":47.0},{"not_picked":["Hololive_FlyingPonyTail+1","Hololive_RevenueBasedLive+1","Hololive_StrengthChampion+1"],"picked":"Hololive_Teleport+1","floor":48.0}],"player_experience":320646,"relics_obtained":[{"floor":7.0,"key":"testmod-Antiphasic"},{"floor":9.0,"key":"testmod-OneHitWonder"},{"floor":10.0,"key":"Akabeko"},{"floor":23.0,"key":"Art of War"},{"floor":26.0,"key":"Kunai"},{"floor":34.0,"key":"Orichalcum"},{"floor":34.0,"key":"HornCleat"},{"floor":34.0,"key":"Incense Burner"},{"floor":40.0,"key":"Frozen Egg 2"},{"floor":43.0,"key":"Eternal Feather"}],"event_choices":[{"damage_healed":0.0,"max_hp_gain":0.0,"max_hp_loss":0.0,"gold_gain":0.0,"event_name":"Scrap Ooze","player_choice":"Success","floor":11.0,"gold_loss":0.0,"damage_taken":3.0,"relics_obtained":["testmod-Motorcycle"]},{"damage_healed":0.0,"max_hp_gain":0.0,"max_hp_loss":0.0,"gold_gain":0.0,"event_name":"给自己的盒子","player_choice":"Swap Relic","floor":41.0,"relics_lost":["War Paint"],"gold_loss":0.0,"damage_taken":0.0,"relics_obtained":["War Paint"]},{"damage_healed":0.0,"max_hp_gain":0.0,"max_hp_loss":0.0,"gold_gain":100.0,"event_name":"Golden Shrine","player_choice":"Pray","floor":46.0,"gold_loss":0.0,"damage_taken":0.0}],"is_beta":false,"boss_relics":[{"not_picked":["Hololive_TopUpMoneyS","Philosopher\u0027s Stone"],"picked":"testmod-Nine"},{"not_picked":["SlaversCollar","testmod-Prudence"],"picked":"Calling Bell"}],"items_purged_floors":[20,24,42],"is_endless":false,"potions_floor_spawned":[4,7,8,12,13,16,19,21,28,39,45,48],"ascension_level":0}}