{"host":"6r9t33axn0fzb9aq","time":1613063547,"event":{"mods":["Aspiration","BaseMod","Better Altar","Better Match","Better Note","Better Third Choice","Bossed Relics","CatGirl Mod","Clockwork Mod","Colored Map","Colored Powertips","Conspire","Curses Come First","Custom Start","Energized Spire","Halation","Hubris","Infinite Spire","Koishi","Marisa????????","Minty Spire (QoL Compilation)","Onozuka Komachi Mod","Poor People Problems","Reliquary","Remilia??????","Replay The Spire","Reworked Bosses","Shade Mod","Spicy Shops","Spire Arcade","StSLib","The Blue Laboratory","The Cursed","The Death Knight","The Hierophant","The Marked","The Necromancer","The Servant 0.9.4","TheHero","Trackpad","Waifu the Spire","Wandering Minibosses"],"gold_per_floor":[111,37,48,61,61,70,81,113,113,127,127,127,134,209,209,149,149],"floor_reached":16,"language":"ENG","playtime":5079,"items_purged":[],"score":286,"play_id":"70adbe48-907c-4f55-bd8e-4dbd03a02f0e","local_time":"20210211171227","daily_mods":["Hoarder","Vintage","Heirloom","Time Dilation","Flight","Elite Swarm","Binary"],"is_ascension_mode":false,"campfire_choices":[],"circlet_count":0,"master_deck":["hierophant:Strike_Hierophant","hierophant:Strike_Hierophant","hierophant:Strike_Hierophant","hierophant:Strike_Hierophant","hierophant:Punish","hierophant:Defend_Hierophant","hierophant:Defend_Hierophant","hierophant:Defend_Hierophant","hierophant:Defend_Hierophant","hierophant:ChurchCoffers","hierophant:PristineSoul","hierophant:PristineSoul","hierophant:PristineSoul","hierophant:PristineSoul","hierophant:PristineSoul","hierophant:PristineSoul"],"relics":["hierophant:PropheticMaskRelic","Busted Crown","replay:Trail_Library","Pocketwatch","trackpad:BottledTsunami","trackpad:Mousetrap","Potion Belt","Pen Nib","reliquary:Knoch","reliquary:Boomerang","Replay:Multitool","infinitespire:Bottled Soul","hubris:Icosahedron"],"acts_visited":["Exordium"],"potions_floor_usage":[6,16],"damage_taken":[{"damage":0,"enemies":"Cultist","floor":1,"turns":4},{"damage":0,"enemies":"Jaw Worm","floor":3,"turns":3},{"damage":0,"enemies":"2 Louse","floor":4,"turns":1},{"damage":0,"enemies":"Gremlin Nob","floor":6,"turns":3},{"damage":0,"enemies":"Lagavulin","floor":7,"turns":5},{"damage":0,"enemies":"Gremlin Nob","floor":8,"turns":3},{"damage":0,"enemies":"3 Sentries","floor":10,"turns":3},{"damage":0,"enemies":"Lagavulin","floor":13,"turns":5},{"damage":64,"enemies":"Hexaghost","floor":16,"turns":14}],"seed_played":"7904281147983668479","potions_obtained":[{"floor":4,"key":"DeathKnight:RimePotion"},{"floor":8,"key":"blueLaboratory:BottleOfVodka"},{"floor":10,"key":"blueLaboratory:NullPotion"},{"floor":13,"key":"SpeedPotion"}],"is_trial":true,"path_per_floor":["M","$","M","M","$","E","E","E","T","E","?","?","E","?","R_BF","B"],"character_chosen":"HIEROPHANT","items_purchased":["hierophant:PristineSoul"],"campfire_rested":0,"item_purchase_floors":[2],"current_hp_per_floor":[75,75,75,75,75,75,75,75,75,75,75,75,75,64,64,0,0],"gold":149,"neow_bonus":"","is_daily":false,"chose_seed":false,"campfire_upgraded":0,"win_rate":0.0,"timestamp":1613063547,"path_taken":["M","$","?","M","?","E","E","E","T","E","?","?","E","?","R_BF","BOSS"],"items_purchased_type":["Card"],"build_version":"2020-12-22","purchased_purges":0,"victory":false,"max_hp_per_floor":[75,75,75,75,75,75,75,75,75,75,75,75,75,75,75,75,75],"card_choices":[],"player_experience":445078,"relics_obtained":[{"floor":1,"key":"trackpad:BottledTsunami"},{"floor":3,"key":"trackpad:Mousetrap"},{"floor":4,"key":"Potion Belt"},{"floor":6,"key":"Pen Nib"},{"floor":7,"key":"reliquary:Knoch"},{"floor":8,"key":"reliquary:Boomerang"},{"floor":9,"key":"Replay:Multitool"},{"floor":10,"key":"infinitespire:Bottled Soul"}],"event_choices":[{"damage_healed":0,"gold_gain":75,"player_choice":"Gold","damage_taken":11,"max_hp_gain":0,"max_hp_loss":0,"event_name":"betterThird:BetterGoop","floor":14,"gold_loss":0}],"is_beta":false,"boss_relics":[],"items_purged_floors":[],"is_endless":false,"potions_floor_spawned":[4,8,10,13],"killed_by":"Hexaghost","ascension_level":0}}