{"host":"ji2m2homzj81ljx9","time":1613059775,"event":{"mods":["BaseMod","Bossed Relics","Colored Map","Colored Powertips","Downfall","Infinite Spire","Minty Spire (QoL Compilation)","Quick Restart","Relic Stats","Remove Card Discount Mod","Replay The Spire","Shop Mod","StSLib"],"gold_per_floor":[113,35,35,35,51,51,75,89,89,102,102,126,122,140,140,271,271,262,281,20,33,33,33,51,51,51,51,51,51,51],"floor_reached":29,"language":"ENG","playtime":603,"items_purged":["Injury","Battle Trance","Voices","infinitespire:Pacifist","Hallucinations"],"score":217,"play_id":"369b6dd5-7b16-414a-ab50-33c4734caa62","local_time":"20210211180935","is_ascension_mode":false,"campfire_choices":[{"data":"Inflame","floor":6.0,"key":"SMITH"},{"data":"Limit Break","floor":23.0,"key":"SMITH"},{"floor":25.0,"key":"REST"}],"circlet_count":0,"master_deck":["Strike_R","Strike_R","Strike_R","Strike_R","Defend_R","Defend_R","Defend_R","Defend_R","Bash","Inflame+1","Uppercut","Spot Weakness","Rampage+1","Feed","Limit Break+1"],"relics":["Burning Blood","NeowsBlessing","Golden Idol","Oddly Smooth Stone","infinitespire:BottledMercury","FossilizedHelix","MerchantsRug","Ice Cream","MealTicket","Bottled Lightning"],"acts_visited":["Exordium","TheCity"],"potions_floor_usage":[],"damage_taken":[{"damage":0.0,"enemies":"Jaw Worm","floor":1.0,"turns":1.0},{"damage":0.0,"enemies":"Small Slimes","floor":5.0,"turns":1.0},{"damage":0.0,"enemies":"infinitespire:Voidling","floor":7.0,"turns":1.0},{"damage":6.0,"enemies":"Blue Slaver","floor":8.0,"turns":4.0},{"damage":15.0,"enemies":"Red Slaver","floor":10.0,"turns":5.0},{"damage":0.0,"enemies":"Large Slime","floor":12.0,"turns":4.0},{"damage":13.0,"enemies":"2 Fungi Beasts","floor":14.0,"turns":3.0},{"damage":55.0,"enemies":"Hexaghost","floor":16.0,"turns":9.0},{"damage":24.0,"enemies":"2 Thieves","floor":18.0,"turns":4.0},{"damage":18.0,"enemies":"3 Byrds","floor":19.0,"turns":3.0},{"damage":25.0,"enemies":"Cultist and Chosen","floor":21.0,"turns":6.0},{"damage":26.0,"enemies":"Sentry and Sphere","floor":24.0,"turns":5.0},{"damage":38,"enemies":"Snecko","floor":29,"turns":4}],"seed_played":"-3436234869784065385","potions_obtained":[{"floor":7.0,"key":"Adrenaline Potion"},{"floor":8.0,"key":"LifebloodPotion"},{"floor":12.0,"key":"LiquidBronze"},{"floor":16.0,"key":"FearPotion"},{"floor":24.0,"key":"hexamod:SoulburnPotion"}],"is_trial":false,"path_per_floor":["M","$","?","?","M","R","M","M","T","M","?","M","$","M","R_BF","B",null,"M","M","$","M","?","R","M","R","?","T","T","M"],"character_chosen":"IRONCLAD","items_purchased":["Inflame","MerchantsRug","Ice Cream"],"campfire_rested":1,"item_purchase_floors":[2,20,20],"current_hp_per_floor":[80,80,80,80,80,80,80,80,80,71,71,77,77,70,80,31,80,62,50,50,34,34,34,14,38,38,38,38,0,0],"gold":51,"neow_bonus":"THREE_ENEMY_KILL","is_daily":false,"chose_seed":false,"campfire_upgraded":2,"win_rate":0.0,"timestamp":1613059775,"path_taken":["M","$","?","?","M","R","M","M","T","?","?","?","?","M","R_BF","BOSS","M","M","$","M","?","R","M","R","?","T","?","M"],"items_purchased_type":["Card","Relic","Relic"],"build_version":"2020-12-22","purchased_purges":5,"victory":false,"max_hp_per_floor":[80,80,80,80,80,80,80,80,80,80,80,80,80,80,80,80,80,80,80,80,83,83,83,83,83,83,83,83,83,83],"relic_stats":{"counters":[13,50],"Golden Idol":64,"MealTicket":0,"obtain_stats":[{"Ice Cream":20,"infinitespire:BottledMercury":17,"MerchantsRug":20,"Bottled Flame":9,"NeowsBlessing":0,"Golden Idol":3,"Oddly Smooth Stone":17,"MealTicket":27,"Replay:Ancient Bell":17,"Bottled Lightning":28,"Burning Blood":0,"FossilizedHelix":17},{"Ice Cream":10,"infinitespire:BottledMercury":8,"MerchantsRug":10,"Bottled Flame":4,"NeowsBlessing":0,"Golden Idol":1,"Oddly Smooth Stone":8,"MealTicket":12,"Replay:Ancient Bell":8,"Bottled Lightning":12,"Burning Blood":0,"FossilizedHelix":8},{"Ice Cream":35,"infinitespire:BottledMercury":28,"MerchantsRug":35,"Bottled Flame":7,"NeowsBlessing":0,"Golden Idol":1,"Oddly Smooth Stone":28,"MealTicket":46,"Replay:Ancient Bell":28,"Bottled Lightning":46,"Burning Blood":0,"FossilizedHelix":28}],"Burning Blood":54},"card_choices":[{"not_picked":["Perfected Strike","Bloodletting","Replay:Undeath\u0027s Touch"],"picked":"SKIP","floor":1.0},{"not_picked":["Clash","True Grit","Burning Pact"],"picked":"SKIP","floor":5.0},{"not_picked":["ReplayTheSpireMod:Strike From Hell","Inflame"],"picked":"Uppercut","floor":7.0},{"not_picked":["Twin Strike","Battle Trance"],"picked":"Spot Weakness","floor":8.0},{"not_picked":["Run Through","Iron Wave"],"picked":"Rampage","floor":10.0},{"not_picked":["Life Link","Havoc","Warcry"],"picked":"SKIP","floor":12.0},{"not_picked":["Seeing Red","Clash","Sword Boomerang"],"picked":"SKIP","floor":14.0},{"not_picked":["Impervious","Fiend Fire"],"picked":"Feed","floor":16.0},{"not_picked":["Doubt","Overencumbered"],"picked":"Voices","floor":17.0},{"not_picked":["Hallucinations","AbeCurse"],"picked":"infinitespire:Pacifist","floor":17.0},{"not_picked":["downfall:Aged","ReplayTheSpireMod:Restless Dread"],"picked":"Hallucinations","floor":17.0},{"not_picked":["Shrug It Off","Heavy Blade"],"picked":"Limit Break","floor":18.0},{"not_picked":["Iron Wave","Heavy Blade","Fire Breathing+1"],"picked":"SKIP","floor":19.0},{"not_picked":["Heavy Blade","True Grit","Evolve"],"picked":"SKIP","floor":21.0},{"not_picked":["Combust","Flex","Dropkick"],"picked":"SKIP","floor":24.0}],"player_experience":1134093,"relics_obtained":[{"floor":9.0,"key":"Bottled Flame"},{"floor":27,"key":"MealTicket"},{"floor":28,"key":"Bottled Lightning"}],"event_choices":[{"damage_healed":0.0,"max_hp_gain":0.0,"max_hp_loss":0.0,"gold_gain":0.0,"event_name":"Golden Idol","player_choice":"Take Wound","floor":3.0,"gold_loss":0.0,"damage_taken":0.0,"relics_obtained":["Golden Idol"],"cards_obtained":["Injury"]},{"damage_healed":0.0,"max_hp_gain":0.0,"max_hp_loss":0.0,"gold_gain":0.0,"event_name":"NoteForYourself","player_choice":"Ignored","floor":4.0,"gold_loss":0.0,"damage_taken":0.0},{"damage_healed":0.0,"max_hp_gain":0.0,"max_hp_loss":0.0,"gold_gain":0.0,"cards_transformed":["Strike_R"],"event_name":"Transmorgrifier","player_choice":"Transformed","floor":11.0,"gold_loss":0.0,"damage_taken":0.0,"cards_obtained":["Battle Trance"]},{"damage_healed":0.0,"max_hp_gain":0.0,"max_hp_loss":0.0,"gold_gain":0.0,"event_name":"Ghosts","player_choice":"Ignored","floor":22.0,"gold_loss":0.0,"damage_taken":0.0}],"is_beta":false,"boss_relics":[{"not_picked":["Ectoplasm","ChewingGum"],"picked":"Replay:Ancient Bell"},{"not_picked":["Strawberry","Smiling Mask"],"picked":"Oddly Smooth Stone"},{"not_picked":["Golden Egg","Letter Opener"],"picked":"infinitespire:BottledMercury"},{"not_picked":["Mango","Gambling Chip"],"picked":"FossilizedHelix"}],"items_purged_floors":[13,13,20,20,20],"is_endless":false,"potions_floor_spawned":[7,8,12,16,24],"killed_by":"Snecko","ascension_level":0}}