{"host":"40e4adzyl212zebh","time":1613030964,"event":{"mods":["BaseMod","Colored Map","Colored Powertips","Minty Spire (QoL Compilation)","Quick Restart","StSLib","SuperFastMode"],"gold_per_floor":[112,37,2,2,13,13,13,13,13,13,40,58,71,85,85,156,156,168,168,199,216,3,28,28,59,85,85,105,136,136,146,146,224,224,240,462,86,102,113,147,147,180,180,193,227,244,244,256,256,256,256,256,256,7,42,42],"floor_reached":57,"language":"ENG","playtime":3939,"items_purged":["Normality","Strike_G"],"score":2975,"play_id":"30675bc0-dd29-47fd-9163-cb52ac3f63b0","local_time":"20210211170924","is_ascension_mode":true,"campfire_choices":[{"data":"Neutralize","floor":6,"key":"SMITH"},{"data":"Noxious Fumes","floor":15,"key":"SMITH"},{"data":"Wraith Form v2","floor":24,"key":"SMITH"},{"floor":30,"key":"RECALL"},{"floor":32,"key":"REST"},{"data":"Calculated Gamble","floor":47,"key":"SMITH"},{"data":"Apotheosis","floor":49,"key":"SMITH"},{"floor":53,"key":"REST"}],"circlet_count":0,"master_deck":["AscendersBane","Strike_G","Defend_G","Defend_G","Defend_G","Defend_G","Survivor","Neutralize+1","Endless Agony","Adrenaline","Underhanded Strike","Blur","Corpse Explosion","Backstab","Deadly Poison","Flechettes","Noxious Fumes+1","Wraith Form v2+1","Bouncing Flask","Sadistic Nature","Decay","Blur","Well Laid Plans","Night Terror","Bandage Up","Wraith Form v2+1","Wraith Form v2","Crippling Poison+1","Forethought","Apotheosis+1","Enlightenment","Acrobatics","Burst","Calculated Gamble+1","Caltrops","After Image"],"relics":["Ring of the Snake","Anchor","Incense Burner","Happy Flower","Black Star","Red Mask","MealTicket","Question Card","Tough Bandages","FossilizedHelix","PreservedInsect","Bag of Preparation","Snake Skull","Runic Dome","DollysMirror","Bag of Marbles","Juzu Bracelet","Pen Nib","Turnip","Omamori","Pantograph","Orichalcum","Strawberry","Vajra"],"acts_visited":["Exordium","TheCity","TheBeyond","TheEnding"],"potions_floor_usage":[20,23,25,29,56,56],"damage_taken":[{"damage":2,"enemies":"2 Louse","floor":1,"turns":3},{"damage":0,"enemies":"Small Slimes","floor":5,"turns":2},{"damage":0,"enemies":"3 Sentries","floor":11,"turns":3},{"damage":0,"enemies":"Cultist","floor":12,"turns":2},{"damage":0,"enemies":"Exordium Wildlife","floor":13,"turns":2},{"damage":0,"enemies":"Large Slime","floor":14,"turns":4},{"damage":15,"enemies":"The Guardian","floor":16,"turns":10},{"damage":5,"enemies":"Shell Parasite","floor":18,"turns":6},{"damage":0,"enemies":"Masked Bandits","floor":20,"turns":2},{"damage":0,"enemies":"3 Byrds","floor":21,"turns":3},{"damage":3,"enemies":"Slavers","floor":23,"turns":4},{"damage":22,"enemies":"Book of Stabbing","floor":25,"turns":6},{"damage":0,"enemies":"Centurion and Healer","floor":28,"turns":4},{"damage":4,"enemies":"Slavers","floor":29,"turns":4},{"damage":0,"enemies":"Cultist and Chosen","floor":31,"turns":5},{"damage":15,"enemies":"Collector","floor":33,"turns":8},{"damage":16,"enemies":"Orb Walker","floor":35,"turns":3},{"damage":0,"enemies":"3 Darklings","floor":38,"turns":4},{"damage":2,"enemies":"Spire Growth","floor":39,"turns":6},{"damage":1,"enemies":"Nemesis","floor":40,"turns":7},{"damage":2,"enemies":"Reptomancer","floor":42,"turns":7},{"damage":6,"enemies":"Sphere and 2 Shapes","floor":44,"turns":5},{"damage":0,"enemies":"Giant Head","floor":45,"turns":8},{"damage":0,"enemies":"Maw","floor":46,"turns":5},{"damage":0,"enemies":"3 Darklings","floor":48,"turns":3},{"damage":0,"enemies":"Donu and Deca","floor":50,"turns":6},{"damage":57,"enemies":"Time Eater","floor":51,"turns":15},{"damage":2,"enemies":"Shield and Spear","floor":55,"turns":5},{"damage":14,"enemies":"The Heart","floor":56,"turns":12}],"seed_played":"2674866890152441972","potions_obtained":[{"floor":1,"key":"Dexterity Potion"},{"floor":12,"key":"SteroidPotion"},{"floor":13,"key":"GamblersBrew"},{"floor":18,"key":"Ancient Potion"},{"floor":21,"key":"BlessingOfTheForge"},{"floor":23,"key":"EntropicBrew"},{"floor":25,"key":"EssenceOfSteel"},{"floor":31,"key":"DistilledChaos"},{"floor":33,"key":"PowerPotion"},{"floor":35,"key":"Ancient Potion"},{"floor":45,"key":"LiquidBronze"},{"floor":48,"key":"SpeedPotion"}],"is_trial":false,"path_per_floor":["M","$","?","?","M","R","?","?","T","?","E","M","M","M","R","B",null,"M","?","?","M","$","E","R","E","T","?","M","E","R","M","R","B",null,"M","?","$","M","M","E","?","E","T","M","E","M","R","M","R","B","B",null,"R","$","E","B",null],"character_chosen":"THE_SILENT","items_purchased":["Sadistic Nature","Bandage Up","DollysMirror","Orichalcum","Caltrops"],"campfire_rested":2,"item_purchase_floors":[22,37,37,54,54],"current_hp_per_floor":[57,57,66,71,71,71,71,71,71,71,71,71,71,71,71,56,67,62,62,62,62,62,59,59,37,37,37,37,33,33,33,54,39,63,47,47,62,66,68,70,60,62,62,70,70,71,71,71,71,71,14,57,71,71,78,70],"gold":42,"neow_bonus":"TRANSFORM_TWO_CARDS","is_daily":false,"chose_seed":false,"campfire_upgraded":5,"win_rate":0.0,"timestamp":1613030964,"path_taken":["M","$","?","?","M","R","?","?","T","?","E","?","M","M","R","BOSS","M","?","?","?","$","E","R","E","T","?","M","E","R","M","R","BOSS","M","?","$","M","M","E","?","E","T","M","E","M","R","M","R","BOSS","BOSS","R","$","E","BOSS"],"items_purchased_type":["Card","Card","Relic","Relic","Card"],"build_version":"2020-12-22","purchased_purges":2,"victory":true,"max_hp_per_floor":[66,66,66,71,71,71,71,71,71,71,71,71,71,71,71,71,71,71,71,71,71,71,71,71,71,71,71,71,71,71,71,71,71,71,71,71,71,71,71,71,71,71,71,71,71,71,71,71,71,71,71,71,71,71,78,78],"card_choices":[{"not_picked":["Leg Sweep","Concentrate"],"picked":"Underhanded Strike","floor":1},{"not_picked":["Backflip","Concentrate"],"picked":"Blur","floor":5},{"not_picked":["Deflect","Tactician"],"picked":"Backstab","floor":11},{"not_picked":["Backflip","Prepared"],"picked":"Deadly Poison","floor":12},{"not_picked":["Cloak And Dagger","Outmaneuver"],"picked":"Flechettes","floor":13},{"not_picked":["Setup","Outmaneuver"],"picked":"Noxious Fumes","floor":14},{"not_picked":["Envenom","A Thousand Cuts"],"picked":"Wraith Form v2","floor":16},{"not_picked":["Blade Dance","Terror"],"picked":"Bouncing Flask","floor":18},{"not_picked":["Blade Dance","Slice","Expertise"],"picked":"SKIP","floor":21},{"not_picked":["Dagger Throw","Prepared","Deadly Poison"],"picked":"SKIP","floor":23},{"not_picked":["Outmaneuver","Corpse Explosion","Reflex","Poisoned Stab"],"picked":"SKIP","floor":25},{"not_picked":["Dagger Throw","Cloak And Dagger","Quick Slash"],"picked":"Blur","floor":28},{"not_picked":["Cloak And Dagger","Caltrops","Setup","Glass Knife"],"picked":"SKIP","floor":29},{"not_picked":["Dagger Throw","Reflex+1","Flying Knee"],"picked":"Well Laid Plans","floor":31},{"not_picked":["Doppelganger","Envenom","Malaise"],"picked":"Night Terror","floor":33},{"not_picked":["Deadly Poison","All Out Attack+1","Tactician","Concentrate"],"picked":"SKIP","floor":35},{"not_picked":["Dagger Throw","Outmaneuver","Poisoned Stab","Dagger Spray"],"picked":"SKIP","floor":38},{"not_picked":["Dodge and Roll","Sucker Punch","Quick Slash"],"picked":"Wraith Form v2","floor":39},{"not_picked":["PiercingWail","Quick Slash","Outmaneuver"],"picked":"Crippling Poison+1","floor":40},{"not_picked":["Dark Shackles","Blind","Mind Blast"],"picked":"Forethought","floor":41},{"not_picked":["Deep Breath","Dramatic Entrance","Enlightenment"],"picked":"Apotheosis","floor":41},{"not_picked":["Good Instincts","Transmutation","Madness"],"picked":"Enlightenment","floor":41},{"not_picked":["Deflect","Flying Knee","Choke"],"picked":"Acrobatics","floor":42},{"not_picked":["Poisoned Stab","Distraction","Flying Knee","Bouncing Flask"],"picked":"SKIP","floor":44},{"not_picked":["Reflex","Well Laid Plans","Skewer"],"picked":"Burst","floor":45},{"not_picked":["Crippling Poison","Dagger Throw","Riddle With Holes"],"picked":"Calculated Gamble","floor":46},{"not_picked":["Cloak And Dagger+1","Outmaneuver","Backflip","Dodge and Roll+1"],"picked":"SKIP","floor":48},{"not_picked":["Endless Agony+1","Setup","Flying Knee+1"],"picked":"After Image","floor":55}],"player_experience":590664,"relics_obtained":[{"floor":9,"key":"Incense Burner"},{"floor":11,"key":"Happy Flower"},{"floor":20,"key":"Red Mask"},{"floor":23,"key":"MealTicket"},{"floor":23,"key":"Question Card"},{"floor":25,"key":"Tough Bandages"},{"floor":25,"key":"FossilizedHelix"},{"floor":26,"key":"PreservedInsect"},{"floor":29,"key":"Bag of Preparation"},{"floor":29,"key":"Snake Skull"},{"floor":40,"key":"Bag of Marbles"},{"floor":40,"key":"Juzu Bracelet"},{"floor":42,"key":"Pen Nib"},{"floor":42,"key":"Turnip"},{"floor":45,"key":"Omamori"},{"floor":45,"key":"Pantograph"},{"floor":55,"key":"Strawberry"},{"floor":55,"key":"Vajra"}],"event_choices":[{"damage_healed":16,"gold_gain":0,"player_choice":"Healed","damage_taken":0,"max_hp_gain":0,"max_hp_loss":0,"event_name":"The Cleric","floor":3,"gold_loss":35},{"damage_healed":0,"gold_gain":0,"player_choice":"Donut","damage_taken":0,"max_hp_gain":5,"max_hp_loss":0,"event_name":"Big Fish","floor":4,"gold_loss":0},{"damage_healed":0,"gold_gain":0,"cards_transformed":["Strike_G"],"player_choice":"Change","damage_taken":0,"max_hp_gain":0,"max_hp_loss":0,"event_name":"Living Wall","floor":7,"gold_loss":0,"cards_obtained":["Corpse Explosion"]},{"damage_healed":0,"gold_gain":0,"player_choice":"Searched \u00271\u0027 times","damage_taken":0,"relics_obtained":["Anchor"],"max_hp_gain":0,"max_hp_loss":0,"event_name":"Dead Adventurer","floor":8,"gold_loss":0},{"cards_removed":["Strike_G"],"damage_healed":0,"gold_gain":0,"player_choice":"Purged","damage_taken":0,"max_hp_gain":0,"max_hp_loss":0,"event_name":"Purifier","floor":10,"gold_loss":0},{"damage_healed":0,"gold_gain":0,"player_choice":"Ignored","damage_taken":0,"max_hp_gain":0,"max_hp_loss":0,"event_name":"Vampires","floor":19,"gold_loss":0},{"damage_healed":0,"gold_gain":0,"player_choice":"Fought Bandits","damage_taken":0,"max_hp_gain":0,"max_hp_loss":0,"event_name":"Masked Bandits","floor":20,"gold_loss":0},{"damage_healed":0,"gold_gain":0,"player_choice":"Smashed Altar","damage_taken":0,"max_hp_gain":0,"max_hp_loss":0,"event_name":"Forgotten Altar","floor":27,"gold_loss":0,"cards_obtained":["Decay"]},{"damage_healed":0,"gold_gain":222,"player_choice":"Wore Mask","damage_taken":0,"max_hp_gain":0,"max_hp_loss":0,"event_name":"Tomb of Lord Red Mask","floor":36,"gold_loss":0},{"damage_healed":0,"gold_gain":0,"player_choice":"Memory 3","damage_taken":10,"max_hp_gain":0,"max_hp_loss":0,"event_name":"SensoryStone","floor":41,"gold_loss":0}],"is_beta":false,"boss_relics":[{"not_picked":["Sozu","Velvet Choker"],"picked":"Black Star"},{"not_picked":["HoveringKite","Empty Cage"],"picked":"Runic Dome"}],"items_purged_floors":[2,37],"is_endless":false,"potions_floor_spawned":[1,12,13,16,18,21,23,25,31,33,35,42,45,48],"ascension_level":20}}