{"host":"141e8mu1xuvwtmt1","time":1613073782,"event":{"mods":["AchievementEnabler","BaseMod","BetterRewards","Colored Map","Colored Powertips","Downfall","Highlight Path","Minty Spire (QoL Compilation)","Replay The Spire","StSLib"],"gold_per_floor":[99,119,139,153,170,201,255,267,267,267,107,107,157,174,186,285,385,385,396,406,391,402,402,428,428,428,442,476,476,476,509,519,618,618,618,637,655,730,740,758,758,778,828,612,642,642,670,587,597,597],"floor_reached":51,"language":"ENG","playtime":8512,"items_purged":[],"score":951,"play_id":"fe77e543-97e0-4dd7-8d0d-1a8fa2e4d707","local_time":"20210211210302","is_ascension_mode":false,"campfire_choices":[{"floor":1,"key":"RECALL"},{"data":"Slimebound:Repurpose","floor":10,"key":"SMITH"},{"data":"Slimebound:MassRepurpose","floor":25,"key":"SMITH"},{"data":"Slimebound:CorrosiveSpit","floor":30,"key":"SMITH"},{"floor":35,"key":"DIG"}],"circlet_count":0,"master_deck":["Slimebound:Strike_Slimebound","Slimebound:Strike_Slimebound","Slimebound:Strike_Slimebound","Slimebound:Tackle","Slimebound:Defend_Slimebound+1","Slimebound:Defend_Slimebound+1","Slimebound:Defend_Slimebound+1","Slimebound:Defend_Slimebound+1","Slimebound:Split","Slimebound:CorrosiveSpit+1","Slimebound:Darklings+1","Slimebound:LeechingTouch+1","Slimebound:LivingWall","Slimebound:Recollect","Slimebound:Repurpose+1","Slimebound:LeechEnergy","Normality","Slimebound:SplitBruiser","Slimebound:SplitAcid","Slimebound:MassRepurpose+1","Slimebound:ComboTackle+1","Slimebound:DisruptingSlam+1","Slimebound:PressTheAttack","Slimebound:SamplingLick","Slimebound:SamplingLick","Slimebound:GoopTackle+1","Slimebound:SlimeSpikes+1","Slimebound:ItLooksTasty","Slimebound:Chomp","Slimebound:Teamwork","Clumsy","Slimebound:PressTheAttack","Slimebound:SpikyOuterGoop+1","Slimebound:Grow+1","Slimebound:Repurpose+1","Slimebound:OozeBath+1","Slimebound:LeechingTouch+1","Slimebound:ServeAndProtect+1","expansioncontent:Chronoboost","Replay:SS_forest_2","expansioncontent:LastStand","Slimebound:ItLooksTasty+1","Slimebound:PressTheAttack","ReplayUltimateDefense","Good Instincts+1","ReplayTheSpireMod:Brewmster"],"relics":["Slimebound:AbsorbEndCombat","Replay:Bottled Eggs","Oddly Smooth Stone","downfall:ShatteredFragment","Slimebound:SelfDamagePreventRelic","Ring of Fangs","Ring of Peace","Replay:Grab Bag","Velvet Choker","Replay:Wanted Poster","Ring of Chaos","Whetstone","Enchiridion","Omamori","Replay:Kaleidoscope","Replay:Baseball","Replay:Ancient Bell","Potion Belt","Toxic Egg 2","TungstenRod","Mirror","Ancient Tea Set","Lizard Tail","HandDrill","Blue Doll","Replay:Accelerometer","Replay:Towering Pillar of Hats","ReplayTheSpireMod:ShopPack"],"acts_visited":["Exordium","TheCity","TheBeyond"],"potions_floor_usage":[8,19,19,36,39,39,45,47,47,49,50,50,50,50,50,50,50],"damage_taken":[{"damage":7,"enemies":"Jaw Worm","floor":2,"turns":5},{"damage":1,"enemies":"2 Louse","floor":3,"turns":3},{"damage":3,"enemies":"Small Slimes","floor":4,"turns":5},{"damage":2,"enemies":"2 Fungi Beasts","floor":5,"turns":4},{"damage":4,"enemies":"Replay:BlueRogue","floor":6,"turns":8},{"damage":0,"enemies":"Gremlin Gang","floor":8,"turns":7},{"damage":0,"enemies":"downfall:FleeingMerchant","floor":11,"turns":4},{"damage":5,"enemies":"3 Louse","floor":14,"turns":4},{"damage":0,"enemies":"Red Slaver","floor":15,"turns":3},{"damage":0,"enemies":"SI_SHIV_ARCHETYPE","floor":16,"turns":7},{"damage":0,"enemies":"Spheric Guardian","floor":19,"turns":6},{"damage":0,"enemies":"Shell Parasite","floor":20,"turns":5},{"damage":0,"enemies":"downfall:FleeingMerchant","floor":21,"turns":4},{"damage":17,"enemies":"3 Cultists","floor":22,"turns":6},{"damage":0,"enemies":"Centurion and Healer","floor":27,"turns":5},{"damage":0,"enemies":"Gremlin Leader","floor":28,"turns":5},{"damage":0,"enemies":"Book of Stabbing","floor":31,"turns":5},{"damage":2,"enemies":"Shelled Parasite and Fungi","floor":32,"turns":5},{"damage":15,"enemies":"WA_ARCHETYPE_CALM","floor":33,"turns":7},{"damage":0,"enemies":"3 Darklings","floor":36,"turns":4},{"damage":0,"enemies":"Orb Walker","floor":37,"turns":4},{"damage":12,"enemies":"Writhing Mass","floor":39,"turns":5},{"damage":39,"enemies":"Sphere and 2 Shapes","floor":40,"turns":6},{"damage":3,"enemies":"Spire Growth","floor":42,"turns":6},{"damage":0,"enemies":"Spire Growth","floor":43,"turns":6},{"damage":8,"enemies":"downfall:FleeingMerchant","floor":44,"turns":4},{"damage":0,"enemies":"R_Hoarder","floor":45,"turns":6},{"damage":0,"enemies":"Giant Head","floor":47,"turns":8},{"damage":0,"enemies":"downfall:FleeingMerchant","floor":48,"turns":4},{"damage":29,"enemies":"4 Shapes","floor":49,"turns":6},{"damage":49,"enemies":"DF_ARCHETYPE_ORBS","floor":50,"turns":13}],"seed_played":"-695398096257740593","potions_obtained":[{"floor":3,"key":"Milkshake"},{"floor":5,"key":"Fire Potion"},{"floor":14,"key":"SpeedPotion"},{"floor":16,"key":"Dexterity Potion"},{"floor":28,"key":"sneckomod:MuddlingPotion"},{"floor":31,"key":"SkillPotion"},{"floor":32,"key":"EssenceOfSteel"},{"floor":33,"key":"hexamod:SoulburnPotion"},{"floor":37,"key":"BlessingOfTheForge"},{"floor":38,"key":"downfall:CursedFountainPotion"},{"floor":43,"key":"LiquidBronze"},{"floor":45,"key":"Block Potion"}],"is_trial":false,"path_per_floor":["R","M","M","M","M","E","T","M","?","R","$","?","T","M","M","B",null,"R_BF","M","M","$","M","?","T","R","?","M","E","?","R","E","M","B",null,"R_BF","M","M","?","M","M","T","M","?","$","E","?","E","$","M","B",null],"character_chosen":"SLIMEBOUND","items_purchased":["Slimebound:SelfDamagePreventRelic","HandDrill","Block Potion","Replay:Towering Pillar of Hats","ReplayTheSpireMod:ShopPack"],"campfire_rested":0,"item_purchase_floors":[11,44,44,48,48],"current_hp_per_floor":[47,42,41,44,48,52,52,60,42,42,44,44,44,45,47,53,65,65,65,65,65,50,50,50,50,34,42,50,50,50,54,56,49,65,65,65,65,65,55,30,30,33,37,35,43,34,42,48,27,21],"gold":597,"neow_bonus":"THREE_RARE_CARDS","is_daily":false,"chose_seed":false,"campfire_upgraded":3,"win_rate":0.0,"timestamp":1613073782,"path_taken":["R","M","M","M","M","E","T","M","?","R","$","?","?","M","M","BOSS","R_BF","M","M","$","M","?","T","R","?","M","E","?","R","E","M","BOSS","R_BF","M","?","?","M","M","T","?","?","$","E","?","E","?","M","BOSS"],"items_purchased_type":["Relic","Relic","Potion","Relic","Relic"],"build_version":"2020-12-22","purchased_purges":0,"victory":true,"max_hp_per_floor":[65,65,65,65,65,65,65,65,65,65,65,65,65,65,65,65,65,65,65,65,65,65,65,65,65,65,65,65,65,65,65,65,65,65,65,65,65,65,65,65,65,65,65,65,65,65,65,65,65,65],"card_choices":[{"not_picked":["Slimebound:Recycling","Slimebound:FirmFortitude"],"picked":"Slimebound:Darklings","floor":0},{"not_picked":["Slimebound:LivingWall","Slimebound:SlimeSpikes"],"picked":"Slimebound:LeechingTouch","floor":2},{"not_picked":["Slimebound:GoopTackle","Slimebound:RollThrough"],"picked":"Slimebound:LivingWall","floor":3},{"not_picked":["Slimebound:BestDefense","Slimebound:GoopTackle","Slimebound:ItLooksTasty"],"picked":"SKIP","floor":4},{"not_picked":["Slimebound:LivingWall","Slimebound:Grow"],"picked":"Slimebound:Recollect","floor":5},{"not_picked":["Slimebound:SplitLeeching","Slimebound:SplitBruiser"],"picked":"Slimebound:Repurpose","floor":6},{"not_picked":["Slimebound:Nibble","Slimebound:HauntingLick"],"picked":"Slimebound:LeechEnergy","floor":8},{"not_picked":["Slimebound:SlimeSlap","Slimebound:Schlurp","Slimebound:GoopTackle"],"picked":"SKIP","floor":11},{"not_picked":["Slimebound:FinishingTackle","Slimebound:RollThrough"],"picked":"Slimebound:SplitBruiser","floor":14},{"not_picked":["Slimebound:GoopSpray","Slimebound:GoopTackle"],"picked":"Slimebound:SplitAcid","floor":15},{"not_picked":["Slimebound:RallyTheTroops","Slimebound:WasteNot"],"picked":"Slimebound:MassRepurpose","floor":16},{"not_picked":["Slimebound:SlimeSpikes+1","Slimebound:LevelUp"],"picked":"Slimebound:ComboTackle+1","floor":19},{"not_picked":["Slimebound:Gluttony+1","Slimebound:TongueLash+1"],"picked":"Slimebound:DisruptingSlam","floor":20},{"not_picked":["Slimebound:Dissolve","Slimebound:GrowthPunch"],"picked":"Slimebound:PressTheAttack","floor":21},{"not_picked":["Slimebound:SlimeBrawl","Slimebound:LivingWall"],"picked":"Slimebound:SamplingLick","floor":22},{"not_picked":["Slimebound:LivingWall","Slimebound:LeechingTouch"],"picked":"Slimebound:GoopTackle+1","floor":27},{"not_picked":["Slimebound:ComboTackle","Slimebound:Grow"],"picked":"Slimebound:SlimeSpikes+1","floor":28},{"not_picked":["Slimebound:LeechingTouch+1","Slimebound:Overexert"],"picked":"Slimebound:ItLooksTasty","floor":31},{"not_picked":["Slimebound:ComboTackle","Slimebound:Dissolve"],"picked":"Slimebound:Chomp","floor":32},{"not_picked":["Slimebound:DuplicatedForm","Slimebound:SlimeSlap"],"picked":"Slimebound:Teamwork","floor":33},{"not_picked":["Sickly","AbeCurse"],"picked":"Writhe","floor":34},{"not_picked":["Decay","Pain"],"picked":"Replay:Hysterical Blindness","floor":34},{"not_picked":["Hallucinations","Writhe"],"picked":"Clumsy","floor":34},{"not_picked":["Slimebound:AcidTongue+1","Slimebound:LeechingTouch+1"],"picked":"Slimebound:PressTheAttack","floor":36},{"not_picked":["Slimebound:Schlurp+1","Slimebound:Recollect+1"],"picked":"Slimebound:SpikyOuterGoop+1","floor":37},{"not_picked":["Slimebound:Nibble","Slimebound:HungryTackle+1"],"picked":"Slimebound:Grow+1","floor":39},{"not_picked":["Slimebound:AcidTongue+1","Slimebound:SamplingLick+1"],"picked":"Slimebound:Repurpose+1","floor":40},{"not_picked":["Slimebound:SpikyOuterGoop+1","Slimebound:LeechEnergy"],"picked":"Slimebound:OozeBath+1","floor":42},{"not_picked":["Slimebound:GrowthPunch","Slimebound:FormOfPuddle+1"],"picked":"Slimebound:LeechingTouch+1","floor":43},{"not_picked":["Slimebound:LeechingTouch","Slimebound:HungryTackle+1","Slimebound:SlimeBarrage+1"],"picked":"SKIP","floor":44},{"not_picked":["Slimebound:ViciousTackle+1","Slimebound:LeechEnergy+1"],"picked":"Slimebound:ServeAndProtect+1","floor":45},{"not_picked":["Replay:SS_forest_2","expansioncontent:GuardianWhirl"],"picked":"expansioncontent:Chronoboost","floor":46},{"not_picked":["expansioncontent:HyperBeam","expansioncontent:YouAreMine"],"picked":"Replay:SS_forest_2","floor":46},{"not_picked":["expansioncontent:InvincibleStrength","expansioncontent:PolyBeam"],"picked":"expansioncontent:LastStand","floor":46},{"not_picked":["Slimebound:GrowthPunch","Slimebound:Recollect+1"],"picked":"Slimebound:ItLooksTasty+1","floor":47},{"not_picked":["Slimebound:Nibble+1","Slimebound:Gluttony"],"picked":"Slimebound:PressTheAttack","floor":48},{"not_picked":["Midas Touch","Secret Weapon"],"picked":"ReplayUltimateDefense","floor":48},{"not_picked":["Finesse","PanicButton"],"picked":"Good Instincts","floor":48},{"not_picked":["Discovery","Thinking Ahead"],"picked":"ReplayTheSpireMod:Brewmster","floor":48},{"not_picked":["Slimebound:OneTwoCombo","Slimebound:GoopTackle+1","Slimebound:LivingWall+1"],"picked":"SKIP","floor":49}],"player_experience":299475,"relics_obtained":[{"floor":6,"key":"Replay:Bottled Eggs"},{"floor":7,"key":"Oddly Smooth Stone"},{"floor":12,"key":"Ring of Fangs"},{"floor":12,"key":"Ring of Peace"},{"floor":24,"key":"Whetstone"},{"floor":26,"key":"Enchiridion"},{"floor":28,"key":"Omamori"},{"floor":29,"key":"Replay:Kaleidoscope"},{"floor":31,"key":"Replay:Baseball"},{"floor":35,"key":"Mirror"},{"floor":41,"key":"Ancient Tea Set"},{"floor":43,"key":"Lizard Tail"},{"floor":45,"key":"Blue Doll"},{"floor":47,"key":"Replay:Accelerometer"}],"event_choices":[{"damage_healed":0,"gold_gain":0,"player_choice":"Read","damage_taken":0,"max_hp_gain":0,"max_hp_loss":0,"event_name":"The Library","floor":23,"gold_loss":0,"cards_obtained":["Slimebound:SamplingLick"]},{"damage_healed":0,"gold_gain":0,"player_choice":"Relic","damage_taken":0,"max_hp_gain":0,"max_hp_loss":0,"event_name":"Wheel of Change","floor":29,"gold_loss":0}],"is_beta":false,"boss_relics":[{"not_picked":["Runic Pyramid","Astrolabe"],"picked":"Replay:Grab Bag"},{"not_picked":["Busted Crown","ReplayTheSpireMod:Onyx Gauntlets"],"picked":"Velvet Choker"},{"not_picked":["ReplayTheSpireMod:DimensionalGlitch","Slimebound:TarBlob"],"picked":"Replay:Wanted Poster"},{"not_picked":["Replay:Drink Me","SacredBark"],"picked":"Ring of Chaos"},{"not_picked":["Sozu","Honey Jar"],"picked":"Replay:Ancient Bell"},{"not_picked":["PreservedInsect","Bag of Marbles"],"picked":"Potion Belt"},{"not_picked":["The Courier","Chameleon Ring"],"picked":"Toxic Egg 2"},{"not_picked":["Durian","Bird Faced Urn"],"picked":"TungstenRod"}],"items_purged_floors":[],"is_endless":false,"potions_floor_spawned":[3,5,14,16,28,31,32,33,37,43,45],"ascension_level":0}}