{"host":"i73ch23exsqar74a","time":1613060895,"event":{"mods":["AchievementEnabler","Aspiration","Astrologer","Bard","Bartender","BaseMod","Beaked The Cultist","Better Sensory Stone","CCEM2","CapriCore","Challenge The Spire","ChefMod","Chen","Colored Map","Colored Powertips","Conjunction","Conspire","Downfall","Fireblade Mod","FutureSeer","GifTheSpireLib","Glutton Mod","Gremlin Mod","Halation","Hermit","Highlight Path","HololiveMod","Hubris","Infinite Spire","Jedi Mod","Lobotomy","LobotomyExtend","Luminous","Marked Mod","Minty Spire (QoL Compilation)","Prisma Mod","Quarter Circle Forward PUNCH!","Quick Restart","Random Character Button","RatMod","Relic Sorter","Reliquary","Replay The Spire","SOS???????","Shade Mod","Spicy Shops","Spikes Relics","Spire Arcade","StSLib","Stuff the Spire","The Alterego","The Animator","The Bug Knight","The Construct","The Cursed","The Druid","The Exalted","The Immortal","The Judge","The Poker Player","The Sage","The Wild Card","TheHero","TheSwordswoman","TheVacant","TheVelvet","Thieving Mod","Yuri Mod","???Mod??????Boss","???mod?????"],"gold_per_floor":[112,124,124,124,124,124,151,166,166,166,199,213,232,251,251,347,347,347,347],"floor_reached":18,"language":"ENG","playtime":768,"items_purged":[],"score":197,"play_id":"387966c0-97ab-4576-ac2a-12c19e54618b","local_time":"20210211202815","is_ascension_mode":false,"campfire_choices":[{"data":"chefmod:RaidPantry","floor":6,"key":"SMITH"},{"data":"chefmod:Granita","floor":10,"key":"SMITH"},{"data":"chefmod:OldCookbook","floor":15,"key":"SMITH"}],"circlet_count":0,"master_deck":["chefmod:Strike","chefmod:Strike","chefmod:Strike","chefmod:Strike","chefmod:QuickThaw+1","chefmod:Defend","chefmod:Defend","chefmod:Defend","chefmod:Defend","chefmod:TodaysSpecial","chefmod:FryPan","chefmod:RaidPantry+1","theWildCard:Michael","chefmod:Granita+1","chefmod:Fillet","chefmod:Granita","chefmod:OldCookbook+1","chefmod:ColdSteel","chefmod:IcePick","chefmod:FullCourseMeal"],"relics":["chefmod:TrustyPot","aspiration:Nostalgia","FireBladeMod:DuelistLocket","LetterFromLob","aspiration:BabyByrd","TungstenRod","jedi:archwizardhat","halation:BlackBeret","CCEMRelics:DefectiveTurbocharger"],"acts_visited":["Exordium","TheCity"],"potions_floor_usage":[7],"damage_taken":[{"damage":0,"enemies":"2 Louse","floor":1,"turns":3},{"damage":1,"enemies":"Jaw Worm","floor":2,"turns":4},{"damage":18,"enemies":"3 Sentries","floor":7,"turns":8},{"damage":0,"enemies":"Cultist","floor":8,"turns":3},{"damage":0,"enemies":"HollowMod:MossKnight","floor":11,"turns":4},{"damage":0,"enemies":"Red Slaver","floor":12,"turns":1},{"damage":12,"enemies":"Lots of Slimes","floor":13,"turns":4},{"damage":3,"enemies":"Gremlin Gang","floor":14,"turns":4},{"damage":10,"enemies":"Slime Boss","floor":16,"turns":6},{"damage":41,"enemies":"Spheric Guardian","floor":18,"turns":4}],"seed_played":"7664277557105918967","potions_obtained":[{"floor":1,"key":"Block Potion"},{"floor":7,"key":"SpeedPotion"},{"floor":12,"key":"Conjunction:LightningMarble"},{"floor":13,"key":"Dexterity Potion"}],"is_trial":false,"path_per_floor":["M","M","?","?","?","R","E","M","T","R","E","M","M","M","R","B",null,"M"],"character_chosen":"THE_CHEF","items_purchased":[],"campfire_rested":0,"item_purchase_floors":[],"current_hp_per_floor":[76,75,75,75,75,75,57,57,57,57,57,57,45,42,42,32,76,35,35],"gold":347,"neow_bonus":"NOSTALGIA","is_daily":false,"chose_seed":false,"campfire_upgraded":3,"win_rate":0.0,"timestamp":1613060895,"path_taken":["M","M","?","?","?","R","E","M","T","R","E","M","M","?","R","BOSS","M"],"items_purchased_type":[],"build_version":"2020-12-22","purchased_purges":0,"victory":false,"max_hp_per_floor":[76,76,76,76,76,76,76,76,76,76,76,76,76,76,76,76,76,76,76],"card_choices":[{"not_picked":["chefmod:Ratatouille","chefmod:Defrost"],"picked":"chefmod:FryPan","floor":1},{"not_picked":["chefmod:Flambe","chefmod:Gelato"],"picked":"chefmod:RaidPantry","floor":2},{"not_picked":["chefmod:QuickChop","chefmod:Tenderizer"],"picked":"chefmod:Granita","floor":7},{"not_picked":["chefmod:ZaruSoba","chefmod:FireUp"],"picked":"chefmod:Fillet","floor":8},{"not_picked":["chefmod:ZaruSoba","chefmod:FarmersMarket"],"picked":"chefmod:Granita","floor":11},{"not_picked":["chefmod:Sorbet","chefmod:Gelato"],"picked":"chefmod:OldCookbook","floor":12},{"not_picked":["chefmod:HotSoup","chefmod:BaoBuns"],"picked":"chefmod:ColdSteel","floor":13},{"not_picked":["chefmod:VegetableTart","chefmod:Canape"],"picked":"chefmod:IcePick","floor":14},{"not_picked":["chefmod:RaidPantry","chefmod:BananaSplit"],"picked":"chefmod:FullCourseMeal","floor":16}],"player_experience":1448497,"relics_obtained":[{"floor":1,"key":"LetterFromLob"},{"floor":7,"key":"TungstenRod"},{"floor":9,"key":"jedi:archwizardhat"},{"floor":11,"key":"halation:BlackBeret"}],"event_choices":[],"is_beta":false,"boss_relics":[{"not_picked":["SacredBark","aspiration:PoetsPen"],"picked":"CCEMRelics:DefectiveTurbocharger"}],"items_purged_floors":[],"is_endless":false,"potions_floor_spawned":[1,7,12,13],"killed_by":"Spheric Guardian","ascension_level":0}}