{"host":"815dqs41i1y8uxms","time":1613068348,"event":{"mods":["2.2 Compatiblity","A Penny For Your Troubles","Act Like it!","BaseMod","Dark Map","Elementarium","Fox Events","Jorbs\u0027s Wanderer Trilogy","Minty Spire (QoL Compilation)","Rare Cards Sparkle","Shop Mod","Spire Arcade","StSLib","The Marked"],"gold_per_floor":[115,135,135,210,180,180,208,208,290,290,307,338,338,370,370,472,472,489,506,87,87,87,87,139,139,162,162,80,99,131,9,9,9,9],"floor_reached":33,"language":"ENG","playtime":1532,"items_purged":[],"score":279,"play_id":"067b5106-7eae-4ef6-9ef6-b8520983a775","local_time":"20210211193228","is_ascension_mode":false,"campfire_choices":[{"floor":6,"key":"REST"},{"data":"1","floor":8,"key":"LIFT"},{"floor":10,"key":"REST"},{"data":"2","floor":13,"key":"LIFT"},{"floor":15,"key":"REST"},{"data":"3","floor":23,"key":"LIFT"},{"floor":25,"key":"REST"},{"data":"theMarked:OneWithTheBlade","floor":27,"key":"SMITH"},{"floor":32,"key":"REST"}],"circlet_count":0,"master_deck":["theMarked:Strike","theMarked:Strike+1","theMarked:Strike","theMarked:Strike+1","theMarked:Strike","theMarked:Defend","theMarked:Defend","theMarked:Defend","theMarked:Defend","theMarked:SoldierOfQuellstein","theMarked:EnhanceMovement","theMarked:PowerFlow","theMarked:ChannelForce","theMarked:Static","theMarked:OneWithTheBlade+1","theMarked:SwordAndMagic","theMarked:BindingBlade","theMarked:LightningStrikesTwice","theMarked:Friction","theMarked:Aftermath","Elementarium:GildedForm+1","theMarked:ComboAttacks+1","theMarked:MagusForm+1","theMarked:EnhanceMovement+1","theMarked:HeightenedSenses","theMarked:MuscleMemory+1"],"relics":["theMarked:ArtifactOfAir","Girya","Unceasing Top","Ornamental Fan","Bag of Marbles","Bronze Scales","theMarked:SpiritSword","MerchantsRug","Frozen Egg 2","Gambling Chip"],"acts_visited":["Exordium","Elementarium:Elementarium"],"potions_floor_usage":[7,7,16,19,24,33],"damage_taken":[{"damage":3,"enemies":"Jaw Worm","floor":1,"turns":4},{"damage":0,"enemies":"2 Louse","floor":2,"turns":3},{"damage":24,"enemies":"Gremlin Nob","floor":7,"turns":4},{"damage":0,"enemies":"Cultist","floor":11,"turns":3},{"damage":21,"enemies":"Lagavulin","floor":12,"turns":6},{"damage":17,"enemies":"3 Sentries","floor":14,"turns":7},{"damage":6,"enemies":"Slime Boss","floor":16,"turns":7},{"damage":15,"enemies":"Elementarium:VoidCorruption","floor":18,"turns":4},{"damage":2,"enemies":"Elementarium:Cyclone","floor":19,"turns":3},{"damage":26,"enemies":"Elementarium:WarGolem","floor":24,"turns":4},{"damage":7,"enemies":"Elementarium:RubyGolem","floor":29,"turns":2},{"damage":4,"enemies":"Elementarium:3_ELEMENTALS","floor":30,"turns":5},{"damage":53,"enemies":"Elementarium:GoldenDragon","floor":33,"turns":9}],"seed_played":"7915205629023571301","potions_obtained":[{"floor":2,"key":"SpeedPotion"},{"floor":5,"key":"Fire Potion"},{"floor":5,"key":"Weak Potion"},{"floor":14,"key":"LiquidBronze"},{"floor":16,"key":"theMarked:HoverShot"},{"floor":18,"key":"SpeedPotion"},{"floor":19,"key":"BlessingOfTheForge"}],"is_trial":false,"path_per_floor":["M","M","?","?","?","R","E","R","T","R","M","E","R","E","R","B",null,"M","M","$","?","?","R","E","R","T","R","$","M","M","$","R","B"],"character_chosen":"THE_DEFAULT","items_purchased":["MerchantsRug","Frozen Egg 2","theMarked:Aftermath","theMarked:MagusForm+1","theMarked:MuscleMemory+1","ColorlessPotion"],"campfire_rested":5,"item_purchase_floors":[20,20,20,28,31,31],"current_hp_per_floor":[67,67,60,49,49,70,46,46,46,67,67,46,46,29,50,44,70,55,53,53,53,53,53,27,45,45,45,45,38,34,34,52,0,0],"gold":9,"neow_bonus":"ONE_RARE_RELIC","is_daily":false,"chose_seed":false,"campfire_upgraded":1,"win_rate":0.0,"timestamp":1613068348,"path_taken":["M","M","?","?","?","R","E","R","T","R","?","E","R","E","R","BOSS","M","M","$","?","?","R","E","R","T","R","$","M","M","?","R","BOSS"],"items_purchased_type":["Relic","Relic","Card","Card","Card","Potion"],"build_version":"2020-12-22","purchased_purges":0,"victory":false,"max_hp_per_floor":[70,70,70,70,70,70,70,70,70,70,70,70,70,70,70,70,70,70,70,70,62,62,62,62,62,62,62,62,62,62,62,62,62,62],"card_choices":[{"not_picked":["theMarked:SwordAndMagic","theMarked:HeightenedSenses"],"picked":"theMarked:EnhanceMovement","floor":1},{"not_picked":["theMarked:TakeCover","theMarked:ElectricStrings"],"picked":"theMarked:PowerFlow","floor":2},{"not_picked":["theMarked:SwordAndMagic","theMarked:ContemptForTheProud"],"picked":"theMarked:ChannelForce","floor":7},{"not_picked":["theMarked:TakeCover","theMarked:Friction"],"picked":"theMarked:Static","floor":11},{"not_picked":["theMarked:Electrify","theMarked:ElectricStrings"],"picked":"theMarked:OneWithTheBlade","floor":12},{"not_picked":["theMarked:Improvise","theMarked:Indomitable"],"picked":"theMarked:SwordAndMagic","floor":14},{"not_picked":["theMarked:Defy","theMarked:Snap"],"picked":"theMarked:BindingBlade","floor":16},{"not_picked":["theMarked:TakeCover","theMarked:ResourceFulStrike"],"picked":"theMarked:LightningStrikesTwice","floor":18},{"not_picked":["theMarked:RepellingDischarge","theMarked:TakeCover"],"picked":"theMarked:Friction","floor":19},{"not_picked":["theMarked:Improvise","theMarked:Standoff+1"],"picked":"theMarked:ComboAttacks+1","floor":24},{"not_picked":["theMarked:Memento","theMarked:Parkour"],"picked":"theMarked:EnhanceMovement+1","floor":29},{"not_picked":["theMarked:ElectricStrings","theMarked:BanishingStrike"],"picked":"theMarked:HeightenedSenses","floor":30}],"player_experience":3898462,"relics_obtained":[{"floor":7,"key":"Unceasing Top"},{"floor":9,"key":"Ornamental Fan"},{"floor":12,"key":"Bag of Marbles"},{"floor":14,"key":"Bronze Scales"},{"floor":24,"key":"Gambling Chip"},{"floor":26,"key":"Whetstone"}],"event_choices":[{"cards_removed":["Decay"],"damage_healed":0,"gold_gain":0,"player_choice":"Card Removal","damage_taken":7,"max_hp_gain":0,"max_hp_loss":0,"event_name":"Golden Wing","floor":3,"gold_loss":0},{"damage_healed":0,"gold_gain":75,"player_choice":"Gather Gold","damage_taken":11,"max_hp_gain":0,"max_hp_loss":0,"event_name":"World of Goop","floor":4,"gold_loss":0},{"damage_healed":0,"gold_gain":0,"player_choice":"Bought 2 Potions","damage_taken":0,"max_hp_gain":0,"max_hp_loss":0,"event_name":"The Woman in Blue","floor":5,"gold_loss":0},{"damage_healed":0,"gold_gain":0,"player_choice":"Dive in","damage_taken":0,"max_hp_gain":0,"max_hp_loss":8,"event_name":"Elementarium:FountainOfGold","floor":21,"gold_loss":0,"cards_obtained":["Elementarium:GildedForm"]},{"damage_healed":0,"gold_gain":0,"player_choice":"Open","damage_taken":0,"relics_obtained":["Blue Candle"],"max_hp_gain":0,"max_hp_loss":0,"event_name":"Elementarium:TarCoveredCasket","floor":22,"gold_loss":0,"cards_obtained":["Elementarium:StickyTar"]}],"is_beta":false,"boss_relics":[{"not_picked":["SacredBark","Sozu"],"picked":"theMarked:SpiritSword"}],"items_purged_floors":[],"is_endless":false,"potions_floor_spawned":[2,14,16,18,19],"killed_by":"Elementarium:GoldenDragon","ascension_level":0}}