{"host":"5nj7t8259370g0gl","time":1613021820,"event":{"mods":["AchievementEnabler","BaseMod","Bestiary","Bossed Relics","Colored Map","Colored Powertips","Displayed Cursed Tome","Downfall","Minty Spire (QoL Compilation)","Permanent Neow","Relic Sorter","Shop Mod","Spire Arcade","StSLib"],"gold_per_floor":[500099,500119,500133,500145,500160,500192,500192,500210,499452,499452,499352,499502,499502,499527,499547,499644,499644,499644,499656,499673,499673,498888,498513,498539,498439,498469,498482,498501,498401,498412,498054,498074,498170,498170,498170,498182,498182,497688,497702,497702,497702,497702,497713,497741,497382,497382,497410,497424,497444,497444,497444,497469,497188,497188,497188,497188],"floor_reached":57,"language":"ENG","playtime":6017,"items_purged":["hexamod:Strike","hexamod:Defend","hexamod:Sear","hexamod:Strike","downfall:Icky","hexamod:EmpoweredFlame","hexamod:Defend"],"score":1572,"play_id":"6ea58569-29ee-4724-8940-75dfe4d49efb","local_time":"20210211163659","is_ascension_mode":true,"campfire_choices":[{"floor":1.0,"key":"RECALL"},{"data":"hexamod:SpectersWail","floor":11.0,"key":"SMITH"},{"data":"hexamod:GhostShield","floor":13.0,"key":"SMITH"},{"data":"hexamod:GiftsFromTheDead","floor":18,"key":"SMITH"},{"data":"hexamod:ParanormalForm","floor":25,"key":"SMITH"},{"data":"hexamod:GhostLash","floor":29,"key":"SMITH"},{"data":"hexamod:SpectersWail","floor":35,"key":"SMITH"},{"data":"hexamod:Hexaguard","floor":42,"key":"SMITH"},{"data":"hexamod:FlamesFromBeyond","floor":54,"key":"SMITH"}],"circlet_count":0,"master_deck":["hexamod:Strike+1","hexamod:Defend","hexamod:Float","hexamod:ApocalypseNow","hexamod:SpectersWail+1","hexamod:SpectersWail+1","hexamod:GhostShield+1","hexamod:GhostShield","hexamod:SpectersWail+1","Finesse","hexamod:Hexaguard+1","hexamod:GhostLash","hexamod:GiftsFromTheDead+1","hexamod:SpectersWail","hexamod:FlamesFromBeyond+1","hexamod:ParanormalForm+1","hexamod:GhostLash+1","hexamod:RecurringNightmare+1","hexamod:Haunt+1","Deep Breath+1","hexamod:FlamesFromBeyond+1","hexamod:EtherealExpedition+1","hexamod:RecurringNightmare+1"],"relics":["hexamod:SpiritBrand","Smiling Mask","Lantern","Bronze Scales","champ:DeflectingBracers","Chemical X","downfall:HeartBlessingRed","White Beast Statue","Sozu","Matryoshka","Darkstone Periapt","Pen Nib","Bag of Preparation","PreservedInsect","downfall:HeartBlessingBlue","Centennial Puzzle","downfall:HeartBlessingGreen","hexamod:JarOfFuel","Toxic Egg 2","Whetstone","Philosopher\u0027s Stone","Membership Card","hexamod:InflammatoryLetter","Lizard Tail","Blue Candle","Potion Belt","Gremlin Horn","Art of War","Unceasing Top","Incense Burner","Mummified Hand","Nunchaku","Strange Spoon","Toy Ornithopter","Strawberry"],"acts_visited":["Exordium","TheCity","TheBeyond","TheEnding"],"potions_floor_usage":[16,22],"damage_taken":[{"damage":0.0,"enemies":"Small Slimes","floor":2.0,"turns":3.0},{"damage":6.0,"enemies":"Jaw Worm","floor":3.0,"turns":3.0},{"damage":3.0,"enemies":"2 Louse","floor":4.0,"turns":2.0},{"damage":4.0,"enemies":"Exordium Thugs","floor":5.0,"turns":3.0},{"damage":52.0,"enemies":"Lagavulin","floor":6.0,"turns":10.0},{"damage":2.0,"enemies":"2 Fungi Beasts","floor":8.0,"turns":3.0},{"damage":0.0,"enemies":"downfall:FleeingMerchant","floor":9.0,"turns":4.0},{"damage":9.0,"enemies":"Gremlin Nob","floor":14.0,"turns":2.0},{"damage":2.0,"enemies":"Blue Slaver","floor":15.0,"turns":2.0},{"damage":24,"enemies":"DF_ARCHETYPE_STREAMLINE","floor":16,"turns":8},{"damage":0,"enemies":"3 Byrds","floor":19,"turns":2},{"damage":0,"enemies":"Shell Parasite","floor":20,"turns":3},{"damage":0,"enemies":"downfall:FleeingMerchant","floor":22,"turns":4},{"damage":0,"enemies":"downfall:FleeingMerchant","floor":23,"turns":4},{"damage":25,"enemies":"Gremlin Leader","floor":26,"turns":3},{"damage":0,"enemies":"3 Cultists","floor":27,"turns":2},{"damage":0,"enemies":"Cultist and Chosen","floor":28,"turns":2},{"damage":0,"enemies":"Centurion and Healer","floor":30,"turns":4},{"damage":0,"enemies":"downfall:FleeingMerchant","floor":31,"turns":2},{"damage":0,"enemies":"Snecko","floor":32,"turns":2},{"damage":0,"enemies":"WA_ARCHETYPE_CALM","floor":33,"turns":4},{"damage":0,"enemies":"Orb Walker","floor":36,"turns":2},{"damage":0,"enemies":"3 Shapes","floor":39,"turns":2},{"damage":0,"enemies":"Transient","floor":43,"turns":5},{"damage":19,"enemies":"Nemesis","floor":44,"turns":3},{"damage":25,"enemies":"Reptomancer","floor":47,"turns":2},{"damage":0,"enemies":"Jaw Worm Horde","floor":48,"turns":2},{"damage":0,"enemies":"Maw","floor":49,"turns":4},{"damage":11,"enemies":"SI_POISON_ARCHETYPE","floor":50,"turns":4},{"damage":0,"enemies":"downfall:CharBossMerchant","floor":52,"turns":4},{"damage":20,"enemies":"downfall:NeowBoss","floor":55,"turns":10},{"damage":66,"enemies":"downfall:NeowBossFinal","floor":56,"turns":5}],"seed_played":"7905534064206733244","potions_obtained":[{"floor":2.0,"key":"hexamod:EctoCoolerPotion"},{"floor":5.0,"key":"BlessingOfTheForge"},{"floor":6.0,"key":"GamblersBrew"},{"floor":8.0,"key":"Explosive Potion"},{"floor":15,"key":"EntropicBrew"}],"is_trial":false,"path_per_floor":["R","M","M","M","M","E","T","M","$","?","R","?","R","E","M","B",null,"R","M","M","?","$","$","T","R","E","M","M","R","M","$","M","B",null,"R","M","?","$","M","?","T","R","M","E","$","?","E","M","M","B",null,"E","$","R","B","B",null],"character_chosen":"THE_SPIRIT","items_purchased":["Bronze Scales","champ:DeflectingBracers","Chemical X","Finesse","hexamod:ParanormalForm","Matryoshka","Darkstone Periapt","hexamod:GhostLash","Pen Nib","Bag of Preparation","hexamod:JarOfFuel","Toxic Egg 2","Whetstone","Deep Breath+1","Membership Card","hexamod:InflammatoryLetter","Lizard Tail","hexamod:FlamesFromBeyond+1","Unceasing Top","Incense Burner","Strange Spoon","Toy Ornithopter","Strawberry"],"campfire_rested":0,"item_purchase_floors":[9,9,9,9,22,22,22,22,23,23,31,31,31,31,38,38,38,38,45,45,53,53,53],"current_hp_per_floor":[140,140,134,131,127,75,75,73,73,73,73,73,73,64,62,38,200,200,200,200,200,200,200,200,210,185,185,185,185,185,185,185,185,210,210,210,210,210,210,205,205,205,205,186,186,186,161,161,161,150,210,210,217,217,197,131],"gold":497188,"neow_bonus":"TRANSFORM_TWO_CARDS","is_daily":false,"chose_seed":false,"campfire_upgraded":8,"win_rate":0.0,"timestamp":1613021819,"path_taken":["R","M","M","M","M","E","T","M","$","?","R","?","R","E","M","BOSS","R","M","M","?","?","$","T","R","E","M","M","R","M","$","M","BOSS","R","M","?","$","M","?","T","R","M","E","$","?","E","M","M","BOSS","E","$","R","BOSS","BOSS"],"items_purchased_type":["Relic","Relic","Relic","Card","Card","Relic","Relic","Card","Relic","Relic","Relic","Relic","Relic","Card","Relic","Relic","Relic","Card","Relic","Relic","Relic","Relic","Relic"],"build_version":"2020-12-22","purchased_purges":7,"victory":true,"max_hp_per_floor":[200,200,200,200,200,200,200,200,200,200,200,200,200,200,200,200,200,200,200,200,200,200,200,200,210,210,210,210,210,210,210,210,210,210,210,210,210,210,210,210,210,210,210,210,210,210,210,210,210,210,210,210,217,217,217,217],"card_choices":[{"not_picked":["hexamod:SpectralSpark","hexamod:SkipABeat"],"picked":"hexamod:SpectersWail","floor":2.0},{"not_picked":["hexamod:FastForward","hexamod:GhostOfSpireFuture"],"picked":"hexamod:GhostShield","floor":3.0},{"not_picked":["hexamod:RetreatToShadows","hexamod:ThermalTransfer","hexamod:Firestarter"],"picked":"SKIP","floor":4.0},{"not_picked":["hexamod:ThermalTransfer","hexamod:FastForward"],"picked":"hexamod:GhostShield","floor":5.0},{"not_picked":["hexamod:VolcanoVisage","hexamod:Firestarter"],"picked":"hexamod:SpectersWail","floor":6.0},{"not_picked":["hexamod:NightmareGuise","hexamod:GhostOfSpirePast"],"picked":"hexamod:EmpoweredFlame","floor":8.0},{"not_picked":["hexamod:SecondSeal","hexamod:Firestarter","hexamod:BacktrackSmack"],"picked":"SKIP","floor":9.0},{"not_picked":["hexamod:Again","hexamod:SixthSeal"],"picked":"hexamod:Hexaguard","floor":14.0},{"not_picked":["hexamod:AdvancingGuard","hexamod:GhostOfSpirePast"],"picked":"hexamod:GhostLash","floor":15},{"not_picked":["hexamod:TurnItUp","hexamod:HexaLevel"],"picked":"hexamod:GiftsFromTheDead","floor":16},{"not_picked":["hexamod:Firestarter","hexamod:NightmareStrike","hexamod:InspiringFlames"],"picked":"SKIP","floor":19},{"not_picked":["hexamod:SuperheatedStrike","hexamod:ChargedBarrage"],"picked":"hexamod:SpectersWail","floor":20},{"not_picked":["hexamod:Firestarter","hexamod:FirstSeal"],"picked":"hexamod:FlamesFromBeyond","floor":22},{"not_picked":["hexamod:HauntingEcho","hexamod:NightmareGuise"],"picked":"hexamod:RecurringNightmare+1","floor":23},{"not_picked":["hexamod:SwordOfDarkness","hexamod:InspiringFlames"],"picked":"hexamod:Haunt+1","floor":26},{"not_picked":["hexamod:Incineration","hexamod:RainOfEmbers+1","hexamod:ThermalTransfer"],"picked":"SKIP","floor":27},{"not_picked":["hexamod:NecessarySacrifice","hexamod:GhostOfSpirePresent","hexamod:HeatMetal"],"picked":"SKIP","floor":28},{"not_picked":["hexamod:ChargedBarrage","hexamod:ShieldOfDarkness","hexamod:SwordOfDarkness+1"],"picked":"SKIP","floor":30},{"not_picked":["hexamod:SwordOfDarkness","hexamod:HauntingEcho","hexamod:Again"],"picked":"SKIP","floor":31},{"not_picked":["hexamod:Firestarter","hexamod:FastForward+1","hexamod:HeatShield+1"],"picked":"SKIP","floor":32},{"not_picked":["hexamod:DynamicBlow","hexamod:BurningTouch+1","hexamod:ChargedBarrage+1"],"picked":"SKIP","floor":36},{"not_picked":["hexamod:GhostflameBarrier+1","hexamod:RainOfEmbers","hexamod:NightmareGuise+1"],"picked":"SKIP","floor":39},{"not_picked":["hexamod:GhostflameBarrier+1","hexamod:FastForward+1"],"picked":"hexamod:EtherealExpedition+1","floor":43},{"not_picked":["hexamod:NightmareStrike","hexamod:ShieldOfDarkness+1","hexamod:HeatShield+1"],"picked":"SKIP","floor":44},{"not_picked":["hexamod:GhostLash","hexamod:Haunt+1","hexamod:HauntingEcho+1"],"picked":"SKIP","floor":47},{"not_picked":["hexamod:FlamesFromBeyond+1","hexamod:InspiringFlames+1","hexamod:SuperheatedStrike"],"picked":"SKIP","floor":48},{"not_picked":["hexamod:SkipABeat+1","hexamod:GhostLash+1"],"picked":"hexamod:RecurringNightmare+1","floor":49},{"not_picked":["hexamod:GhostflameBarrier+1","hexamod:SpectralAdrenaline+1","hexamod:ShieldOfDarkness+1"],"picked":"SKIP","floor":52}],"player_experience":841259,"relics_obtained":[{"floor":6.0,"key":"Smiling Mask"},{"floor":7.0,"key":"Lantern"},{"floor":14.0,"key":"White Beast Statue"},{"floor":24,"key":"PreservedInsect"},{"floor":26,"key":"Centennial Puzzle"},{"floor":41,"key":"Potion Belt"},{"floor":41,"key":"Gremlin Horn"},{"floor":44,"key":"Art of War"},{"floor":47,"key":"Mummified Hand"},{"floor":52,"key":"Nunchaku"}],"event_choices":[],"is_beta":false,"boss_relics":[{"not_picked":["Pandora\u0027s Box","bronze:MakeshiftBattery"],"picked":"Sozu"},{"not_picked":["Runic Dome","Velvet Choker"],"picked":"Philosopher\u0027s Stone"}],"items_purged_floors":[9,22,23,31,38,45,53],"is_endless":false,"potions_floor_spawned":[2,5,6,8,15,16,19,20,22,23,26,27,28,30,31,32,33,36,39,43,44,47,48,49,52],"ascension_level":1}}