{"host":"yans4pr1zf0lm9bx","time":1613058287,"event":{"mods":["AchievementEnabler","BaseMod","Minty Spire (QoL Compilation)","Replay The Spire","StSLib","SuperFastMode","slay the spire mod where everything is the same but ironclad has a cowboy hat"],"gold_per_floor":[110,110,110,57,75,75,109,109,109,129,129,129,54,89,89,89,89],"floor_reached":16,"language":"ENG","playtime":477,"items_purged":["Injury"],"score":145,"play_id":"470cb64a-7c5a-4f18-a991-c97a651263d2","local_time":"20210211104447","is_ascension_mode":true,"campfire_choices":[{"data":"Survivor","floor":6,"key":"SMITH"},{"data":"Storm of Steel","floor":8,"key":"SMITH"},{"data":"Blur","floor":11,"key":"SMITH"},{"floor":15,"key":"REST"}],"circlet_count":0,"master_deck":["Strike_G","Strike_G","Strike_G","Strike_G","Defend_G","Defend_G","Defend_G","Defend_G","Defend_G","Survivor+1","Neutralize","AbeCurse","Deadly Poison","Dagger Throw","Flying Knee","Storm of Steel+1","Blur+1","Backflip"],"relics":["Abe\u0027s Treasure","Replay:Ringing Soul","Boot","Golden Idol","Odd Mushroom"],"acts_visited":["Exordium"],"potions_floor_usage":[7],"damage_taken":[{"damage":7,"enemies":"Cultist","floor":1,"turns":6},{"damage":0,"enemies":"Small Slimes","floor":5,"turns":3},{"damage":28,"enemies":"Gremlin Nob","floor":7,"turns":5},{"damage":0,"enemies":"Jaw Worm","floor":10,"turns":2},{"damage":19,"enemies":"The Mushroom Lair","floor":14,"turns":6},{"damage":42,"enemies":"Hexaghost","floor":16,"turns":11}],"seed_played":"-520704028700821012","potions_obtained":[{"floor":1,"key":"LiquidBronze"},{"floor":10,"key":"DuplicationPotion"},{"floor":14,"key":"FearPotion"}],"is_trial":false,"path_per_floor":["M","?","?","$","M","R","E","R","T","M","R","?","$","?","R","B"],"character_chosen":"THE_SILENT","items_purchased":["Dagger Throw"],"campfire_rested":1,"item_purchase_floors":[4],"current_hp_per_floor":[63,45,45,48,51,51,26,26,26,29,29,32,32,16,42,0,0],"gold":89,"neow_bonus":"BOSS_RELIC","is_daily":false,"chose_seed":false,"campfire_upgraded":3,"win_rate":0.0,"timestamp":1613058287,"path_taken":["M","?","?","$","M","R","E","R","T","M","R","?","$","?","R","BOSS"],"items_purchased_type":["Card"],"build_version":"2020-12-22","purchased_purges":1,"victory":false,"max_hp_per_floor":[70,70,70,73,76,76,79,79,79,82,82,85,85,88,88,88,88],"card_choices":[{"not_picked":["Cloak And Dagger","Acrobatics"],"picked":"Deadly Poison","floor":1},{"not_picked":["Dagger Spray","Concentrate"],"picked":"Flying Knee","floor":5},{"not_picked":["ReplayTheSpireMod:Shiv Toss","Deflect"],"picked":"Storm of Steel","floor":7},{"not_picked":["Flying Knee","Backstab"],"picked":"Blur","floor":10},{"not_picked":["Acrobatics","Deflect"],"picked":"Backflip","floor":14}],"player_experience":281610,"relics_obtained":[{"floor":7,"key":"Boot"},{"floor":14,"key":"Odd Mushroom"}],"event_choices":[{"damage_healed":0,"gold_gain":0,"player_choice":"Success","damage_taken":18,"relics_obtained":["Replay:Ringing Soul"],"max_hp_gain":0,"max_hp_loss":0,"event_name":"Scrap Ooze","floor":2,"gold_loss":0},{"damage_healed":0,"gold_gain":0,"player_choice":"Take Wound","damage_taken":0,"relics_obtained":["Golden Idol"],"max_hp_gain":0,"max_hp_loss":0,"event_name":"Golden Idol","floor":12,"gold_loss":0,"cards_obtained":["Injury"]},{"damage_healed":0,"gold_gain":0,"player_choice":"Fought Mushrooms","damage_taken":0,"max_hp_gain":0,"max_hp_loss":0,"event_name":"Mushrooms","floor":14,"gold_loss":0}],"is_beta":false,"boss_relics":[],"items_purged_floors":[13],"is_endless":false,"potions_floor_spawned":[1,10,14],"killed_by":"Hexaghost","ascension_level":5}}