{"host":"vyjryxuuuxkt43k4","time":1613062574,"event":{"mods":["AchievementEnabler","BaseMod","Colored Map","DeckTracker","Keyboard Shortcuts","Minty Spire (QoL Compilation)","Permanent Neow","Quick Restart","StSLib","SuperFastMode","everything is the same but u backflip on backflip"],"gold_per_floor":[367,517,517,517,172,172,192,205,228,255,255,268,268,594,594,594,594],"floor_reached":16,"language":"KOR","playtime":510,"items_purged":["Doubt"],"score":216,"play_id":"cda6fd0a-0926-46fe-983c-497cb24decc2","local_time":"20210212015614","is_ascension_mode":true,"campfire_choices":[{"data":"Masterful Stab","floor":6.0,"key":"SMITH"},{"data":"Footwork","floor":11.0,"key":"SMITH"},{"data":"Neutralize","floor":13.0,"key":"SMITH"},{"data":"Terror","floor":15.0,"key":"SMITH"}],"circlet_count":0,"master_deck":["AscendersBane","Strike_G","Strike_G","Strike_G","Strike_G","Strike_G","Defend_G","Defend_G","Defend_G","Defend_G","Defend_G","Survivor","Neutralize+1","Masterful Stab+1","Footwork+1","Deadly Poison","Dagger Spray","Acrobatics","Leg Sweep","Terror+1","Calculated Gamble","Backflip","Predator"],"relics":["Ring of the Snake","Anchor","Juzu Bracelet","Old Coin"],"acts_visited":["Exordium"],"potions_floor_usage":[],"damage_taken":[{"damage":4.0,"enemies":"Jaw Worm","floor":1.0,"turns":7.0},{"damage":1.0,"enemies":"2 Louse","floor":7.0,"turns":2.0},{"damage":0.0,"enemies":"Cultist","floor":8.0,"turns":4.0},{"damage":16.0,"enemies":"3 Sentries","floor":10.0,"turns":7.0},{"damage":0.0,"enemies":"Looter","floor":12.0,"turns":3.0},{"damage":4.0,"enemies":"Lagavulin","floor":14.0,"turns":6.0},{"damage":50,"enemies":"Slime Boss","floor":16,"turns":8}],"seed_played":"5507184650907696652","potions_obtained":[{"floor":1.0,"key":"PowerPotion"},{"floor":10.0,"key":"DistilledChaos"},{"floor":14.0,"key":"Ancient Potion"}],"is_trial":false,"path_per_floor":["M","?","?","?","$","R","M","M","T","E","R","M","R","E","R","B"],"character_chosen":"THE_SILENT","items_purchased":["Footwork","Deadly Poison","Dagger Spray","PowerPotion","Acrobatics"],"campfire_rested":0,"item_purchase_floors":[5,5,5,5,5],"current_hp_per_floor":[40,40,45,71,71,71,70,70,70,54,54,54,54,50,50,0,0],"gold":594,"neow_bonus":"TWO_FIFTY_GOLD","is_daily":false,"chose_seed":false,"campfire_upgraded":4,"win_rate":0.0,"timestamp":1613062574,"path_taken":["M","?","?","?","$","R","M","?","T","E","R","M","R","E","R","BOSS"],"items_purchased_type":["Card","Card","Card","Potion","Card"],"build_version":"2020-12-22","purchased_purges":1,"victory":false,"max_hp_per_floor":[66,66,71,71,71,71,71,71,71,71,71,71,71,71,71,71,71],"card_choices":[{"not_picked":["Eviscerate","Bouncing Flask"],"picked":"Masterful Stab","floor":1.0},{"not_picked":["Terror","All Out Attack"],"picked":"Leg Sweep","floor":7.0},{"not_picked":["Deflect","Flying Knee"],"picked":"Terror","floor":8.0},{"not_picked":["Outmaneuver","Caltrops"],"picked":"Calculated Gamble","floor":10.0},{"not_picked":["Quick Slash","Dodge and Roll"],"picked":"Backflip","floor":12.0},{"not_picked":["Deadly Poison","Underhanded Strike"],"picked":"Predator","floor":14.0}],"player_experience":956861,"relics_obtained":[{"floor":9.0,"key":"Anchor"},{"floor":10.0,"key":"Juzu Bracelet"},{"floor":14.0,"key":"Old Coin"}],"event_choices":[{"damage_healed":0.0,"max_hp_gain":0.0,"max_hp_loss":0.0,"gold_gain":150.0,"event_name":"Liars Game","player_choice":"AGREE","floor":2.0,"gold_loss":0.0,"damage_taken":0.0,"cards_obtained":["Doubt"]},{"damage_healed":0.0,"max_hp_gain":5.0,"max_hp_loss":0.0,"gold_gain":0.0,"event_name":"Big Fish","player_choice":"Donut","floor":3.0,"gold_loss":0.0,"damage_taken":0.0},{"damage_healed":26.0,"max_hp_gain":0.0,"max_hp_loss":0.0,"gold_gain":0.0,"event_name":"Wheel of Change","player_choice":"Full Heal","floor":4.0,"gold_loss":0.0,"damage_taken":0.0}],"is_beta":false,"boss_relics":[],"items_purged_floors":[5],"is_endless":false,"potions_floor_spawned":[1,10,14],"killed_by":"Slime Boss","ascension_level":20}}