{"host":"bzq0skgbben6khkk","time":1613021714,"event":{"mods":["Act Like it!","Arknights","BaseMod","Minty Spire (QoL Compilation)","StSLib","Swap Starting Deck Mod"],"gold_per_floor":[111,126,145,145,164,164,164],"floor_reached":6,"language":"ZHS","playtime":361,"items_purged":[],"score":38,"play_id":"387048d7-7bd1-4195-ba47-c4193bdc6ed6","local_time":"20210211133514","is_ascension_mode":false,"campfire_choices":[],"circlet_count":0,"master_deck":["ats:Strike C","ats:Strike G","ats:Strike S","ats:Strike V","ats:Armor Crushing Shot","ats:Defend","ats:Defend","ats:Defend","ats:Defend","ats:Emotion Absorption","ats:Hammer On","ats:Consecutive Shot Auto","ats:Ignite","ats:Shell Defense"],"relics":["ats:Sanity","NeowsBlessing"],"acts_visited":["Exordium"],"potions_floor_usage":[],"damage_taken":[{"damage":0,"enemies":"ats:Genji","floor":1,"turns":1},{"damage":0,"enemies":"Jaw Worm","floor":2,"turns":1},{"damage":0,"enemies":"Cultist","floor":3,"turns":1},{"damage":38,"enemies":"Exordium Thugs","floor":5,"turns":7},{"damage":26,"enemies":"Lagavulin","floor":6,"turns":6}],"seed_played":"1855264211456256140","potions_obtained":[{"floor":1,"key":"EssenceOfSteel"},{"floor":5,"key":"Weak Potion"}],"is_trial":false,"path_per_floor":["M","M","M","?","M","E"],"character_chosen":"DOCTOR_CLASS","items_purchased":[],"campfire_rested":0,"item_purchase_floors":[],"current_hp_per_floor":[72,72,72,72,34,10,10],"gold":164,"neow_bonus":"THREE_ENEMY_KILL","is_daily":false,"chose_seed":false,"campfire_upgraded":0,"win_rate":0.0,"timestamp":1613021714,"path_taken":["M","M","M","?","M","E"],"items_purchased_type":[],"build_version":"2020-12-22","purchased_purges":0,"victory":false,"max_hp_per_floor":[72,72,72,72,72,72,72],"card_choices":[{"not_picked":["ats:Guard Mode","ats:Assault Order"],"picked":"ats:Hammer On","floor":1},{"not_picked":["ats:Guard Mode","ats:Revitalization"],"picked":"ats:Consecutive Shot Auto","floor":2},{"not_picked":["ats:Healing Strengthening","ats:Leaping Hammer"],"picked":"ats:Ignite","floor":3},{"not_picked":["ats:Absolute Focus","ats:Hammer On"],"picked":"ats:Shell Defense","floor":5}],"player_experience":460810,"relics_obtained":[],"event_choices":[{"damage_healed":0,"gold_gain":0,"player_choice":"Ignored","damage_taken":0,"max_hp_gain":0,"max_hp_loss":0,"event_name":"Liars Game","floor":4,"gold_loss":0}],"is_beta":false,"boss_relics":[],"items_purged_floors":[],"is_endless":false,"potions_floor_spawned":[1,5],"killed_by":"Lagavulin","ascension_level":0}}