{"host":"sav7uxregyirlf69","time":1613010509,"event":{"mods":["AchievementEnabler","BaseMod","Colored Map","DeckTracker","Keyboard Shortcuts","Minty Spire (QoL Compilation)","READ ME - Guardian Mod","StSLib","SuperFastMode"],"gold_per_floor":[114,129,204,219,219,249,264,264,264,264,39,54,69,19,19,119,119,134,59,74,89,104,146,158,170,232,259,271,313,424,458,470,582,594,621,648,760,787,811,853,880,451,451,481,129,144,159,174,174,174],"floor_reached":51,"language":"KOR","playtime":1204,"items_purged":["Sadistic Nature","Defend_P","Strike_P"],"score":1076,"play_id":"3fc259d5-d288-4ff6-bb7d-565ab5c64ee1","local_time":"20210211112829","daily_mods":["Allstar","Vintage","Binary"],"is_ascension_mode":false,"campfire_choices":[{"floor":8,"key":"REST"},{"data":"SandsOfTime","floor":10,"key":"SMITH"},{"data":"Master of Strategy","floor":15,"key":"SMITH"},{"data":"Scrawl","floor":24,"key":"SMITH"},{"data":"Panacea","floor":28,"key":"SMITH"},{"data":"SashWhip","floor":32,"key":"SMITH"},{"data":"Dark Shackles","floor":49,"key":"SMITH"}],"circlet_count":0,"master_deck":["Strike_P","Defend_P","Eruption+1","Vigilance","Swift Strike+1","Dark Shackles+1","Master of Strategy+1","Panacea+1","SandsOfTime+1","Scrawl+1","EmptyFist+1","SpiritShield","SashWhip+1","Devotion+1","Adaptation+1","Halt","Brilliance","Fasting2+1"],"relics":["PureWater","Frozen Egg 2","Anchor","Art of War","Toy Ornithopter","Boot","Matryoshka","Lantern","Akabeko","Kunai","SacredBark","Oddly Smooth Stone","Prayer Wheel","Meat on the Bone","MawBank","TeardropLocket","PreservedInsect","Regal Pillow","Bronze Scales","Happy Flower","Red Mask","Coffee Dripper","Damaru","Torii","Question Card","CloakClasp","InkBottle","Nunchaku","Bag of Preparation","Whetstone","Ornamental Fan","Blood Vial","ClockworkSouvenir","Pear","Dream Catcher","Incense Burner"],"acts_visited":["Exordium","TheCity","TheBeyond"],"potions_floor_usage":[6,16,22,23,23,33,35,39,50,50],"damage_taken":[{"damage":3,"enemies":"2 Louse","floor":1,"turns":3},{"damage":1,"enemies":"Jaw Worm","floor":2,"turns":4},{"damage":1,"enemies":"Cultist","floor":4,"turns":4},{"damage":27,"enemies":"3 Sentries","floor":6,"turns":14},{"damage":0,"enemies":"Exordium Wildlife","floor":7,"turns":3},{"damage":0,"enemies":"Looter","floor":12,"turns":1},{"damage":0,"enemies":"Large Slime","floor":13,"turns":3},{"damage":32,"enemies":"Hexaghost","floor":16,"turns":6},{"damage":0,"enemies":"2 Thieves","floor":18,"turns":2},{"damage":1,"enemies":"Spheric Guardian","floor":20,"turns":3},{"damage":0,"enemies":"Centurion and Healer","floor":21,"turns":4},{"damage":7,"enemies":"Cultist and Chosen","floor":22,"turns":5},{"damage":0,"enemies":"Gremlin Leader","floor":23,"turns":6},{"damage":0,"enemies":"Shelled Parasite and Fungi","floor":27,"turns":3},{"damage":0,"enemies":"Book of Stabbing","floor":29,"turns":2},{"damage":0,"enemies":"Masked Bandits","floor":31,"turns":3},{"damage":18,"enemies":"Collector","floor":33,"turns":6},{"damage":5,"enemies":"3 Shapes","floor":35,"turns":3},{"damage":0,"enemies":"3 Darklings","floor":36,"turns":4},{"damage":0,"enemies":"Sphere and 2 Shapes","floor":38,"turns":2},{"damage":0,"enemies":"2 Orb Walkers","floor":39,"turns":3},{"damage":0,"enemies":"Reptomancer","floor":40,"turns":3},{"damage":0,"enemies":"Spire Growth","floor":41,"turns":2},{"damage":0,"enemies":"Nemesis","floor":44,"turns":3},{"damage":0,"enemies":"3 Darklings","floor":46,"turns":2},{"damage":0,"enemies":"Writhing Mass","floor":47,"turns":4},{"damage":0,"enemies":"Jaw Worm Horde","floor":48,"turns":3},{"damage":11,"enemies":"Awakened One","floor":50,"turns":6}],"seed_played":"-587577638262706789","potions_obtained":[{"floor":1,"key":"Fruit Juice"},{"floor":2,"key":"Weak Potion"},{"floor":4,"key":"Block Potion"},{"floor":13,"key":"Energy Potion"},{"floor":20,"key":"FearPotion"},{"floor":22,"key":"BlessingOfTheForge"},{"floor":23,"key":"Fruit Juice"},{"floor":27,"key":"EssenceOfSteel"},{"floor":33,"key":"PowerPotion"},{"floor":35,"key":"GamblersBrew"},{"floor":40,"key":"AttackPotion"}],"is_trial":false,"path_per_floor":["M","M","?","M","?","E","M","R","T","R","$","M","M","?","R","B",null,"M","?","M","M","M","E","R","?","T","M","R","E","?","?","R","B",null,"M","M","?","M","?","E","M","$","T","E","$","M","M","M","R","B",null],"character_chosen":"WATCHER","items_purchased":["Lantern","Adaptation+1","Bag of Preparation","Halt","DistilledChaos","Fasting2+1","ClockworkSouvenir"],"campfire_rested":1,"item_purchase_floors":[11,42,42,42,42,45,45],"current_hp_per_floor":[69,68,57,56,56,29,29,50,50,50,50,50,50,50,50,23,72,72,72,71,71,79,82,82,82,82,82,82,82,82,82,82,64,82,92,92,92,92,92,92,92,92,92,92,92,102,102,102,102,101],"gold":174,"neow_bonus":"","is_daily":true,"chose_seed":false,"campfire_upgraded":6,"win_rate":0.0,"timestamp":1613010509,"path_taken":["M","M","?","M","?","E","M","R","T","R","?","?","M","?","R","BOSS","M","?","M","M","M","E","R","?","T","M","R","E","?","?","R","BOSS","M","M","?","?","?","E","M","$","T","E","?","M","?","M","R","BOSS"],"items_purchased_type":["Relic","Card","Relic","Card","Potion","Card","Relic"],"build_version":"2020-12-22","purchased_purges":3,"victory":true,"max_hp_per_floor":[72,72,72,72,72,72,72,72,72,72,72,72,72,72,72,72,72,72,72,72,72,82,82,82,82,82,82,82,82,82,82,82,82,82,92,92,92,92,92,92,92,92,92,92,92,102,102,102,102,102],"card_choices":[{"not_picked":["Consecrate"],"picked":"SandsOfTime","floor":6},{"not_picked":["MasterReality+1"],"picked":"Scrawl","floor":16},{"not_picked":["WreathOfFlame"],"picked":"EmptyFist","floor":23},{"not_picked":["ThirdEye","SashWhip"],"picked":"SKIP","floor":29},{"not_picked":["ConjureBlade"],"picked":"Devotion+1","floor":33},{"not_picked":["Consecrate","WindmillStrike","EmptyFist+1"],"picked":"SKIP","floor":40},{"not_picked":["Halt+1","ForeignInfluence+1"],"picked":"Brilliance","floor":44}],"player_experience":1554558,"relics_obtained":[{"floor":1,"key":"Frozen Egg 2"},{"floor":2,"key":"Anchor"},{"floor":4,"key":"Art of War"},{"floor":6,"key":"Toy Ornithopter"},{"floor":7,"key":"Boot"},{"floor":9,"key":"Matryoshka"},{"floor":12,"key":"Akabeko"},{"floor":13,"key":"Kunai"},{"floor":18,"key":"Oddly Smooth Stone"},{"floor":20,"key":"Prayer Wheel"},{"floor":21,"key":"Meat on the Bone"},{"floor":22,"key":"MawBank"},{"floor":23,"key":"TeardropLocket"},{"floor":26,"key":"PreservedInsect"},{"floor":26,"key":"Regal Pillow"},{"floor":27,"key":"Bronze Scales"},{"floor":29,"key":"Happy Flower"},{"floor":31,"key":"Red Mask"},{"floor":35,"key":"Damaru"},{"floor":36,"key":"Torii"},{"floor":38,"key":"Question Card"},{"floor":39,"key":"CloakClasp"},{"floor":40,"key":"InkBottle"},{"floor":41,"key":"Nunchaku"},{"floor":43,"key":"Whetstone"},{"floor":43,"key":"Ornamental Fan"},{"floor":44,"key":"Blood Vial"},{"floor":46,"key":"Pear"},{"floor":47,"key":"Dream Catcher"},{"floor":48,"key":"Incense Burner"}],"event_choices":[{"damage_healed":0,"gold_gain":75,"player_choice":"Gather Gold","damage_taken":11,"max_hp_gain":0,"max_hp_loss":0,"event_name":"World of Goop","floor":3,"gold_loss":0},{"damage_healed":0,"gold_gain":0,"player_choice":"Grow","damage_taken":0,"max_hp_gain":0,"max_hp_loss":0,"event_name":"Living Wall","floor":5,"gold_loss":0,"cards_upgraded":["Eruption"]},{"cards_removed":["Defend_P"],"damage_healed":0,"gold_gain":0,"player_choice":"Card Removal","damage_taken":0,"max_hp_gain":0,"max_hp_loss":0,"event_name":"The Cleric","floor":14,"gold_loss":50},{"cards_removed":["Strike_P"],"damage_healed":0,"gold_gain":0,"player_choice":"Gave Gold","damage_taken":0,"max_hp_gain":0,"max_hp_loss":0,"event_name":"Beggar","floor":19,"gold_loss":75},{"damage_healed":0,"gold_gain":0,"cards_transformed":["Strike_P","Defend_P"],"player_choice":"Became Test Subject","damage_taken":0,"max_hp_gain":0,"max_hp_loss":0,"event_name":"Drug Dealer","floor":25,"gold_loss":0,"cards_obtained":["SpiritShield","SashWhip"]},{"damage_healed":0,"gold_gain":99,"player_choice":"Stole From Cult","damage_taken":0,"max_hp_gain":0,"max_hp_loss":0,"event_name":"Nest","floor":30,"gold_loss":0},{"damage_healed":0,"gold_gain":0,"player_choice":"Fought Bandits","damage_taken":0,"max_hp_gain":0,"max_hp_loss":0,"event_name":"Masked Bandits","floor":31,"gold_loss":0},{"damage_healed":0,"gold_gain":100,"player_choice":"Pray","damage_taken":0,"max_hp_gain":0,"max_hp_loss":0,"event_name":"Golden Shrine","floor":37,"gold_loss":0},{"damage_healed":0,"gold_gain":0,"player_choice":"Fight","damage_taken":0,"max_hp_gain":0,"max_hp_loss":0,"event_name":"Mysterious Sphere","floor":39,"gold_loss":0}],"is_beta":false,"boss_relics":[{"not_picked":["Cursed Key","SlaversCollar"],"picked":"SacredBark"},{"not_picked":["Busted Crown","Runic Dome"],"picked":"Coffee Dripper"}],"items_purged_floors":[11,42,45],"is_endless":false,"potions_floor_spawned":[1,2,4,13,20,22,23,27,33,35,40,46,47],"ascension_level":0}}