{"host":"yecadp3kwkksam5a","time":1613039933,"event":{"mods":["100% Spire Juice","BaseMod","Minty Spire (QoL Compilation)","StSLib","SuperFastMode","The Cursed","WarShipGirlsR/??á´Ò³R mod"],"gold_per_floor":[110,125,125,141,38,38,71,85,85,85,10,33,53,78,78,169,169,194,194,23,23,23],"floor_reached":21,"language":"KOR","playtime":686,"items_purged":[],"score":362,"play_id":"cc9a63dd-09db-4266-9d82-5d497603c97f","local_time":"20210211193853","daily_mods":["Heirloom"],"is_ascension_mode":true,"campfire_choices":[{"data":"Searing Blow","floor":6.0,"key":"SMITH"},{"data":"Searing Blow+1","floor":10.0,"key":"SMITH"},{"data":"Searing Blow+2","floor":15.0,"key":"SMITH"}],"circlet_count":0,"master_deck":["AscendersBane","Strike_R","Strike_R","Strike_R","Strike_R","Defend_R","Defend_R","Defend_R","Defend_R","Bash","Feel No Pain","Searing Blow+3","Battle Trance","Headbutt","Feed","Dual Wield"],"relics":["Burning Blood","CaptainsWheel","Golden Idol","Tiny Chest","Sundial","Self Forming Clay","Philosopher\u0027s Stone","Membership Card"],"acts_visited":["Exordium","TheCity"],"potions_floor_usage":[16,16],"damage_taken":[{"damage":2.0,"enemies":"Jaw Worm","floor":1.0,"turns":4.0},{"damage":3.0,"enemies":"2 Louse","floor":2.0,"turns":4.0},{"damage":1.0,"enemies":"Cultist","floor":4.0,"turns":4.0},{"damage":12.0,"enemies":"3 Sentries","floor":7.0,"turns":14.0},{"damage":12.0,"enemies":"Looter","floor":8.0,"turns":3.0},{"damage":5.0,"enemies":"Large Slime","floor":12.0,"turns":6.0},{"damage":14.0,"enemies":"Red Slaver","floor":13.0,"turns":2.0},{"damage":11.0,"enemies":"Looter","floor":14.0,"turns":2.0},{"damage":29,"enemies":"The Guardian","floor":16,"turns":12},{"damage":29,"enemies":"Shell Parasite","floor":18,"turns":5},{"damage":0,"enemies":"2 Thieves","floor":21,"turns":1}],"seed_played":"4819539014275686500","potions_obtained":[{"floor":8.0,"key":"ColorlessPotion"},{"floor":13.0,"key":"LiquidMemories"},{"floor":16,"key":"ColorlessPotion"},{"floor":19,"key":"FearPotion"},{"floor":19,"key":"EntropicBrew"}],"is_trial":true,"path_per_floor":["M","M","?","M","?","R","E","M","T","R","?","M","M","M","R","B",null,"M","?","$","M"],"character_chosen":"IRONCLAD","items_purchased":["Membership Card"],"campfire_rested":0,"item_purchase_floors":[20],"current_hp_per_floor":[72,75,49,54,54,54,48,42,42,42,42,43,35,30,30,7,58,38,38,38,38,38],"gold":23,"neow_bonus":"","is_daily":false,"chose_seed":false,"campfire_upgraded":3,"win_rate":0.0,"timestamp":1613039933,"path_taken":["M","M","?","M","?","R","E","?","T","R","?","M","M","M","R","BOSS","M","?","$","M"],"items_purchased_type":["Relic"],"build_version":"2020-12-22","purchased_purges":0,"victory":false,"max_hp_per_floor":[75,75,75,75,75,75,75,75,75,75,75,75,75,75,75,75,75,78,78,78,78,78],"card_choices":[{"not_picked":["Havoc","Armaments"],"picked":"Feel No Pain","floor":1.0},{"not_picked":["Perfected Strike","Cleave"],"picked":"Searing Blow","floor":2.0},{"not_picked":["Entrench","Body Slam"],"picked":"Battle Trance","floor":4.0},{"not_picked":["Immolate","Rampage"],"picked":"Headbutt","floor":7.0},{"not_picked":["Rampage","Clothesline","Flex"],"picked":"SKIP","floor":8.0},{"not_picked":["Warcry","Twin Strike","Body Slam"],"picked":"SKIP","floor":12.0},{"not_picked":["Battle Trance","Whirlwind","Blood for Blood"],"picked":"SKIP","floor":13.0},{"not_picked":["Perfected Strike","Flex","Flame Barrier"],"picked":"SKIP","floor":14.0},{"not_picked":["Impervious","Fiend Fire"],"picked":"Feed","floor":16},{"not_picked":["Pommel Strike","Sever Soul"],"picked":"Dual Wield","floor":18}],"player_experience":617611,"relics_obtained":[{"floor":7.0,"key":"Sundial"},{"floor":9.0,"key":"Self Forming Clay"}],"event_choices":[{"damage_healed":0.0,"max_hp_gain":0.0,"max_hp_loss":0.0,"gold_gain":0.0,"event_name":"Golden Idol","player_choice":"Take Damage","floor":3.0,"gold_loss":0.0,"damage_taken":26.0,"relics_obtained":["Golden Idol"]},{"damage_healed":0.0,"max_hp_gain":0.0,"max_hp_loss":0.0,"gold_gain":0.0,"event_name":"WeMeetAgain","player_choice":"Paid Gold","floor":5.0,"gold_loss":103.0,"damage_taken":0.0,"relics_obtained":["Tiny Chest"]},{"cards_removed":["Strike_R"],"damage_healed":0.0,"max_hp_gain":0.0,"max_hp_loss":0.0,"gold_gain":0.0,"event_name":"The Cleric","player_choice":"Card Removal","floor":11.0,"gold_loss":75.0,"damage_taken":0.0},{"damage_healed":0,"gold_gain":0,"player_choice":"Got Potions","damage_taken":0,"max_hp_gain":0,"max_hp_loss":0,"event_name":"Lab","floor":19,"gold_loss":0}],"is_beta":false,"boss_relics":[{"not_picked":["Fusion Hammer","SacredBark"],"picked":"Philosopher\u0027s Stone"}],"items_purged_floors":[],"is_endless":true,"potions_floor_spawned":[8,13,16],"killed_by":"2 Thieves","ascension_level":20}}