{"host":"d4nr47a59rmbesnz","time":1613058355,"event":{"mods":["A Magickal Journey","BaseMod","Better Third Choice","Hermit","Minty Spire (QoL Compilation)","Quick Restart","Replay The Spire","Shade Mod","StSLib","The Bladedancer","The Bug Knight","The Cursed","The Death Knight","The Disciple","The Forsaken","The Hierophant","The Necromancer","The Runesmith","The Spell Scribe","The Valiant","The Wild Card"],"gold_per_floor":[114,127,1,17,17,48,48,73,73,88,107,107,121,75,75,180,180,200,217,230,155,95,95,105,105,160,160,177,177,188,200,200,302,302,322,335,347,358,377,377,377],"floor_reached":40,"language":"ENG","playtime":2674,"items_purged":[],"score":406,"play_id":"ffaee23c-7921-496d-ba35-069d6f324aa4","local_time":"20210211184555","is_ascension_mode":false,"campfire_choices":[{"data":"Runesmith:HammerThrow","floor":7.0,"key":"SMITH"},{"floor":12.0,"key":"REST"},{"floor":15.0,"key":"REST"},{"floor":23.0,"key":"REST"},{"floor":25,"key":"REST"},{"floor":29,"key":"REST"},{"data":"Runesmith:DoubleUp","floor":32,"key":"SMITH"}],"circlet_count":0,"master_deck":["Runesmith:Strike_RS+1","Runesmith:Strike_RS+1","Runesmith:Strike_RS+1","Runesmith:Strike_RS+1","Runesmith:Defend_RS+1","Runesmith:Defend_RS+1","Runesmith:Defend_RS+1","Runesmith:CraftFirestone","Runesmith:Fortify","Runesmith:HeatedChisel","Runesmith:NegativeSpace","Runesmith:HammerThrow+1","Runesmith:HeatedChisel","Runesmith:CraftProtectio","Runesmith:HammerThrow","Runesmith:EarthShield","Runesmith:Refine","Runesmith:ChargedHammer","Runesmith:CraftMagma","Runesmith:EarthShield","Runesmith:ArcReactor","Runesmith:HeatedChisel","Runesmith:PerfectChisel","Runesmith:CraftMagma","Runesmith:CraftMagma","Runesmith:Empowerment","Runesmith:DoubleUp+1","Runesmith:UnlimitedPower","Runesmith:Repurpose+1","Parasite"],"relics":["Runesmith:BrokenRuby","Replay:Accelerometer","Ancient Tea Set","Huge Egg","betterThird:SlimedRelic","Runic Pyramid","Orichalcum","Busted Crown"],"acts_visited":["Exordium","TheCity","TheBeyond"],"potions_floor_usage":[28,33,33],"damage_taken":[{"damage":7.0,"enemies":"Small Slimes","floor":1.0,"turns":3.0},{"damage":0.0,"enemies":"2 Louse","floor":2.0,"turns":2.0},{"damage":0.0,"enemies":"Jaw Worm","floor":4.0,"turns":5.0},{"damage":16.0,"enemies":"Gremlin Nob","floor":6.0,"turns":4.0},{"damage":18.0,"enemies":"Replay:BlueRogue","floor":8.0,"turns":7.0},{"damage":0.0,"enemies":"Large Slime","floor":10.0,"turns":3.0},{"damage":19.0,"enemies":"2 Fungi Beasts","floor":11.0,"turns":3.0},{"damage":10.0,"enemies":"Looter","floor":13.0,"turns":2.0},{"damage":15.0,"enemies":"Fading Forest","floor":16.0,"turns":11.0},{"damage":3.0,"enemies":"Spheric Guardian","floor":18.0,"turns":7.0},{"damage":12.0,"enemies":"Chosen","floor":19.0,"turns":5.0},{"damage":37.0,"enemies":"Snecko","floor":20.0,"turns":6.0},{"damage":10,"enemies":"Snake Plant","floor":24,"turns":5},{"damage":12,"enemies":"Centurion and Healer","floor":28,"turns":6},{"damage":7,"enemies":"Cultist and Chosen","floor":30,"turns":6},{"damage":10,"enemies":"Snecko","floor":31,"turns":5},{"damage":28,"enemies":"Collector","floor":33,"turns":11},{"damage":3,"enemies":"Orb Walker","floor":35,"turns":5},{"damage":7,"enemies":"3 Shapes","floor":36,"turns":4},{"damage":8,"enemies":"Writhing Mass","floor":37,"turns":7},{"damage":18,"enemies":"4 Shapes","floor":38,"turns":8},{"damage":33,"enemies":"Jaw Worm Horde","floor":39,"turns":6},{"damage":39,"enemies":"Nemesis","floor":40,"turns":2}],"seed_played":"-3560989172048998082","potions_obtained":[{"floor":1.0,"key":"Strength Potion"},{"floor":2.0,"key":"DeathKnight:RimePotion"},{"floor":10.0,"key":"Adrenaline Potion"},{"floor":11.0,"key":"ColorlessPotion"},{"floor":13.0,"key":"Fire Potion"},{"floor":20.0,"key":"Milkshake"},{"floor":24,"key":"SkillPotion"},{"floor":30,"key":"SpeedPotion"},{"floor":33,"key":"Languid Potion"},{"floor":39,"key":"Elixir"}],"is_trial":false,"path_per_floor":["M","M","$","M","?","E","R","E","T","M","M","R","M","?","R","B",null,"M","M","M","?","?","R","M","R","T","?","M","R","M","M","R","B",null,"M","M","M","M","M","E"],"character_chosen":"RUNESMITH_CLASS","items_purchased":["Runesmith:HammerThrow","Runesmith:HeatedChisel","Runesmith:CraftProtectio"],"campfire_rested":5,"item_purchase_floors":[3,3,3],"current_hp_per_floor":[70,70,70,70,70,54,54,36,36,36,17,40,30,19,42,48,77,74,62,25,25,25,48,38,61,61,61,49,72,65,55,55,27,77,74,67,59,41,8,0,0],"gold":377,"neow_bonus":"TEN_PERCENT_HP_BONUS","is_daily":false,"chose_seed":false,"campfire_upgraded":2,"win_rate":0.0,"timestamp":1613058355,"path_taken":["M","M","$","M","?","E","R","E","T","M","M","R","M","?","R","BOSS","M","M","M","?","?","R","M","R","T","?","M","R","M","M","R","BOSS","M","M","M","M","M","E"],"items_purchased_type":["Card","Card","Card"],"build_version":"2020-12-22","purchased_purges":0,"victory":false,"max_hp_per_floor":[77,77,77,77,77,77,77,77,77,77,77,77,77,77,77,77,77,77,77,77,77,77,77,77,77,77,77,77,77,77,77,77,77,77,77,77,77,77,77,77,77],"card_choices":[{"not_picked":["Runesmith:ChargedHammer","Runesmith:Attraction"],"picked":"Runesmith:HeatedChisel","floor":1.0},{"not_picked":["Runesmith:RuneHurl","Runesmith:HammerAndChisel"],"picked":"Runesmith:NegativeSpace","floor":2.0},{"not_picked":["Runesmith:UnstableHammer","Runesmith:Repurpose"],"picked":"Runesmith:HammerThrow","floor":4.0},{"not_picked":["Runesmith:UnstableHammer","Runesmith:Augment"],"picked":"Runesmith:EarthShield","floor":6.0},{"not_picked":["Runesmith:Overpower","Runesmith:HeatedChisel"],"picked":"Runesmith:Refine","floor":8.0},{"not_picked":["Runesmith:Overpower","Runesmith:Retool"],"picked":"Runesmith:ChargedHammer","floor":10.0},{"not_picked":["Runesmith:RuneHurl","Runesmith:BackupBattery"],"picked":"Runesmith:CraftMagma","floor":11.0},{"not_picked":["Runesmith:CraftVitae","Runesmith:Firewall"],"picked":"Runesmith:EarthShield","floor":13.0},{"not_picked":["Runesmith:MetallurgicalResearch","Runesmith:DuctTape"],"picked":"Runesmith:ArcReactor","floor":16.0},{"not_picked":["Runesmith:EarthShield+1","Runesmith:MakeshiftArmor+1"],"picked":"Runesmith:HeatedChisel","floor":18.0},{"not_picked":["Runesmith:Permafrost","Runesmith:Retool","Runesmith:Overpower"],"picked":"SKIP","floor":19.0},{"not_picked":["Runesmith:StaticCage","Runesmith:Malloc"],"picked":"Runesmith:PerfectChisel","floor":20.0},{"not_picked":["Runesmith:Refine","Runesmith:StaticCage"],"picked":"Runesmith:CraftMagma","floor":24},{"not_picked":["Runesmith:RuneHurl","Runesmith:ShiftingStrike"],"picked":"Runesmith:CraftMagma","floor":28},{"not_picked":["Runesmith:CraftMagma","Runesmith:Permafrost+1"],"picked":"Runesmith:Empowerment","floor":30},{"not_picked":["Runesmith:Grindstone","Runesmith:StaticCage"],"picked":"Runesmith:DoubleUp","floor":31},{"not_picked":["Runesmith:FissionHammer","Runesmith:DuctTape"],"picked":"Runesmith:UnlimitedPower","floor":33},{"not_picked":["Runesmith:ShiftingStrike"],"picked":"SKIP","floor":35},{"not_picked":[],"picked":"Runesmith:Repurpose+1","floor":36},{"not_picked":["Runesmith:Overpower"],"picked":"SKIP","floor":37},{"not_picked":["Runesmith:ReplicatingBarrier"],"picked":"SKIP","floor":38},{"not_picked":["Runesmith:Grindstone"],"picked":"SKIP","floor":39}],"player_experience":99105,"relics_obtained":[{"floor":6.0,"key":"Replay:Accelerometer"},{"floor":8.0,"key":"Ancient Tea Set"},{"floor":9.0,"key":"Huge Egg"},{"floor":26,"key":"Orichalcum"}],"event_choices":[{"damage_healed":0.0,"max_hp_gain":0.0,"max_hp_loss":0.0,"gold_gain":0.0,"event_name":"betterThird:BetterSerpent","player_choice":"Ignored","floor":5.0,"gold_loss":0.0,"damage_taken":17.0},{"damage_healed":0.0,"max_hp_gain":0.0,"max_hp_loss":0.0,"gold_gain":0.0,"event_name":"betterThird:BetterGoop","player_choice":"Slimed","floor":14.0,"gold_loss":46.0,"damage_taken":11.0},{"cards_removed":["Runesmith:Defend_RS"],"damage_healed":0.0,"max_hp_gain":0.0,"max_hp_loss":0.0,"gold_gain":0.0,"event_name":"Beggar","player_choice":"Gave Gold","floor":21.0,"gold_loss":75.0,"damage_taken":0.0},{"damage_healed":0,"gold_gain":0,"player_choice":"Simplicity","damage_taken":0,"max_hp_gain":0,"max_hp_loss":7,"event_name":"betterThird:BetterWriting","floor":27,"gold_loss":0}],"is_beta":false,"boss_relics":[{"not_picked":["Ring of Chaos","Runesmith:CoreCrystal"],"picked":"Runic Pyramid"},{"not_picked":["Painkiller Herb","Velvet Choker"],"picked":"Busted Crown"}],"items_purged_floors":[],"is_endless":false,"potions_floor_spawned":[1,2,10,11,13,20,24,30,33,39],"killed_by":"Nemesis","ascension_level":0}}