{"host":"uceopoba4zvqsgiy","time":1613063413,"event":{"mods":["2.2 Compatiblity","Act Like it!","BaseMod","Better Skull","Better Third Choice","Elementarium","Evolution","GifTheSpireLib","Hermit","Humility","Infinite Spire","Jorbs\u0027s Wanderer Trilogy","Marked Mod","Minty Spire (QoL Compilation)","Potionbrewer","Reliquary","Replay The Spire","Robot Space Explorer","Shade Mod","Spicy Shops","StS++","StSLib","Stuff the Spire","The Blue Laboratory","The Caster","The Cursed","The Dragon Tamer","The Hierophant","The Judge","The Jungle","TheSurvivalist","Wandering Minibosses"],"gold_per_floor":[211,262,262,262,262,262,262],"floor_reached":6,"language":"ENG","playtime":521,"items_purged":[],"score":71,"play_id":"2133d0bc-7be4-41ee-b050-180c87880fd1","local_time":"20210212034013","is_ascension_mode":true,"campfire_choices":[],"circlet_count":0,"master_deck":["Barrage","Barrage","Barrage","Barrage","Leap","Defend_B","Defend_B","Defend_B","Zap","Dualcast","FIFO Queue","Regret","Regret"],"relics":["Cracked Core","EVO:Axolotl","reliquary:NewFriend","StuffTheSpire:RedRose","Pocketwatch","Ancient Tea Set"],"acts_visited":["Exordium"],"potions_floor_usage":[],"damage_taken":[{"damage":1,"enemies":"Cultist","floor":1,"turns":3},{"damage":69,"enemies":"Replay:BlueRogue","floor":6,"turns":6}],"seed_played":"-1567164959784360297","potions_obtained":[{"floor":1,"key":"blueLaboratory:HorrorPotion"},{"floor":2,"key":"blueLaboratory:PyrophylliteBrew"}],"is_trial":false,"path_per_floor":["M","?","?","T","?","E"],"character_chosen":"DEFECT","items_purchased":[],"campfire_rested":0,"item_purchase_floors":[],"current_hp_per_floor":[67,67,67,67,67,0,0],"gold":262,"neow_bonus":"HUNDRED_GOLD","is_daily":false,"chose_seed":false,"campfire_upgraded":0,"win_rate":0.0,"timestamp":1613063413,"path_taken":["M","?","?","?","?","E"],"items_purchased_type":[],"build_version":"2020-12-22","purchased_purges":0,"victory":false,"max_hp_per_floor":[75,75,75,75,75,75,75],"card_choices":[{"not_picked":["Compile Driver","Ball Lightning"],"picked":"FIFO Queue","floor":1}],"player_experience":1808190,"relics_obtained":[{"floor":2,"key":"reliquary:NewFriend"},{"floor":4,"key":"Pocketwatch"}],"event_choices":[{"damage_healed":0,"gold_gain":0,"player_choice":"Box","damage_taken":0,"relics_obtained":["Ancient Tea Set"],"max_hp_gain":0,"max_hp_loss":0,"event_name":"Big Fish","floor":5,"gold_loss":0,"cards_obtained":["Regret"]}],"is_beta":false,"boss_relics":[],"items_purged_floors":[],"is_endless":false,"potions_floor_spawned":[1],"killed_by":"Replay:BlueRogue","ascension_level":9,"is_humility":true}}