{"host":"mqhvlr3kpxebko0t","time":1613066894,"event":{"mods":["AchievementEnabler","BaseMod","Colored Map","Colored Powertips","KOR Keyword Fix","Keyboard Shortcuts","Minty Spire (QoL Compilation)","StSLib","SuperFastMode"],"gold_per_floor":[119,134,59,134,151,171,171,186,213,223,223,223],"floor_reached":11,"language":"KOR","playtime":189,"items_purged":["Strike_R"],"score":134,"play_id":"e085762f-0a28-465b-b256-ea472764b49f","local_time":"20210212030814","is_ascension_mode":true,"campfire_choices":[{"data":"Evolve","floor":7,"key":"SMITH"}],"circlet_count":0,"master_deck":["AscendersBane","Strike_R","Strike_R","Strike_R","Strike_R","Defend_R","Defend_R","Defend_R","Defend_R","Bash","Second Wind","Evolve+1","Shrug It Off","Pommel Strike"],"relics":["Burning Blood","Juzu Bracelet","Potion Belt"],"acts_visited":["Exordium"],"potions_floor_usage":[6,10,11],"damage_taken":[{"damage":12,"enemies":"Cultist","floor":1,"turns":4},{"damage":9,"enemies":"Jaw Worm","floor":2,"turns":5},{"damage":4,"enemies":"Small Slimes","floor":5,"turns":5},{"damage":3,"enemies":"3 Louse","floor":6,"turns":4},{"damage":27,"enemies":"Red Slaver","floor":8,"turns":6},{"damage":37,"enemies":"Large Slime","floor":10,"turns":9},{"damage":27,"enemies":"Lagavulin","floor":11,"turns":4}],"seed_played":"-1313580588650603588","potions_obtained":[{"floor":1,"key":"Fire Potion"},{"floor":2,"key":"BloodPotion"},{"floor":6,"key":"LiquidBronze"}],"is_trial":false,"path_per_floor":["M","M","$","?","M","M","R","M","T","M","E"],"character_chosen":"IRONCLAD","items_purchased":[],"campfire_rested":0,"item_purchase_floors":[],"current_hp_per_floor":[62,59,59,48,50,53,53,32,32,16,0,0],"gold":223,"neow_bonus":"RANDOM_COMMON_RELIC","is_daily":false,"chose_seed":false,"campfire_upgraded":1,"win_rate":0.0,"timestamp":1613066894,"path_taken":["M","M","$","?","M","M","R","M","T","M","E"],"items_purchased_type":[],"build_version":"2020-12-22","purchased_purges":1,"victory":false,"max_hp_per_floor":[75,75,75,75,75,75,75,75,75,75,75,75],"card_choices":[{"not_picked":["Headbutt","Thunderclap"],"picked":"Second Wind","floor":1},{"not_picked":["Flex","Warcry"],"picked":"Evolve","floor":2},{"not_picked":["Searing Blow","Pummel","Iron Wave"],"picked":"SKIP","floor":5},{"not_picked":["Clash","Rampage","Iron Wave"],"picked":"SKIP","floor":6},{"not_picked":["Spot Weakness","Sentinel"],"picked":"Shrug It Off","floor":8},{"not_picked":["Spot Weakness","Entrench"],"picked":"Pommel Strike","floor":10}],"player_experience":714528,"relics_obtained":[{"floor":9,"key":"Potion Belt"}],"event_choices":[{"damage_healed":0,"gold_gain":75,"player_choice":"Gather Gold","damage_taken":11,"max_hp_gain":0,"max_hp_loss":0,"event_name":"World of Goop","floor":4,"gold_loss":0}],"is_beta":false,"boss_relics":[],"items_purged_floors":[3],"is_endless":false,"potions_floor_spawned":[1,2,6,8],"killed_by":"Lagavulin","ascension_level":20}}