{"host":"kh91mfnoze99ny0y","time":1613022548,"event":{"mods":["Act Like it!","BaseMod","Downfall","Gensokyo","KinomotoSakuraMod(Ä¾Ö®±¾Ó£)","Minty Spire (QoL Compilation)","StSLib","The Bug Knight","The Cursed"],"gold_per_floor":[113,38,38,138,149,183,196,209,209,225,225,74,108,128,128,224,224,239,15,15,27,27,59,74,102,102,102,115,215,140,153,153,249,249,259,273,347,347,100,128,128,147,147,147,147,163,163,3,3,3],"floor_reached":51,"language":"ZHS","playtime":7271,"items_purged":["HollowMod:DescendingDark","HollowMod:NailStrikeStart"],"score":725,"play_id":"5fef86bb-7a97-4076-89d6-17d882f67956","local_time":"20210211134908","is_ascension_mode":false,"campfire_choices":[{"data":"HollowMod:MantisMark","floor":11,"key":"SMITH"},{"data":"HollowMod:HeavyBlow","floor":15,"key":"SMITH"},{"data":"RitualDagger","floor":32,"key":"SMITH"},{"data":"hexamod:TimeOfNeed","floor":41,"key":"SMITH"},{"data":"HollowMod:CloakDash","floor":44,"key":"SMITH"},{"data":"Madness","floor":49,"key":"SMITH"}],"circlet_count":0,"master_deck":["HollowMod:NailStrikeStart+1","HollowMod:FocusHealStart","HollowMod:PogoStrike","HollowMod:HeavyBlow+1","HollowMod:SharpenedNail","HollowMod:SoulSplash","HollowMod:HuntersJournal","HollowMod:MantisMark+1","HollowMod:CloakDash+1","ClowCardTheDash","Gensokyo:BrilliantDragonBullet+1","HollowMod:GrimmsGift+1","RitualDagger+1","hexamod:TimeOfNeed+1","HollowMod:HuntersJournal+1","HollowMod:VengefulSpirit+1","HollowMod:CoiledNail+1","Madness","Madness+1","HollowMod:AwokenDreamNail"],"relics":["HollowMod:VesselMask","HollowMod:QueensCombRelic","White Beast Statue","PrismaticShard","Singing Bowl","Coffee Dripper","Sling","Tiny Chest","Ancient Tea Set","Whetstone","TungstenRod","Shuriken","Astrolabe","HollowMod:StagPassRelic","Orichalcum","Pen Nib","Blue Candle","Mercury Hourglass"],"acts_visited":["Exordium","TheCity","TheBeyond"],"potions_floor_usage":[10,13,13,16,16,21,23,25,25,28,28,29,29,29,33,33,42,46,50,50],"damage_taken":[{"damage":0.0,"enemies":"Small Slimes","floor":1.0,"turns":3.0},{"damage":5.0,"enemies":"2 Louse","floor":5.0,"turns":3.0},{"damage":34,"enemies":"Lagavulin","floor":6,"turns":6},{"damage":0,"enemies":"Cultist","floor":7,"turns":2},{"damage":0,"enemies":"Blue Slaver","floor":8,"turns":3},{"damage":2,"enemies":"3 Louse","floor":10,"turns":2},{"damage":5,"enemies":"3 Sentries","floor":13,"turns":4},{"damage":7,"enemies":"Large Slime","floor":14,"turns":3},{"damage":0,"enemies":"Slime Boss","floor":16,"turns":4},{"damage":0,"enemies":"Chosen","floor":18,"turns":3},{"damage":24,"enemies":"HollowMod:HuskSentry","floor":21,"turns":5},{"damage":23,"enemies":"Gremlin Leader","floor":23,"turns":4},{"damage":10,"enemies":"Chosen and Byrds","floor":24,"turns":4},{"damage":17,"enemies":"Slavers","floor":25,"turns":2},{"damage":6,"enemies":"Centurion and Healer","floor":28,"turns":2},{"damage":11,"enemies":"Colosseum Slavers","floor":29,"turns":3},{"damage":6,"enemies":"Colosseum Nobs","floor":29,"turns":4},{"damage":13,"enemies":"Snake Plant","floor":31,"turns":2},{"damage":4,"enemies":"Automaton","floor":33,"turns":3},{"damage":3,"enemies":"3 Shapes","floor":35,"turns":2},{"damage":0,"enemies":"Orb Walker","floor":36,"turns":1},{"damage":16,"enemies":"Reptomancer","floor":40,"turns":3},{"damage":13,"enemies":"HollowMod:SlobberingHusk","floor":42,"turns":4},{"damage":0,"enemies":"3 Darklings","floor":46,"turns":2},{"damage":20,"enemies":"Time Eater","floor":50,"turns":5}],"seed_played":"-2470106875237024686","potions_obtained":[{"floor":1.0,"key":"Strength Potion"},{"floor":8,"key":"Block Potion"},{"floor":10,"key":"Fire Potion"},{"floor":13,"key":"LiquidMemories"},{"floor":14,"key":"DistilledChaos"},{"floor":16,"key":"SkillPotion"},{"floor":18,"key":"SmokeBomb"},{"floor":21,"key":"Fire Potion"},{"floor":23,"key":"SteroidPotion"},{"floor":24,"key":"LiquidBronze"},{"floor":25,"key":"EntropicBrew"},{"floor":28,"key":"FearPotion"},{"floor":29,"key":"SteroidPotion"},{"floor":31,"key":"LiquidMemories"},{"floor":33,"key":"SkillPotion"},{"floor":35,"key":"Explosive Potion"},{"floor":36,"key":"BlessingOfTheForge"},{"floor":40,"key":"ColorlessPotion"},{"floor":42,"key":"Block Potion"},{"floor":46,"key":"SneckoOil"}],"is_trial":false,"path_per_floor":["M","?","?","?","M","E","M","M","T","M","R","$","E","M","R","B",null,"M","$","?","M","$","E","M","E","T","?","M","?","?","M","R","B",null,"M","M","T","?","$","E","R","M","T","R","?","M","T","$","R","B",null],"character_chosen":"THE_BUGKNIGHT","items_purchased":["PrismaticShard","Sling","Orichalcum","HollowMod:AwokenDreamNail"],"campfire_rested":0,"item_purchase_floors":[12,19,39,48],"current_hp_per_floor":[75,80,73,73,74,50,52,52,52,50,50,50,54,49,49,56,56,58,58,58,42,42,35,35,28,28,22,22,27,27,20,20,30,68,67,72,72,72,72,58,58,51,51,51,42,52,52,52,52,42],"gold":3,"neow_bonus":"THREE_CARDS","is_daily":false,"chose_seed":false,"campfire_upgraded":6,"win_rate":0.0,"timestamp":1613022548,"path_taken":["M","?","?","?","M","E","M","M","T","M","R","$","E","?","R","BOSS","M","$","?","M","$","E","M","E","T","?","M","?","?","M","R","BOSS","M","M","?","?","$","E","R","?","T","R","?","M","?","?","R","BOSS"],"items_purchased_type":["Relic","Relic","Relic","Card"],"build_version":"2020-12-22","purchased_purges":2,"victory":true,"max_hp_per_floor":[75,80,80,80,80,52,52,52,52,52,52,52,54,56,56,56,56,58,58,58,60,60,62,62,62,62,62,64,66,66,68,68,68,68,70,72,72,72,72,74,74,76,76,76,76,78,78,78,78,78],"card_choices":[{"not_picked":["HollowMod:NewJinnsSoul","HollowMod:SoulSplash"],"picked":"HollowMod:HeavyBlow","floor":0.0},{"not_picked":["HollowMod:Grubsong","HollowMod:CycloneSlash"],"picked":"HollowMod:SharpenedNail","floor":1.0},{"not_picked":["HollowMod:InfectionAssault","HollowMod:WraithStrike"],"picked":"HollowMod:SoulSplash","floor":5.0},{"not_picked":["HollowMod:SoulStrike","HollowMod:DreamGate"],"picked":"HollowMod:HuntersJournal","floor":6},{"not_picked":["HollowMod:LifebloodCocoon","HollowMod:GrimmsGift"],"picked":"HollowMod:DescendingDark","floor":7},{"not_picked":["HollowMod:LifebloodCore","HollowMod:DescendingDark"],"picked":"HollowMod:MantisMark","floor":8},{"not_picked":["HollowMod:AbyssShriek","HollowMod:FallenFury"],"picked":"HollowMod:CloakDash","floor":10},{"not_picked":["Perseverance","Consume","Guardian:Gem_White"],"picked":"Singing Bowl","floor":13},{"not_picked":["Slimebound:HauntingLick","champ:FancyFootwork","Exhume"],"picked":"Singing Bowl","floor":14},{"not_picked":["Doppelganger","Bludgeon"],"picked":"ClowCardTheDash","floor":16},{"not_picked":["ClowCardTheMist+1","Slimebound:LeechingTouch+1","Sentinel"],"picked":"Singing Bowl","floor":18},{"not_picked":["TheCursedMod:RavingStaff+1","sneckomod:UnknownClassUrban Legend","HollowMod:CornifersMapStart"],"picked":"Singing Bowl","floor":21},{"not_picked":["Warcry","HollowMod:HeavyBlow","sneckomod:IronFang+1"],"picked":"Singing Bowl","floor":23},{"not_picked":["Warcry","Swivel"],"picked":"Gensokyo:BrilliantDragonBullet+1","floor":24},{"not_picked":["Crippling Poison+1","bronze:Optimize"],"picked":"HollowMod:GrimmsGift+1","floor":25},{"not_picked":["hexamod:ThirdSeal","Guardian:VentSteam","hexamod:SwordOfDarkness+1"],"picked":"Singing Bowl","floor":28},{"not_picked":["sneckomod:UnknownClassGUARDIAN","TheCursedMod:SpitefulStrike+1","Battle Trance"],"picked":"Singing Bowl","floor":29},{"not_picked":["Poisoned Stab","Guardian:GuardianWhirl","Sentinel"],"picked":"Singing Bowl","floor":31},{"not_picked":["Exhume","Reboot"],"picked":"hexamod:TimeOfNeed","floor":33},{"not_picked":["SashWhip","champ:EnGarde","sneckomod:QuickMove"],"picked":"Singing Bowl","floor":35},{"not_picked":["Deadly Poison+1","Perfected Strike","bronze:MaxOutput"],"picked":"Singing Bowl","floor":36},{"not_picked":["FlyingSleeves+1","Tantrum","Crescendo"],"picked":"Singing Bowl","floor":40},{"not_picked":["HollowMod:DoubleDash+1","Slimebound:FinishingTackle","TheCursedMod:LuckyCharm+1"],"picked":"Singing Bowl","floor":42},{"not_picked":["sneckomod:UnlimitedRolls","HollowMod:DoubleDash+1","Leg Sweep+1"],"picked":"Singing Bowl","floor":46}],"player_experience":178615,"relics_obtained":[{"floor":6,"key":"HollowMod:QueensCombRelic"},{"floor":9,"key":"White Beast Statue"},{"floor":13,"key":"Singing Bowl"},{"floor":23,"key":"Tiny Chest"},{"floor":25,"key":"Ancient Tea Set"},{"floor":26,"key":"Whetstone"},{"floor":29,"key":"TungstenRod"},{"floor":29,"key":"Shuriken"},{"floor":37,"key":"HollowMod:StagPassRelic"},{"floor":40,"key":"Pen Nib"},{"floor":43,"key":"Blue Candle"},{"floor":47,"key":"Mercury Hourglass"}],"event_choices":[{"cards_removed":["HollowMod:QuickDashStart"],"damage_healed":0.0,"max_hp_gain":0.0,"max_hp_loss":0.0,"gold_gain":0.0,"event_name":"Golden Wing","player_choice":"Card Removal","floor":3.0,"gold_loss":0.0,"damage_taken":7.0},{"damage_healed":0.0,"max_hp_gain":0.0,"max_hp_loss":0.0,"gold_gain":100.0,"event_name":"Golden Shrine","player_choice":"Pray","floor":4.0,"gold_loss":0.0,"damage_taken":0.0},{"damage_healed":0,"gold_gain":0,"cards_transformed":["HollowMod:NailStrikeStart","HollowMod:QuickDashStart"],"player_choice":"Became Test Subject","damage_taken":0,"max_hp_gain":0,"max_hp_loss":0,"event_name":"Drug Dealer","floor":20,"gold_loss":0,"cards_obtained":["HollowMod:WraithStrike","HollowMod:MidwifesHunger"]},{"damage_healed":0,"gold_gain":0,"player_choice":"Joined the Cult","damage_taken":6,"max_hp_gain":0,"max_hp_loss":0,"event_name":"Nest","floor":27,"gold_loss":0,"cards_obtained":["RitualDagger"]},{"damage_healed":0,"gold_gain":0,"player_choice":"Fight","damage_taken":0,"max_hp_gain":0,"max_hp_loss":0,"event_name":"Colosseum","floor":29,"gold_loss":0},{"damage_healed":0,"gold_gain":0,"player_choice":"Fought Nobs","damage_taken":0,"max_hp_gain":0,"max_hp_loss":0,"event_name":"Colosseum","floor":29,"gold_loss":0},{"cards_removed":["HollowMod:MidwifesHunger"],"damage_healed":0,"gold_gain":0,"player_choice":"Gave Gold","damage_taken":0,"max_hp_gain":0,"max_hp_loss":0,"event_name":"Beggar","floor":30,"gold_loss":75},{"cards_removed":["HollowMod:QuickDashStart"],"damage_healed":0,"gold_gain":0,"player_choice":"Purged","damage_taken":0,"max_hp_gain":0,"max_hp_loss":0,"event_name":"Purifier","floor":38,"gold_loss":0},{"damage_healed":0,"gold_gain":0,"player_choice":"Embrace Madness","damage_taken":10,"max_hp_gain":0,"max_hp_loss":0,"event_name":"Winding Halls","floor":45,"gold_loss":0,"cards_obtained":["Madness","Madness"]}],"is_beta":false,"boss_relics":[{"not_picked":["Cursed Key","Empty Cage"],"picked":"Coffee Dripper"},{"not_picked":["HollowMod:VoidIdolRelic","Velvet Choker"],"picked":"Astrolabe"}],"items_purged_floors":[19,39],"is_endless":false,"potions_floor_spawned":[1,8,10,13,14,16,18,21,23,24,25,28,29,29,31,33,35,36,40,42,46],"ascension_level":0}}