{"host":"mnpd8gh7cwxsn5kh","time":1613061178,"event":{"mods":["BaseMod","Bestiary","Block Reminder","Colored Map","Colored Powertips","Highlight Path","Minty Spire (QoL Compilation)","Relic Sorter","Relic Stats"],"gold_per_floor":[12,31,31,42,60,60,90,90,90,90,100,100,134,151,151,224,224,244,169,187,207,207,533,132,132,132,147,181,196,196,216,216,216,216],"floor_reached":33,"language":"ENG","playtime":3009,"items_purged":["Strike_G","Strike_G"],"score":508,"play_id":"c930f484-8f6f-4f61-9b4b-c39e98d397e8","local_time":"20210211173258","is_ascension_mode":true,"campfire_choices":[{"data":"Skewer","floor":6,"key":"SMITH"},{"data":"All Out Attack","floor":10,"key":"SMITH"},{"data":"Predator","floor":12,"key":"SMITH"},{"data":"Neutralize","floor":15,"key":"SMITH"},{"data":"Wraith Form v2","floor":25,"key":"SMITH"},{"floor":30,"key":"REST"},{"data":"Footwork","floor":32,"key":"SMITH"}],"circlet_count":0,"master_deck":["AscendersBane","Strike_G","Strike_G","Strike_G","Defend_G","Defend_G","Defend_G","Defend_G","Defend_G","Survivor","Neutralize+1","Dagger Throw","Skewer+1","Predator+1","Crippling Poison","All Out Attack+1","Blade Dance","PiercingWail","All Out Attack","Wraith Form v2+1","Bouncing Flask+1","Acrobatics","Masterful Stab","Blur","Cloak And Dagger","Footwork+1","Calculated Gamble"],"relics":["Ring of the Snake","Ice Cream","HornCleat","Sundial","Pear","Toy Ornithopter","HoveringKite","Old Coin","Membership Card","White Beast Statue","Blue Candle","Regal Pillow"],"acts_visited":["Exordium","TheCity"],"potions_floor_usage":[5,13,13,13,16,18,23,27,28,29,31,33],"damage_taken":[{"damage":1,"enemies":"Cultist","floor":1,"turns":5},{"damage":6,"enemies":"Jaw Worm","floor":2,"turns":7},{"damage":0,"enemies":"Small Slimes","floor":4,"turns":3},{"damage":8,"enemies":"Exordium Thugs","floor":5,"turns":5},{"damage":17,"enemies":"3 Sentries","floor":7,"turns":9},{"damage":0,"enemies":"2 Fungi Beasts","floor":11,"turns":4},{"damage":9,"enemies":"Lagavulin","floor":13,"turns":6},{"damage":7,"enemies":"Gremlin Gang","floor":14,"turns":3},{"damage":8,"enemies":"Hexaghost","floor":16,"turns":10},{"damage":0,"enemies":"Spheric Guardian","floor":18,"turns":3},{"damage":2,"enemies":"Shell Parasite","floor":20,"turns":6},{"damage":19,"enemies":"Sentry and Sphere","floor":21,"turns":4},{"damage":48,"enemies":"Book of Stabbing","floor":23,"turns":7},{"damage":2,"enemies":"Shelled Parasite and Fungi","floor":27,"turns":6},{"damage":14,"enemies":"Gremlin Leader","floor":28,"turns":6},{"damage":0,"enemies":"Centurion and Healer","floor":29,"turns":5},{"damage":14,"enemies":"3 Cultists","floor":31,"turns":5},{"damage":111,"enemies":"Collector","floor":33,"turns":14}],"seed_played":"5025142708534136731","potions_obtained":[{"floor":2,"key":"CunningPotion"},{"floor":7,"key":"Energy Potion"},{"floor":8,"key":"EntropicBrew"},{"floor":8,"key":"CunningPotion"},{"floor":11,"key":"Regen Potion"},{"floor":13,"key":"SteroidPotion"},{"floor":16,"key":"PowerPotion"},{"floor":20,"key":"Regen Potion"},{"floor":27,"key":"GamblersBrew"},{"floor":28,"key":"FairyPotion"},{"floor":29,"key":"ColorlessPotion"},{"floor":31,"key":"Dexterity Potion"}],"is_trial":false,"path_per_floor":["M","M","?","M","M","R","E","?","T","R","M","R","E","M","R","B",null,"M","$","M","M","?","E","$","R","T","M","E","M","R","M","R","B"],"character_chosen":"THE_SILENT","items_purchased":["Membership Card","Regen Potion","White Beast Statue","Blur"],"campfire_rested":1,"item_purchase_floors":[24,24,24,24],"current_hp_per_floor":[58,52,49,49,41,41,24,24,34,34,34,34,40,33,33,30,65,70,70,68,49,42,14,14,14,14,32,23,28,65,56,56,0,0],"gold":216,"neow_bonus":"ONE_RARE_RELIC","is_daily":false,"chose_seed":false,"campfire_upgraded":6,"win_rate":0.0,"timestamp":1613061178,"path_taken":["M","?","?","M","M","R","E","?","T","R","M","R","E","?","R","BOSS","M","$","M","M","?","E","$","R","T","?","E","M","R","M","R","BOSS"],"items_purchased_type":["Relic","Potion","Relic","Card"],"build_version":"2020-12-22","purchased_purges":2,"victory":false,"max_hp_per_floor":[66,66,66,66,66,66,66,66,76,76,76,76,76,76,76,76,76,76,76,76,76,76,76,76,76,76,76,76,76,76,76,76,76,76],"relic_stats":{"Regal Pillow":15,"counters":[18,108],"Sundial":[10],"Blue Candle":[0],"HoveringKite":[34],"obtain_stats":[{"Ice Cream":0,"Regal Pillow":28,"HornCleat":3,"Pear":9,"Sundial":7,"Blue Candle":26,"HoveringKite":17,"Membership Card":24,"Toy Ornithopter":13,"White Beast Statue":24,"Ring of the Snake":0,"Old Coin":23},{"Ice Cream":0,"Regal Pillow":15,"HornCleat":2,"Pear":5,"Sundial":5,"Blue Candle":13,"HoveringKite":9,"Membership Card":13,"Toy Ornithopter":7,"White Beast Statue":13,"Ring of the Snake":0,"Old Coin":13},{"Ice Cream":0,"Regal Pillow":84,"HornCleat":12,"Pear":29,"Sundial":29,"Blue Candle":72,"HoveringKite":52,"Membership Card":72,"Toy Ornithopter":39,"White Beast Statue":72,"Ring of the Snake":0,"Old Coin":72}],"Toy Ornithopter":40,"Ring of the Snake":[36]},"card_choices":[{"not_picked":["Bane","Calculated Gamble"],"picked":"Dagger Throw","floor":1},{"not_picked":["Backflip","Riddle With Holes"],"picked":"Skewer","floor":2},{"not_picked":["Prepared","Tactician"],"picked":"Predator","floor":4},{"not_picked":["Backflip","Sucker Punch"],"picked":"Crippling Poison","floor":5},{"not_picked":["Accuracy","Flying Knee"],"picked":"All Out Attack","floor":7},{"not_picked":["Finisher","Bane"],"picked":"Blade Dance","floor":11},{"not_picked":["Predator","Dagger Spray"],"picked":"PiercingWail","floor":13},{"not_picked":["Slice","Flying Knee"],"picked":"All Out Attack","floor":14},{"not_picked":["Night Terror","Envenom"],"picked":"Wraith Form v2","floor":16},{"not_picked":["Poisoned Stab","Distraction","Crippling Poison"],"picked":"SKIP","floor":18},{"not_picked":["Backflip","Bane"],"picked":"Bouncing Flask+1","floor":20},{"not_picked":["Flechettes","Distraction+1"],"picked":"Acrobatics","floor":21},{"not_picked":["Quick Slash","Bane"],"picked":"Masterful Stab","floor":23},{"not_picked":["All Out Attack","Riddle With Holes"],"picked":"Cloak And Dagger","floor":27},{"not_picked":["Quick Slash","Distraction"],"picked":"Footwork","floor":28},{"not_picked":["Dagger Throw","Deflect+1"],"picked":"Calculated Gamble","floor":29},{"not_picked":["Poisoned Stab","Slice","Riddle With Holes"],"picked":"SKIP","floor":31}],"player_experience":455629,"relics_obtained":[{"floor":7,"key":"Sundial"},{"floor":9,"key":"Pear"},{"floor":13,"key":"Toy Ornithopter"},{"floor":23,"key":"Old Coin"},{"floor":26,"key":"Blue Candle"},{"floor":28,"key":"Regal Pillow"}],"event_choices":[{"damage_healed":0,"gold_gain":0,"player_choice":"Success","damage_taken":3,"relics_obtained":["HornCleat"],"max_hp_gain":0,"max_hp_loss":0,"event_name":"Scrap Ooze","floor":3,"gold_loss":0},{"damage_healed":0,"gold_gain":0,"player_choice":"Got Potions","damage_taken":0,"max_hp_gain":0,"max_hp_loss":0,"event_name":"Lab","floor":8,"gold_loss":0},{"damage_healed":0,"gold_gain":0,"player_choice":"Damaged","damage_taken":7,"max_hp_gain":0,"max_hp_loss":0,"event_name":"Wheel of Change","floor":22,"gold_loss":0}],"is_beta":false,"boss_relics":[{"not_picked":["Ectoplasm","Astrolabe"],"picked":"HoveringKite"}],"items_purged_floors":[19,24],"is_endless":false,"potions_floor_spawned":[2,7,11,13,16,20,27,28,29,31],"killed_by":"Collector","ascension_level":14}}