{"host":"ukjwj1o6mndqsml6","time":1613079356,"event":{"mods":["Aspiration","BaseMod","Better Third Choice","Colored Powertips","GifTheSpireLib","Hubris","Infinite Spire","Minty Spire (QoL Compilation)","Reliquary","Shade Mod","StSLib"],"gold_per_floor":[116,133,133,83,99,113,125,125,193,226,6,24,50,68,68,168,168,179,190,115,115,126,126,126,126,208,208,208,225,242,261,261,363,363,375,390,92,92,111,111,129,129,129,129,179,179,179],"floor_reached":46,"language":"ENG","playtime":2763,"items_purged":["Shade:Strike_Shade"],"score":434,"play_id":"9bf7e906-e57c-45b2-942a-e732267107f2","local_time":"20210211223556","is_ascension_mode":false,"campfire_choices":[{"data":"Shade:FreshBones","floor":15,"key":"SMITH"},{"floor":23,"key":"REST"},{"data":"Shade:LichForm","floor":25,"key":"SMITH"},{"data":"RitualDagger","floor":28,"key":"SMITH"},{"data":"Shade:CommandSoldier","floor":32,"key":"SMITH"},{"floor":40,"key":"REST"},{"data":"Shade:Coordination","floor":44,"key":"SMITH"}],"circlet_count":0,"master_deck":["Shade:Strike_Shade","Shade:Strike_Shade","Shade:Defend_Shade","Shade:Defend_Shade","Shade:Defend_Shade","Shade:AnimateDead","Shade:CarefulCut","Shade:Bonestorm","Shade:GraveStillness","Shade:FingerOfDeath+1","Shade:Frenzy","Shade:AncientSpear","Shade:FreshBones+1","Shade:LichForm+1","Shade:OpenGraves+1","RitualDagger+1","Shade:CommandSoldier+1","Shade:CloudOfShrapnel","Shade:LichForm","Shade:PoundOfFlesh+1","Shade:FreshBones","Shade:Coordination+1","Panacea"],"relics":["Shade:YorickSkull","reliquary:Stiletto","Centennial Puzzle","Sling","reliquary:PorcupineQuills","reliquary:RedCape","Nloth\u0027s Gift","Darkstone Periapt","infinitespire:BottledMercury","Black Star","ClockworkSouvenir","Toy Ornithopter","hubris:Towel","aspiration:StickyExplosives_weak","Bird Faced Urn"],"acts_visited":["Exordium","TheCity","TheBeyond"],"potions_floor_usage":[16,19,33,41,46,46],"damage_taken":[{"damage":0,"enemies":"2 Louse","floor":1,"turns":2},{"damage":0,"enemies":"Cultist","floor":2,"turns":3},{"damage":0,"enemies":"Small Slimes","floor":5,"turns":2},{"damage":2,"enemies":"Looter","floor":6,"turns":3},{"damage":0,"enemies":"Gremlin Gang","floor":7,"turns":3},{"damage":9,"enemies":"3 Sentries","floor":10,"turns":6},{"damage":0,"enemies":"Red Slaver","floor":12,"turns":2},{"damage":10,"enemies":"Gremlin Nob","floor":13,"turns":3},{"damage":0,"enemies":"Looter","floor":14,"turns":3},{"damage":20,"enemies":"The Guardian","floor":16,"turns":8},{"damage":0,"enemies":"Spheric Guardian","floor":18,"turns":2},{"damage":10,"enemies":"2 Thieves","floor":19,"turns":3},{"damage":7,"enemies":"3 Cultists","floor":22,"turns":4},{"damage":0,"enemies":"Chosen and Byrds","floor":29,"turns":4},{"damage":0,"enemies":"Sentry and Sphere","floor":30,"turns":3},{"damage":14,"enemies":"Snake Plant","floor":31,"turns":3},{"damage":6,"enemies":"Automaton","floor":33,"turns":6},{"damage":12,"enemies":"Orb Walker","floor":35,"turns":4},{"damage":19,"enemies":"3 Shapes","floor":36,"turns":5},{"damage":13,"enemies":"Maw","floor":39,"turns":7},{"damage":12,"enemies":"4 Shapes","floor":41,"turns":4},{"damage":19,"enemies":"Mind Bloom Boss Battle","floor":45,"turns":4},{"damage":20,"enemies":"infinitespire:Three Voidlings","floor":46,"turns":3},{"damage":44,"enemies":"Nightmare_Alpha","floor":46,"turns":6}],"seed_played":"8828557533615151042","potions_obtained":[{"floor":2,"key":"LiquidBronze"},{"floor":6,"key":"Ancient Potion"},{"floor":10,"key":"LiquidBronze"},{"floor":14,"key":"Weak Potion"},{"floor":16,"key":"Strength Potion"},{"floor":19,"key":"Strength Potion"},{"floor":31,"key":"Swift Potion"},{"floor":33,"key":"Weak Potion"},{"floor":35,"key":"AttackPotion"},{"floor":36,"key":"Regen Potion"}],"is_trial":false,"path_per_floor":["M","M","?","?","M","M","M","?","T","E","$","M","E","M","R","B",null,"M","M","?","?","M","R","?","R","T","AVR","R","M","M","M","R","B",null,"M","M","$","?","M","R","M","?","T","R","?","?"],"character_chosen":"SHADE","items_purchased":["Sling","ClockworkSouvenir","Toy Ornithopter"],"campfire_rested":2,"item_purchase_floors":[11,37,37],"current_hp_per_floor":[71,71,71,71,71,69,69,69,69,60,60,60,50,50,50,30,71,71,61,61,55,48,69,69,69,69,69,69,69,69,55,55,49,71,59,40,40,40,27,48,53,53,53,53,34,0,0],"gold":179,"neow_bonus":"TEN_PERCENT_HP_BONUS","is_daily":false,"chose_seed":false,"campfire_upgraded":5,"win_rate":0.0,"timestamp":1613079356,"path_taken":["M","M","?","?","M","M","M","?","T","E","$","?","E","M","R","BOSS","M","M","?","?","M","R","?","R","T","AVR","R","M","?","?","R","BOSS","M","M","$","?","M","R","M","?","T","R","?","?"],"items_purchased_type":["Relic","Relic","Relic"],"build_version":"2020-12-22","purchased_purges":1,"victory":false,"max_hp_per_floor":[71,71,71,71,71,71,71,71,71,71,71,71,71,71,71,71,71,71,71,71,71,71,71,71,71,71,71,71,71,71,71,71,71,71,71,71,71,71,71,71,71,71,71,71,71,71,71],"card_choices":[{"not_picked":["Shade:FleshOffering","Shade:GraveStillness"],"picked":"Shade:Bonestorm","floor":1},{"not_picked":["Shade:SpectralStrikes","Shade:LyeBath"],"picked":"Shade:GraveStillness","floor":2},{"not_picked":["Shade:PoundOfFlesh","Shade:SkeletonHug"],"picked":"Shade:FingerOfDeath","floor":5},{"not_picked":["Shade:FleshLikeOak","Shade:Trample"],"picked":"Shade:Frenzy","floor":6},{"not_picked":["Shade:SanguineRitual","Shade:SpectralStrikes","Shade:GraveStillness"],"picked":"SKIP","floor":7},{"not_picked":["Shade:Haruspicy","Shade:RavenousHorde"],"picked":"Shade:AncientSpear","floor":10},{"not_picked":["Shade:FleshToFlesh","Shade:Frenzy","Shade:SelfBurial"],"picked":"SKIP","floor":12},{"not_picked":["Shade:SkeletonHug","Shade:CloudOfShrapnel"],"picked":"Shade:FreshBones","floor":13},{"not_picked":["Shade:Premonition","Shade:ExtraLimbs","Shade:FuneraryArmor"],"picked":"SKIP","floor":14},{"not_picked":["Shade:SelfBurial","Shade:Putrefaction"],"picked":"Shade:LichForm","floor":16},{"not_picked":["Shade:ExtraLimbs","Shade:ClawBack","Shade:CoffinDance"],"picked":"SKIP","floor":18},{"not_picked":["Shade:Frenzy+1","Shade:CommandSoldier"],"picked":"Shade:OpenGraves+1","floor":19},{"not_picked":["Shade:BoneShards","Shade:FingerOfDeath","Shade:ClawBack"],"picked":"SKIP","floor":22},{"not_picked":["Shade:Consume","Shade:RitualOffering"],"picked":"Shade:CommandSoldier","floor":29},{"not_picked":["Shade:Frenzy","Shade:BoneShards","Shade:Haruspicy+1"],"picked":"SKIP","floor":30},{"not_picked":["Shade:CoffinDance","Shade:CommandSoldier"],"picked":"Shade:CloudOfShrapnel","floor":31},{"not_picked":["Shade:MadHubris","Shade:SoulPierce"],"picked":"Shade:LichForm","floor":33},{"not_picked":["Shade:CallWraith","Shade:Awaken"],"picked":"Shade:PoundOfFlesh+1","floor":35},{"not_picked":["Shade:SpectralStrikes+1","Shade:TouchOfTheGrave"],"picked":"Shade:FreshBones","floor":36},{"not_picked":["Shade:Bite_Shade+1","Shade:PoundOfFlesh+1","Shade:RitualOffering+1"],"picked":"SKIP","floor":39},{"not_picked":["Shade:SkeletonArmy","Shade:TouchOfTheGrave"],"picked":"Shade:Coordination","floor":41},{"not_picked":["Bandage Up","Discovery"],"picked":"Panacea","floor":42}],"player_experience":97525,"relics_obtained":[{"floor":3,"key":"reliquary:Stiletto"},{"floor":9,"key":"Kunai"},{"floor":10,"key":"Centennial Puzzle"},{"floor":13,"key":"reliquary:PorcupineQuills"},{"floor":26,"key":"Darkstone Periapt"},{"floor":43,"key":"aspiration:StickyExplosives_weak"},{"floor":45,"key":"Bird Faced Urn"}],"event_choices":[{"cards_removed":["Shade:Defend_Shade"],"damage_healed":0,"gold_gain":0,"player_choice":"Card Removal","damage_taken":0,"max_hp_gain":0,"max_hp_loss":0,"event_name":"The Cleric","floor":4,"gold_loss":50},{"damage_healed":0,"gold_gain":0,"player_choice":"Upgraded","damage_taken":0,"max_hp_gain":0,"max_hp_loss":0,"event_name":"Upgrade Shrine","floor":8,"gold_loss":0,"cards_upgraded":["Shade:FingerOfDeath"]},{"cards_removed":["Shade:Strike_Shade"],"damage_healed":0,"gold_gain":0,"player_choice":"Gave Gold","damage_taken":0,"max_hp_gain":0,"max_hp_loss":0,"event_name":"Beggar","floor":20,"gold_loss":75},{"damage_healed":0,"gold_gain":0,"player_choice":"Dagger","damage_taken":6,"max_hp_gain":0,"max_hp_loss":0,"event_name":"betterThird:BetterNest","floor":21,"gold_loss":0,"cards_obtained":["RitualDagger"]},{"damage_healed":0,"gold_gain":0,"player_choice":"Traded Relic","damage_taken":0,"relics_obtained":["Nloth\u0027s Gift"],"max_hp_gain":0,"max_hp_loss":0,"event_name":"N\u0027loth","floor":24,"relics_lost":["Kunai"],"gold_loss":0},{"damage_healed":0,"gold_gain":0,"player_choice":"Memory 1","damage_taken":0,"max_hp_gain":0,"max_hp_loss":0,"event_name":"SensoryStone","floor":42,"gold_loss":0},{"damage_healed":0,"gold_gain":0,"player_choice":"Fight","damage_taken":0,"max_hp_gain":0,"max_hp_loss":0,"event_name":"MindBloom","floor":45,"gold_loss":0}],"is_beta":false,"boss_relics":[{"not_picked":["Philosopher\u0027s Stone","reliquary:WritOfMandamus"],"picked":"reliquary:RedCape"},{"not_picked":["aspiration:IroncladSkillbook","reliquary:Craggleroot"],"picked":"Black Star"}],"items_purged_floors":[11],"is_endless":false,"potions_floor_spawned":[2,6,10,14,16,19,31,33,35,36,39,46],"killed_by":"Nightmare_Alpha","ascension_level":0}}