{"host":"cnq91ghfhf6lz0gv","time":1613009507,"event":{"mods":["BaseMod","Clockwork Mod","Colored Map","Colored Powertips","Conspire","Downfall","Googly Eyes","Highlight Path","Minty Spire (QoL Compilation)","Replay The Spire","StSLib","SuperFastMode","The IronCluck","The Showman","slay the spire mod where everything is the same but ironclad has a cowboy hat"],"gold_per_floor":[112,131,131,149,149,149,184,184,266,301,301,226,243,258,258,356,406,418,517,517,517,113,113,123,123,123,141,141,141,141,104,104,206,206,225,225,243,257,273,304,304,338,419,434,445,479,493,512,512,512,512],"floor_reached":50,"language":"ENG","playtime":2413,"items_purged":["Amnesia","downfall:Bewildered"],"score":706,"play_id":"e89037f7-1f9c-484e-9119-1b448369109f","local_time":"20210210211147","is_ascension_mode":true,"campfire_choices":[{"data":"ReplayTheSpireMod:Corrosion Curse","floor":6.0,"key":"SMITH"},{"data":"Rage","floor":8.0,"key":"SMITH"},{"floor":15.0,"key":"REST"},{"data":"Immolate","floor":23.0,"key":"SMITH"},{"data":"Inflame","floor":25.0,"key":"SMITH"},{"data":"Ghostly Armor","floor":28.0,"key":"SMITH"},{"floor":32.0,"key":"REST"},{"data":"Inflame","floor":41,"key":"SMITH"},{"floor":49,"key":"RECALL"}],"circlet_count":0,"master_deck":["Run Through","Pommel Strike","ReplayTheSpireMod:Corrosion Curse+1","Rage+1","Inflame+1","Immolate+1","conspire:Purge","Ghostly Armor+1","Inflame+1","Pommel Strike+1","Metallicize+1","Flame Barrier","Shockwave+1","Metallicize"],"relics":["Burning Blood","Dream Catcher","Quantum Egg","Pen Nib","Ring of Hypnosis","Ring of Peace","Tiny House","sneckomod:BabySnecko","Replay:Baseball","OrangePellets","Bag of Preparation","Thread and Needle","conspire:Flyswatter","Ooze Armor","PreservedInsect","Dead Branch","Replay:Rubber Ducky"],"acts_visited":["Exordium","TheCity","TheBeyond"],"potions_floor_usage":[46,46,50,50,50],"damage_taken":[{"damage":7.0,"enemies":"Small Slimes","floor":1.0,"turns":4.0},{"damage":14.0,"enemies":"2 Louse","floor":2.0,"turns":4.0},{"damage":1.0,"enemies":"Cultist","floor":4.0,"turns":3.0},{"damage":50.0,"enemies":"3 Sentries","floor":7.0,"turns":10.0},{"damage":27.0,"enemies":"Gremlin Nob","floor":10.0,"turns":4.0},{"damage":0.0,"enemies":"Large Slime","floor":13.0,"turns":5.0},{"damage":8.0,"enemies":"Exordium Thugs","floor":14.0,"turns":6.0},{"damage":24.0,"enemies":"The Guardian","floor":16.0,"turns":11.0},{"damage":18.0,"enemies":"Chosen","floor":18.0,"turns":5.0},{"damage":25.0,"enemies":"2 Thieves","floor":24.0,"turns":4.0},{"damage":25.0,"enemies":"Snecko","floor":27.0,"turns":6.0},{"damage":40.0,"enemies":"Automaton","floor":33.0,"turns":11.0},{"damage":0.0,"enemies":"Orb Walker","floor":35.0,"turns":3.0},{"damage":0.0,"enemies":"3 Shapes","floor":37.0,"turns":5.0},{"damage":11.0,"enemies":"Maw","floor":38.0,"turns":7.0},{"damage":0,"enemies":"Transient","floor":39,"turns":5},{"damage":0,"enemies":"R_Hoarder","floor":40,"turns":7},{"damage":26,"enemies":"Nemesis","floor":42,"turns":7},{"damage":0,"enemies":"Sphere and 2 Shapes","floor":44,"turns":3},{"damage":10,"enemies":"3 Darklings","floor":45,"turns":3},{"damage":34,"enemies":"Giant Head","floor":46,"turns":6},{"damage":0,"enemies":"Maw","floor":47,"turns":7},{"damage":0,"enemies":"Transient","floor":48,"turns":5},{"damage":55,"enemies":"Awakened One","floor":50,"turns":15}],"seed_played":"7233545666290170034","potions_obtained":[{"floor":2.0,"key":"EntropicBrew"},{"floor":7.0,"key":"CultistPotion"},{"floor":10.0,"key":"PowerPotion"},{"floor":17.0,"key":"bronze:BurnAndBuffPotion"},{"floor":18.0,"key":"AttackPotion"},{"floor":24.0,"key":"EssenceOfSteel"},{"floor":35.0,"key":"SpeedPotion"},{"floor":37.0,"key":"EntropicBrew"},{"floor":38.0,"key":"champ:CounterPotion"}],"is_trial":false,"path_per_floor":["M","M","$","M","?","R","E","R","T","E","?","$","M","M","R_BF","B",null,"M","?","?","?","$","R","M","R","T","M","R","T","?","$","R","B",null,"M","?","M","M","M","E","R","E","T","M","M","E","M","M","R","B"],"character_chosen":"IRONCLAD","items_purchased":["Replay:Baseball","OrangePellets","Inflame"],"campfire_rested":2,"item_purchase_floors":[22,22,31],"current_hp_per_floor":[79,71,71,76,76,76,32,32,32,11,11,11,17,15,39,21,85,73,73,73,73,73,73,54,54,54,35,35,35,35,35,60,26,85,85,85,85,80,85,85,85,65,65,71,67,39,45,51,51,0,0],"gold":512,"neow_bonus":"UPGRADE_CARD","is_daily":false,"chose_seed":false,"campfire_upgraded":6,"win_rate":0.0,"timestamp":1613009507,"path_taken":["M","M","$","M","?","R","E","R","T","E","?","$","M","M","R_BF","BOSS","M","?","?","?","$","R","M","R","T","M","R","?","?","?","R","BOSS","M","?","M","M","M","E","R","E","T","M","M","E","M","M","R","BOSS"],"items_purchased_type":["Relic","Relic","Card"],"build_version":"2020-12-22","purchased_purges":2,"victory":false,"max_hp_per_floor":[80,80,80,80,80,80,80,80,80,80,80,80,80,80,80,80,85,85,85,85,85,85,85,85,85,85,85,85,85,85,85,85,85,85,85,85,85,85,85,85,85,85,85,85,85,85,85,85,85,85,85],"card_choices":[{"not_picked":["Twin Strike","True Grit"],"picked":"Run Through","floor":1.0},{"not_picked":["Havoc","Warcry"],"picked":"Pommel Strike","floor":2.0},{"not_picked":["Sentinel","Heavy Blade"],"picked":"ReplayTheSpireMod:Corrosion Curse","floor":4.0},{"not_picked":["Dark Embrace","Body Slam"],"picked":"Rage","floor":7.0},{"not_picked":["Replay:Undeath\u0027s Touch","Thunderclap"],"picked":"Inflame","floor":10.0},{"not_picked":["Body Slam","Cleave","Anger"],"picked":"SKIP","floor":13.0},{"not_picked":["Clash","Warcry"],"picked":"Immolate","floor":14.0},{"not_picked":["Perfected Strike","Clothesline"],"picked":"True Grit","floor":15.0},{"not_picked":["Limit Break","Brutality"],"picked":"conspire:Purge","floor":16.0},{"not_picked":["Defy Death+1","Rampage","Wild Strike"],"picked":"SKIP","floor":18.0},{"not_picked":["Anger","ReplayReversal+1","Heavy Blade"],"picked":"SKIP","floor":24.0},{"not_picked":["Anger","ReplayReversal+1","Heavy Blade"],"picked":"SKIP","floor":24.0},{"not_picked":["Fire Breathing","Second Wind+1"],"picked":"Ghostly Armor","floor":27.0},{"not_picked":["Dual Wield","ReplayReversal+1"],"picked":"Pommel Strike+1","floor":32.0},{"not_picked":["Havoc+1","Cleave+1","Anger+1"],"picked":"SKIP","floor":35.0},{"not_picked":["Massacre+1","ReplayTheSpireMod:Strike From Hell+1"],"picked":"Metallicize+1","floor":37.0},{"not_picked":["Power Through+1","Shockwave+1"],"picked":"Flame Barrier","floor":38.0},{"not_picked":["Clothesline+1","Replay:Undeath\u0027s Touch"],"picked":"Shockwave+1","floor":39},{"not_picked":["Power Through+1","Infernal Blade","Carnage+1"],"picked":"SKIP","floor":40},{"not_picked":["Dropkick+1","Life Link","Searing Blow"],"picked":"SKIP","floor":42},{"not_picked":["Wild Strike","Fire Breathing","Ghostly Armor"],"picked":"SKIP","floor":44},{"not_picked":["True Grit","Reckless Charge+1","Warcry+1"],"picked":"SKIP","floor":45},{"not_picked":["Feel No Pain+1","Juggernaut","Flex+1"],"picked":"SKIP","floor":46},{"not_picked":["Twin Strike+1","ReplayTheSpireMod:Strike From Hell+1"],"picked":"Metallicize","floor":47},{"not_picked":["ReplayTheSpireMod:Corrosion Curse","Hemokinesis","Iron Wave"],"picked":"SKIP","floor":48}],"player_experience":227468,"relics_obtained":[{"floor":7.0,"key":"Dream Catcher"},{"floor":9.0,"key":"Quantum Egg"},{"floor":10.0,"key":"Pen Nib"},{"floor":11.0,"key":"Ring of Hypnosis"},{"floor":11.0,"key":"Ring of Peace"},{"floor":26.0,"key":"Bag of Preparation"},{"floor":29.0,"key":"Thread and Needle"},{"floor":40,"key":"PreservedInsect"},{"floor":42,"key":"Dead Branch"},{"floor":46,"key":"Replay:Rubber Ducky"}],"event_choices":[{"damage_healed":0.0,"max_hp_gain":0.0,"max_hp_loss":0.0,"gold_gain":0.0,"event_name":"Liars Game","player_choice":"Ignored","floor":5.0,"gold_loss":0.0,"damage_taken":0.0},{"damage_healed":0.0,"max_hp_gain":0.0,"max_hp_loss":0.0,"gold_gain":99.0,"event_name":"Nest","player_choice":"Stole From Cult","floor":19.0,"gold_loss":0.0,"damage_taken":0.0},{"damage_healed":0.0,"max_hp_gain":0.0,"max_hp_loss":0.0,"gold_gain":0.0,"event_name":"conspire:Investor","player_choice":"Leave","floor":21.0,"gold_loss":0.0,"damage_taken":0.0},{"damage_healed":0.0,"max_hp_gain":0.0,"max_hp_loss":0.0,"gold_gain":0.0,"event_name":"SecretPortal","player_choice":"Ignored","floor":36.0,"gold_loss":0.0,"damage_taken":0.0}],"is_beta":false,"boss_relics":[{"not_picked":["Coffee Dripper","Abe\u0027s Treasure"],"picked":"Tiny House"},{"not_picked":["Painkiller Herb","conspire:SeveredTorchhead"],"picked":"Ooze Armor"}],"items_purged_floors":[12,22],"is_endless":false,"potions_floor_spawned":[2,7,10,13,18,24,35,37,38,48],"killed_by":"Awakened One","ascension_level":3}}