{"host":"twbuyd87gsx4w7po","time":1613071530,"event":{"mods":["BaseMod","Minty Spire (QoL Compilation)","StSLib"],"gold_per_floor":[111,121,121,132,152,184,34,50,127,127,139,157,157,232,232,328,328,343,343,363,376,376,376],"floor_reached":22,"language":"ENG","playtime":1237,"items_purged":[],"score":295,"play_id":"b1e6fad6-248c-4b1a-bad8-3894df0b427c","local_time":"20210211112530","is_ascension_mode":true,"campfire_choices":[{"data":"Corruption","floor":10,"key":"SMITH"},{"data":"Bash","floor":13,"key":"SMITH"},{"data":"Clothesline","floor":15,"key":"SMITH"}],"circlet_count":0,"master_deck":["AscendersBane","Strike_R","Strike_R","Strike_R","Strike_R","Defend_R","Defend_R","Defend_R","Defend_R","Bash+1","Fire Breathing","True Grit","Intimidate","Corruption+1","Hemokinesis","Flame Barrier","Clothesline+1","Berserk","Thunderclap+1","RitualDagger","Pommel Strike","Reckless Charge"],"relics":["Burning Blood","Pocketwatch","Orichalcum","Medical Kit","Blue Candle","Philosopher\u0027s Stone"],"acts_visited":["Exordium","TheCity"],"potions_floor_usage":[5,11,12,16,20,22],"damage_taken":[{"damage":1.0,"enemies":"Cultist","floor":1.0,"turns":3.0},{"damage":0,"enemies":"Small Slimes","floor":2,"turns":5},{"damage":2,"enemies":"2 Louse","floor":4,"turns":3},{"damage":6,"enemies":"2 Fungi Beasts","floor":5,"turns":3},{"damage":20,"enemies":"3 Sentries","floor":6,"turns":5},{"damage":5,"enemies":"Blue Slaver","floor":8,"turns":5},{"damage":9,"enemies":"Large Slime","floor":11,"turns":5},{"damage":4,"enemies":"2 Fungi Beasts","floor":12,"turns":4},{"damage":30,"enemies":"Hexaghost","floor":16,"turns":9},{"damage":24,"enemies":"Spheric Guardian","floor":18,"turns":6},{"damage":12,"enemies":"Shell Parasite","floor":20,"turns":5},{"damage":24,"enemies":"Snake Plant","floor":21,"turns":3},{"damage":20,"enemies":"Shelled Parasite and Fungi","floor":22,"turns":4}],"seed_played":"-3088085549974774482","potions_obtained":[{"floor":1,"key":"AttackPotion"},{"floor":5,"key":"LiquidBronze"},{"floor":6,"key":"PowerPotion"},{"floor":11,"key":"GamblersBrew"},{"floor":12,"key":"Fruit Juice"},{"floor":16,"key":"Dexterity Potion"},{"floor":18,"key":"EssenceOfSteel"},{"floor":21,"key":"ElixirPotion"}],"is_trial":false,"path_per_floor":["M","M","?","M","M","E","$","M","T","R","M","M","R","?","R","B",null,"M","?","M","M","M"],"character_chosen":"IRONCLAD","items_purchased":["Medical Kit"],"campfire_rested":0,"item_purchase_floors":[7],"current_hp_per_floor":[72,72,65,69,69,55,55,56,56,56,53,60,60,49,49,25,64,46,40,34,16,0,0],"gold":376,"neow_bonus":"ONE_RARE_RELIC","is_daily":false,"chose_seed":false,"campfire_upgraded":3,"win_rate":0.0,"timestamp":1613071530,"path_taken":["M","M","?","M","M","E","$","M","T","R","M","M","R","?","R","BOSS","M","?","M","M","M"],"items_purchased_type":["Relic"],"build_version":"2020-12-22","purchased_purges":0,"victory":false,"max_hp_per_floor":[72,72,72,72,72,72,72,72,72,72,72,77,77,77,77,77,77,77,77,77,77,77,77],"card_choices":[{"not_picked":["Anger","Perfected Strike"],"picked":"Fire Breathing","floor":1},{"not_picked":["Blood for Blood","Burning Pact"],"picked":"True Grit","floor":2},{"not_picked":["Bloodletting","Warcry"],"picked":"Intimidate","floor":4},{"not_picked":["Flex","Dual Wield"],"picked":"Corruption","floor":5},{"not_picked":["Headbutt","Armaments","Pummel"],"picked":"SKIP","floor":6},{"not_picked":["Iron Wave","Warcry"],"picked":"Hemokinesis","floor":8},{"not_picked":["Pommel Strike","Second Wind"],"picked":"Flame Barrier","floor":11},{"not_picked":["Inflame","Sword Boomerang"],"picked":"Clothesline","floor":12},{"not_picked":["Offering","Exhume"],"picked":"Berserk","floor":16},{"not_picked":["Rupture","Armaments"],"picked":"Thunderclap+1","floor":18},{"not_picked":["Havoc","Pummel+1"],"picked":"Pommel Strike","floor":20},{"not_picked":["Ghostly Armor","Inflame"],"picked":"Reckless Charge","floor":21}],"player_experience":300775,"relics_obtained":[{"floor":6,"key":"Orichalcum"},{"floor":9,"key":"Blue Candle"}],"event_choices":[{"cards_removed":["Strike_R"],"damage_healed":0,"gold_gain":0,"player_choice":"Card Removal","damage_taken":7,"max_hp_gain":0,"max_hp_loss":0,"event_name":"Golden Wing","floor":3,"gold_loss":0},{"damage_healed":0,"gold_gain":75,"player_choice":"Gather Gold","damage_taken":11,"max_hp_gain":0,"max_hp_loss":0,"event_name":"World of Goop","floor":14,"gold_loss":0},{"damage_healed":0,"gold_gain":0,"player_choice":"Joined the Cult","damage_taken":6,"max_hp_gain":0,"max_hp_loss":0,"event_name":"Nest","floor":19,"gold_loss":0,"cards_obtained":["RitualDagger"]}],"is_beta":false,"boss_relics":[{"not_picked":["SlaversCollar","SacredBark"],"picked":"Philosopher\u0027s Stone"}],"items_purged_floors":[],"is_endless":false,"potions_floor_spawned":[1,5,6,11,12,16,18,21],"killed_by":"Shelled Parasite and Fungi","ascension_level":11}}