{"host":"1mv6gj0zv8k9e9tz","time":1613057273,"event":{"mods":["AchievementEnabler","BaseMod","Better Third Choice","Colored Map","DeckTracker","Highlight Path","KOR Keyword Fix","Keyboard Shortcuts","Minty Spire (QoL Compilation)","Permanent Neow","Quick Restart","Rare Cards Sparkle","StSLib","SuperFastMode","everything is the same but u backflip on backflip"],"gold_per_floor":[359,359,371,371,394,394,412,425,425,441,64,64,77,93,93,168,168,182,202,221,221,221],"floor_reached":21,"language":"KOR","playtime":502,"items_purged":["Strike_B"],"score":341,"play_id":"7eb66015-f922-417a-b4b3-0d9a510594b0","local_time":"20210212002753","is_ascension_mode":true,"campfire_choices":[{"data":"Dualcast","floor":6.0,"key":"SMITH"},{"data":"Defragment","floor":12.0,"key":"SMITH"},{"data":"Double Energy","floor":15.0,"key":"SMITH"}],"circlet_count":0,"master_deck":["AscendersBane","Strike_B","Strike_B","Strike_B","Defend_B","Defend_B","Defend_B","Zap","Dualcast+1","Defragment+1","Conserve Battery","Coolheaded","Ball Lightning","Ball Lightning","Chill","Double Energy+1","Self Repair","Echo Form","Seek"],"relics":["Cracked Core","Omamori","FossilizedHelix","Molten Egg 2","Coffee Dripper"],"acts_visited":["Exordium","TheCity"],"potions_floor_usage":[19,20],"damage_taken":[{"damage":1.0,"enemies":"2 Louse","floor":1.0,"turns":2.0},{"damage":4.0,"enemies":"Jaw Worm","floor":3.0,"turns":4.0},{"damage":0.0,"enemies":"Cultist","floor":7.0,"turns":3.0},{"damage":2.0,"enemies":"2 Fungi Beasts","floor":8.0,"turns":3.0},{"damage":0.0,"enemies":"Blue Slaver","floor":10.0,"turns":4.0},{"damage":0.0,"enemies":"Large Slime","floor":13.0,"turns":3.0},{"damage":6.0,"enemies":"Exordium Thugs","floor":14.0,"turns":3.0},{"damage":11.0,"enemies":"Slime Boss","floor":16.0,"turns":9.0},{"damage":13,"enemies":"Spheric Guardian","floor":18,"turns":5},{"damage":25,"enemies":"2 Thieves","floor":19,"turns":5},{"damage":14,"enemies":"Shelled Parasite and Fungi","floor":20,"turns":5},{"damage":34,"enemies":"3 Cultists","floor":21,"turns":5}],"seed_played":"-1815983574040680799","potions_obtained":[{"floor":1.0,"key":"BlessingOfTheForge"},{"floor":10.0,"key":"Weak Potion"},{"floor":13.0,"key":"PotionOfCapacity"},{"floor":16.0,"key":"Dexterity Potion"},{"floor":18,"key":"PotionOfCapacity"},{"floor":19,"key":"Weak Potion"}],"is_trial":false,"path_per_floor":["M","?","M","?","T","R","M","M","T","M","$","R","M","M","R","B",null,"M","M","M","M"],"character_chosen":"DEFECT","items_purchased":["Molten Egg 2","Chill"],"campfire_rested":0,"item_purchase_floors":[11,11],"current_hp_per_floor":[63,63,59,41,41,41,41,39,39,39,39,39,39,33,33,29,55,49,31,24,0,0],"gold":221,"neow_bonus":"TWO_FIFTY_GOLD","is_daily":false,"chose_seed":false,"campfire_upgraded":3,"win_rate":0.0,"timestamp":1613057273,"path_taken":["M","?","M","?","?","R","M","M","T","M","?","R","M","M","R","BOSS","M","?","M","M"],"items_purchased_type":["Relic","Card"],"build_version":"2020-12-22","purchased_purges":1,"victory":false,"max_hp_per_floor":[64,64,64,64,64,64,64,64,64,64,64,64,64,64,64,64,64,64,64,64,64,64],"card_choices":[{"not_picked":["Undo","Loop"],"picked":"Defragment","floor":1.0},{"not_picked":["Leap","Steam"],"picked":"Conserve Battery","floor":3.0},{"not_picked":["Steam","Auto Shields"],"picked":"Coolheaded","floor":7.0},{"not_picked":["Barrage","Cold Snap"],"picked":"Ball Lightning","floor":8.0},{"not_picked":["Conserve Battery","Streamline"],"picked":"Ball Lightning","floor":10.0},{"not_picked":["Reinforced Body","Streamline+1"],"picked":"Double Energy","floor":13.0},{"not_picked":["Steam","Gash+1"],"picked":"Self Repair","floor":14.0},{"not_picked":["Thunder Strike+1","Amplify"],"picked":"Echo Form","floor":16.0},{"not_picked":["Leap","Compile Driver+1","Barrage+1"],"picked":"SKIP","floor":18},{"not_picked":["Beam Cell+1","Gash+1","Rebound+1"],"picked":"SKIP","floor":19},{"not_picked":["Melter+1","Glacier"],"picked":"Seek","floor":20}],"player_experience":644427,"relics_obtained":[{"floor":9.0,"key":"FossilizedHelix"}],"event_choices":[{"cards_removed":["Defend_B"],"damage_healed":0.0,"max_hp_gain":0.0,"max_hp_loss":0.0,"gold_gain":0.0,"event_name":"Living Wall","player_choice":"Forget","floor":2.0,"gold_loss":0.0,"damage_taken":0.0},{"damage_healed":0.0,"max_hp_gain":0.0,"max_hp_loss":0.0,"gold_gain":0.0,"event_name":"betterThird:BetterScrap","player_choice":"Relic ","floor":4.0,"gold_loss":0.0,"damage_taken":18.0,"cards_obtained":["ForeignInfluence"]}],"is_beta":false,"boss_relics":[{"not_picked":["FrozenCore","Calling Bell"],"picked":"Coffee Dripper"}],"items_purged_floors":[11],"is_endless":false,"potions_floor_spawned":[1,10,13,16,18,19],"killed_by":"3 Cultists","ascension_level":19}}