{"host":"o5jvvi5yapo90aia","time":1613040821,"event":{"mods":["BaseMod","CapriCore","Minty Spire (QoL Compilation)","MostiFishMod","Prisma Mod","Spicy Shops","StSLib","TestMod","The Immortal","Yakumo Yukari mod","【人物mod】游戏王New YuGiOh mod","【功能Mod】Neow奖励"],"gold_per_floor":[108,108,150,189,189,239,239,275,275,310,584,641,683,707,707],"floor_reached":14,"language":"ZHS","playtime":436,"items_purged":[],"score":254,"play_id":"0423d4e7-2828-44b3-9e97-181406f41ac1","local_time":"20210211185341","is_ascension_mode":true,"campfire_choices":[{"data":"Eruption","floor":7,"key":"SMITH"}],"circlet_count":0,"master_deck":["AscendersBane","Eruption+1","Vigilance","MostiFishMod:DustFall","Wallop","Alpha","MentalFortress","Wish","Wallop","Crescendo","InnerPeace","Regret"],"relics":["DaveBox","testmod-TestBox","Pandora\u0027s Box","xbg","testmod-Charity","SynthV:TestCard","Akabeko","Tiny Chest"],"acts_visited":["Exordium"],"potions_floor_usage":[14],"damage_taken":[{"damage":0,"enemies":"2 Louse","floor":1,"turns":2},{"damage":0,"enemies":"Cultist","floor":3,"turns":4},{"damage":0,"enemies":"Small Slimes","floor":4,"turns":3},{"damage":22,"enemies":"3 Sentries","floor":6,"turns":5},{"damage":0,"enemies":"Blue Slaver","floor":8,"turns":3},{"damage":9,"enemies":"Red Slaver","floor":10,"turns":2},{"damage":7,"enemies":"Lagavulin","floor":12,"turns":5},{"damage":19,"enemies":"Gremlin Gang","floor":13,"turns":5},{"damage":29,"enemies":"3 Sentries","floor":14,"turns":5}],"seed_played":"5277247176526333435","potions_obtained":[{"floor":2,"key":"Weak Potion"},{"floor":2,"key":"SkillPotion"}],"is_trial":false,"path_per_floor":["M","?","M","M","?","E","R","M","T","M","?","E","M","E"],"character_chosen":"WATCHER","items_purchased":[],"campfire_rested":0,"item_purchase_floors":[],"current_hp_per_floor":[62,62,65,68,68,49,49,52,52,46,47,43,27,0,0],"gold":707,"neow_bonus":"BOSS_RELIC","is_daily":false,"chose_seed":false,"campfire_upgraded":1,"win_rate":0.0,"timestamp":1613040821,"path_taken":["M","?","?","M","?","E","R","M","T","?","?","E","?","E"],"items_purchased_type":[],"build_version":"2020-12-22","purchased_purges":0,"victory":false,"max_hp_per_floor":[69,69,71,73,73,75,75,77,77,79,80,82,84,85,85],"card_choices":[{"not_picked":["Consecrate","Weave","EmptyMind"],"picked":"SKIP","floor":1},{"not_picked":["MostiFishMod:FlowState","JustLucky","FlyingSleeves","Wallop"],"picked":"InnerPeace","floor":3},{"not_picked":["Nirvana","EmptyFist","CutThroughFate","Study","PathToVictory"],"picked":"SKIP","floor":4},{"not_picked":["MostiFishMod:LegendTransform","ClearTheMind","ThirdEye","FlurryOfBlows","Crescendo"],"picked":"SKIP","floor":6},{"not_picked":["Protect","JustLucky","WreathOfFlame","Fasting2","BowlingBash"],"picked":"SKIP","floor":8},{"not_picked":["EmptyBody","Conclude","MostiFishMod:Nomercy","FlurryOfBlows","SashWhip"],"picked":"SKIP","floor":10},{"not_picked":["EmptyFist","Halt","WaveOfTheHand","CrushJoints","Crescendo"],"picked":"SKIP","floor":12},{"not_picked":["EmptyFist","Prostrate","JustLucky","Indignation","Protect"],"picked":"SKIP","floor":13}],"player_experience":1521284,"relics_obtained":[{"floor":1,"key":"SynthV:TestCard"},{"floor":6,"key":"Akabeko"},{"floor":9,"key":"Tiny Chest"}],"event_choices":[{"damage_healed":0,"gold_gain":0,"player_choice":"Got Potions","damage_taken":0,"max_hp_gain":0,"max_hp_loss":0,"event_name":"Lab","floor":2,"gold_loss":0},{"cards_removed":["MostiFishMod:StarHerder"],"damage_healed":0,"gold_gain":0,"player_choice":"Purged","damage_taken":0,"max_hp_gain":0,"max_hp_loss":0,"event_name":"Purifier","floor":5,"gold_loss":0},{"damage_healed":0,"gold_gain":275,"player_choice":"Desecrate","damage_taken":0,"max_hp_gain":0,"max_hp_loss":0,"event_name":"Golden Shrine","floor":11,"gold_loss":0,"cards_obtained":["Regret"]}],"is_beta":false,"boss_relics":[],"items_purged_floors":[],"is_endless":false,"potions_floor_spawned":[4,6,10,12],"killed_by":"3 Sentries","ascension_level":20}}