{"host":"rykcscnxwcosqdkz","time":1613037949,"event":{"mods":["BaseMod","Downfall","GifTheSpireLib","Minty Spire (QoL Compilation)","StSLib"],"gold_per_floor":[99,111,123,123,223,233,260,260,271,303,317,317,317,317],"floor_reached":12,"language":"ENG","playtime":1012,"items_purged":[],"score":84,"play_id":"1d240d6e-8473-4f82-a142-8567efe1b370","local_time":"20210211110549","is_ascension_mode":true,"campfire_choices":[{"floor":1,"key":"RECALL"}],"circlet_count":0,"master_deck":["Guardian:Strike_Guardian","Guardian:Defend_Guardian","Guardian:Defend_Guardian","Guardian:Defend_Guardian","Guardian:Defend_Guardian","Guardian:CurlUp","Guardian:TwinSlam+1","Guardian:RevengeProtocol","Guardian:PiercingHide","Guardian:Gem_Fragmented","Guardian:VentSteam","Guardian:Gem_Lightblue","Guardian:EvasiveProtocol","Guardian:GuardianWhirl","Guardian:Orbwalk","Guardian:Gem_Cyan"],"relics":["Guardian:ModeShifter","Bronze Scales","Potion Belt","Vajra"],"acts_visited":["Exordium"],"potions_floor_usage":[10,12],"damage_taken":[{"damage":1,"enemies":"Jaw Worm","floor":2,"turns":5},{"damage":0,"enemies":"Small Slimes","floor":3,"turns":4},{"damage":28,"enemies":"downfall:Heads","floor":5,"turns":10},{"damage":0,"enemies":"2 Louse","floor":6,"turns":4},{"damage":8,"enemies":"Large Slime","floor":9,"turns":7},{"damage":7,"enemies":"Lagavulin","floor":10,"turns":7},{"damage":0,"enemies":"2 Fungi Beasts","floor":11,"turns":4},{"damage":23,"enemies":"3 Sentries","floor":12,"turns":10}],"seed_played":"-8158827215968317894","potions_obtained":[{"floor":2,"key":"Swift Potion"},{"floor":5,"key":"Guardian:AcceleratePotion"},{"floor":10,"key":"Block Potion"}],"is_trial":false,"path_per_floor":["R","M","M","?","?","M","T","?","M","E","M","E"],"character_chosen":"GUARDIAN","items_purchased":[],"campfire_rested":0,"item_purchase_floors":[],"current_hp_per_floor":[80,79,79,84,56,56,56,38,30,23,23,0,0,0],"gold":317,"neow_bonus":"TRANSFORM_CARD","is_daily":false,"chose_seed":false,"campfire_upgraded":0,"win_rate":0.0,"timestamp":1613037949,"path_taken":["R","M","M","?","?","M","T","?","M","E","M","E"],"items_purchased_type":[],"build_version":"2020-12-22","purchased_purges":0,"victory":false,"max_hp_per_floor":[80,80,80,85,85,85,85,85,85,85,85,85,85,85],"card_choices":[{"not_picked":["Guardian:FuturePlans","Guardian:Reroute"],"picked":"Guardian:PiercingHide","floor":2},{"not_picked":["Guardian:Gem_Green","Guardian:Gem_Yellow"],"picked":"Guardian:Gem_Fragmented","floor":3},{"not_picked":["Guardian:Planning","Guardian:CrystalBeam"],"picked":"Guardian:Gem_Lightblue","floor":5},{"not_picked":["Guardian:FloatingOrbs","Guardian:Gem_Green"],"picked":"Guardian:EvasiveProtocol","floor":6},{"not_picked":["Guardian:FuturePlans","Guardian:FloatingOrbs"],"picked":"Guardian:GuardianWhirl","floor":9},{"not_picked":["Guardian:Gem_Fragmented","Guardian:PrimingBeam"],"picked":"Guardian:Orbwalk","floor":10},{"not_picked":["Guardian:AncientConstruct","Guardian:Gem_Crimson"],"picked":"Guardian:Gem_Cyan","floor":11}],"player_experience":100589,"relics_obtained":[{"floor":7,"key":"Bronze Scales"},{"floor":10,"key":"Vajra"}],"event_choices":[{"damage_healed":0,"gold_gain":0,"player_choice":"Donut","damage_taken":0,"max_hp_gain":5,"max_hp_loss":0,"event_name":"Big Fish","floor":4,"gold_loss":0},{"damage_healed":0,"gold_gain":0,"player_choice":"Success","damage_taken":18,"relics_obtained":["Potion Belt"],"max_hp_gain":0,"max_hp_loss":0,"event_name":"Scrap Ooze","floor":8,"gold_loss":0}],"is_beta":false,"boss_relics":[],"items_purged_floors":[],"is_endless":false,"potions_floor_spawned":[2,5,10],"killed_by":"3 Sentries","ascension_level":1}}