{"host":"kvo7eymyd21g9abd","time":1613067555,"event":{"mods":["AchievementEnabler","BaseMod","Bestiary","Colored Map","Minty Spire (QoL Compilation)","StSLib"],"gold_per_floor":[113,126,6,6,181,215,38,38,38,38,49,63,63,83,83,187,187,207,207,225,69,69,69],"floor_reached":22,"language":"ENG","playtime":800,"items_purged":["Doubt"],"score":269,"play_id":"0524dce8-bc5d-40e0-8376-4ca8a081fb50","local_time":"20210211131915","is_ascension_mode":true,"campfire_choices":[{"floor":8.0,"key":"REST"},{"floor":13.0,"key":"RECALL"},{"floor":15.0,"key":"REST"}],"circlet_count":0,"master_deck":["Strike_P","Strike_P","Strike_P","Defend_P","Defend_P","Defend_P","Defend_P","Eruption+1","Vigilance","EmptyFist","Prostrate+1","EmptyBody","PathToVictory","PathToVictory","Prostrate","MasterReality","Meditate","Devotion","SashWhip","PathToVictory"],"relics":["PureWater","Smiling Mask","SlaversCollar","Pen Nib","DollysMirror"],"acts_visited":["Exordium","TheCity"],"potions_floor_usage":[22],"damage_taken":[{"damage":0.0,"enemies":"2 Louse","floor":1.0,"turns":2.0},{"damage":2.0,"enemies":"Small Slimes","floor":2.0,"turns":4.0},{"damage":47.0,"enemies":"3 Sentries","floor":6.0,"turns":18.0},{"damage":0.0,"enemies":"Cultist","floor":11.0,"turns":2.0},{"damage":20.0,"enemies":"Gremlin Gang","floor":12.0,"turns":5.0},{"damage":15.0,"enemies":"Exordium Wildlife","floor":14.0,"turns":6.0},{"damage":0.0,"enemies":"Slime Boss","floor":16.0,"turns":5.0},{"damage":31,"enemies":"Chosen","floor":18,"turns":5},{"damage":38,"enemies":"3 Byrds","floor":20,"turns":5},{"damage":13,"enemies":"Sentry and Sphere","floor":22,"turns":3}],"seed_played":"9201005016260340794","potions_obtained":[{"floor":12.0,"key":"Fruit Juice"},{"floor":14.0,"key":"Fire Potion"},{"floor":16.0,"key":"SpeedPotion"},{"floor":18,"key":"BlessingOfTheForge"}],"is_trial":false,"path_per_floor":["M","M","$","?","?","E","$","R","T","?","M","M","R","M","R","B",null,"M","?","M","$","M"],"character_chosen":"WATCHER","items_purchased":["EmptyBody","LiquidMemories","PathToVictory","LiquidMemories","DollysMirror"],"campfire_rested":2,"item_purchase_floors":[3,3,7,7,21],"current_hp_per_floor":[72,70,70,70,70,23,23,44,44,44,44,24,24,14,37,37,77,46,46,8,8,0,0],"gold":69,"neow_bonus":"UPGRADE_CARD","is_daily":false,"chose_seed":false,"campfire_upgraded":0,"win_rate":0.0,"timestamp":1613067555,"path_taken":["M","M","$","?","?","E","$","R","T","?","?","?","R","M","R","BOSS","M","?","?","$","M"],"items_purchased_type":["Card","Potion","Card","Potion","Relic"],"build_version":"2020-12-22","purchased_purges":1,"victory":false,"max_hp_per_floor":[72,72,72,72,72,72,72,72,72,72,72,72,72,77,77,77,77,77,77,77,77,77,77],"card_choices":[{"not_picked":["FlurryOfBlows","Halt"],"picked":"EmptyFist","floor":1.0},{"not_picked":["EmptyFist","FlurryOfBlows"],"picked":"Prostrate","floor":2.0},{"not_picked":["BowlingBash","Weave"],"picked":"PathToVictory","floor":6.0},{"not_picked":["Indignation","Tantrum"],"picked":"Prostrate","floor":11.0},{"not_picked":["FollowUp","ClearTheMind"],"picked":"MasterReality","floor":12.0},{"not_picked":["Consecrate","ReachHeaven"],"picked":"Meditate","floor":14.0},{"not_picked":["Blasphemy","Establishment"],"picked":"Devotion","floor":16.0},{"not_picked":["ClearTheMind","LikeWater"],"picked":"SashWhip","floor":18},{"not_picked":["Prostrate","ClearTheMind","CrushJoints"],"picked":"SKIP","floor":20}],"player_experience":456580,"relics_obtained":[{"floor":6.0,"key":"Smiling Mask"}],"event_choices":[{"damage_healed":0.0,"max_hp_gain":0.0,"max_hp_loss":0.0,"gold_gain":0.0,"event_name":"Living Wall","player_choice":"Grow","floor":4.0,"gold_loss":0.0,"damage_taken":0.0,"cards_upgraded":["Prostrate"]},{"damage_healed":0.0,"max_hp_gain":0.0,"max_hp_loss":0.0,"gold_gain":175.0,"event_name":"Liars Game","player_choice":"AGREE","floor":5.0,"gold_loss":0.0,"damage_taken":0.0,"cards_obtained":["Doubt"]},{"cards_removed":["Strike_P"],"damage_healed":0.0,"max_hp_gain":0.0,"max_hp_loss":0.0,"gold_gain":0.0,"event_name":"Bonfire Elementals","player_choice":"Offered Basic","floor":10.0,"gold_loss":0.0,"damage_taken":0.0},{"damage_healed":0,"gold_gain":0,"player_choice":"Gave Potion","damage_taken":0,"relics_obtained":["Pen Nib"],"max_hp_gain":0,"max_hp_loss":0,"event_name":"WeMeetAgain","floor":19,"gold_loss":0}],"is_beta":false,"boss_relics":[{"not_picked":["Ectoplasm","Pandora\u0027s Box"],"picked":"SlaversCollar"}],"items_purged_floors":[7],"is_endless":false,"potions_floor_spawned":[12,14,16,18],"killed_by":"Sentry and Sphere","ascension_level":3}}