{"host":"mqhvlr3kpxebko0t","time":1613045204,"event":{"mods":["AchievementEnabler","BaseMod","Colored Map","Colored Powertips","KOR Keyword Fix","Keyboard Shortcuts","Minty Spire (QoL Compilation)","StSLib","SuperFastMode"],"gold_per_floor":[114,114,114,39,89,89,123,123,176,207,44,67,67,100,100,190,190,208,208,108,158,81,81,122,122,146,182,214,101,101,101,101,192,192,205,229,249,99,99,99,99,135,161,161,194,194,212,255,255,255,255,255],"floor_reached":51,"language":"KOR","playtime":1174,"items_purged":["Strike_P","Nirvana+1","Defend_P+1","FollowUp"],"score":2051,"play_id":"d2c82403-10f5-46a1-9a29-040e8625818a","local_time":"20210211210644","is_ascension_mode":true,"campfire_choices":[{"floor":6.0,"key":"REST"},{"data":"InnerPeace","floor":13.0,"key":"SMITH"},{"data":"FlurryOfBlows","floor":15.0,"key":"SMITH"},{"data":"EmptyMind","floor":23.0,"key":"SMITH"},{"data":"Scrawl","floor":25.0,"key":"SMITH"},{"data":"Scrawl","floor":30.0,"key":"SMITH"},{"floor":32.0,"key":"REST"},{"floor":41.0,"key":"RECALL"},{"data":"Vault","floor":49.0,"key":"SMITH"}],"circlet_count":0,"master_deck":["AscendersBane","Eruption+1","Vigilance+1","InnerPeace+1","MentalFortress+1","Scrawl+1","Scrawl+1","EmptyMind+1","Adaptation+1","Adaptation+1","Scrawl+1","Adaptation+1","Vault+1"],"relics":["PureWater","NeowsBlessing","Golden Idol","Akabeko","Frozen Egg 2","PreservedInsect","Happy Flower","Dream Catcher","Empty Cage","White Beast Statue","MawBank","Coffee Dripper","Bronze Scales","MealTicket"],"acts_visited":["Exordium","TheCity","TheBeyond"],"potions_floor_usage":[51],"damage_taken":[{"damage":0.0,"enemies":"Cultist","floor":1.0,"turns":1.0},{"damage":0.0,"enemies":"Lagavulin","floor":7.0,"turns":1.0},{"damage":0.0,"enemies":"3 Sentries","floor":10.0,"turns":1.0},{"damage":4.0,"enemies":"Jaw Worm","floor":12.0,"turns":2.0},{"damage":0.0,"enemies":"Gremlin Nob","floor":14.0,"turns":2.0},{"damage":46.0,"enemies":"Slime Boss","floor":16.0,"turns":13.0},{"damage":0.0,"enemies":"3 Byrds","floor":18.0,"turns":3.0},{"damage":0.0,"enemies":"Gremlin Leader","floor":24.0,"turns":2.0},{"damage":0.0,"enemies":"Shell Parasite","floor":27.0,"turns":1.0},{"damage":0.0,"enemies":"Snake Plant","floor":28.0,"turns":1.0},{"damage":0.0,"enemies":"Champ","floor":33.0,"turns":2.0},{"damage":0.0,"enemies":"Orb Walker","floor":35.0,"turns":1.0},{"damage":0.0,"enemies":"3 Shapes","floor":36.0,"turns":1.0},{"damage":0.0,"enemies":"Sphere and 2 Shapes","floor":37.0,"turns":1.0},{"damage":0.0,"enemies":"Nemesis","floor":42.0,"turns":1.0},{"damage":0.0,"enemies":"Reptomancer","floor":45.0,"turns":1.0},{"damage":0.0,"enemies":"Transient","floor":47.0,"turns":6.0},{"damage":0.0,"enemies":"Giant Head","floor":48.0,"turns":1.0},{"damage":0.0,"enemies":"Donu and Deca","floor":50.0,"turns":1.0},{"damage":66,"enemies":"Time Eater","floor":51,"turns":11}],"seed_played":"955825007087952480","potions_obtained":[{"floor":10.0,"key":"AttackPotion"},{"floor":12.0,"key":"GamblersBrew"},{"floor":18.0,"key":"Explosive Potion"},{"floor":27.0,"key":"Explosive Potion"},{"floor":36.0,"key":"SkillPotion"},{"floor":37.0,"key":"Weak Potion"},{"floor":42.0,"key":"BottledMiracle"}],"is_trial":false,"path_per_floor":["M","?","?","?","T","R","E","?","T","E","$","M","R","E","R","B",null,"M","?","$","?","$","R","E","R","T","M","M","$","R","?","R","B",null,"M","M","M","$","?","?","R","E","T","$","E","$","M","E","R","B","B"],"character_chosen":"WATCHER","items_purchased":["MentalFortress+1","EmptyMind"],"campfire_rested":2,"item_purchase_floors":[11,22],"current_hp_per_floor":[61,41,41,41,41,59,59,59,59,59,59,55,55,55,55,9,49,49,49,49,43,43,43,43,43,43,43,43,43,43,43,61,61,62,62,62,62,62,62,62,62,62,62,62,62,62,62,62,62,62,0,0],"gold":255,"neow_bonus":"THREE_ENEMY_KILL","is_daily":false,"chose_seed":false,"campfire_upgraded":6,"win_rate":0.0,"timestamp":1613045204,"path_taken":["M","?","?","?","?","R","E","?","T","E","$","?","R","E","R","BOSS","M","?","$","?","$","R","E","R","T","M","?","?","R","?","R","BOSS","M","?","?","$","?","?","R","E","T","$","E","?","?","E","R","BOSS","BOSS"],"items_purchased_type":["Card","Card"],"build_version":"2020-12-22","purchased_purges":4,"victory":false,"max_hp_per_floor":[68,68,62,62,62,62,62,62,62,62,62,62,62,62,62,62,62,62,62,62,62,62,62,62,62,62,62,62,62,62,62,62,62,62,62,62,62,62,62,62,62,62,62,62,62,62,62,62,62,62,62,62],"card_choices":[{"not_picked":["EmptyBody","BattleHymn","WreathOfFlame"],"picked":"SKIP","floor":1.0},{"not_picked":["Halt","Devotion+1"],"picked":"InnerPeace","floor":7.0},{"not_picked":["ReachHeaven","Sanctity"],"picked":"FollowUp","floor":10.0},{"not_picked":["Consecrate","FollowUp","ReachHeaven"],"picked":"SKIP","floor":12.0},{"not_picked":["FlyingSleeves","ThirdEye"],"picked":"FlurryOfBlows","floor":14.0},{"not_picked":["Brilliance","Alpha"],"picked":"Scrawl","floor":16.0},{"not_picked":["CrushJoints","Collect","ClearTheMind"],"picked":"SKIP","floor":18.0},{"not_picked":["Prostrate","MasterReality+1"],"picked":"Adaptation+1","floor":24.0},{"not_picked":["FlyingSleeves","Nirvana+1","CutThroughFate"],"picked":"SKIP","floor":27.0},{"not_picked":["Sanctity","EmptyBody"],"picked":"Adaptation+1","floor":28.0},{"not_picked":["Crescendo","CrushJoints","Prostrate+1"],"picked":"SKIP","floor":35.0},{"not_picked":["Collect+1","Weave+1","Wallop"],"picked":"SKIP","floor":36.0},{"not_picked":["ClearTheMind","EmptyBody","Halt"],"picked":"SKIP","floor":37.0},{"not_picked":["FlyingSleeves+1","ForeignInfluence+1","Protect"],"picked":"SKIP","floor":42.0},{"not_picked":["EmptyFist+1","BattleHymn+1","PathToVictory+1"],"picked":"SKIP","floor":45.0},{"not_picked":["Consecrate","Evaluate"],"picked":"Adaptation+1","floor":47.0},{"not_picked":["DeceiveReality","Nirvana+1"],"picked":"Vault","floor":48.0}],"player_experience":712945,"relics_obtained":[{"floor":5.0,"key":"Akabeko"},{"floor":7.0,"key":"Frozen Egg 2"},{"floor":9.0,"key":"PreservedInsect"},{"floor":10.0,"key":"Happy Flower"},{"floor":14.0,"key":"Dream Catcher"},{"floor":24.0,"key":"White Beast Statue"},{"floor":26.0,"key":"MawBank"},{"floor":45.0,"key":"Bronze Scales"},{"floor":48.0,"key":"MealTicket"}],"event_choices":[{"damage_healed":0.0,"max_hp_gain":0.0,"max_hp_loss":0.0,"gold_gain":0.0,"event_name":"Shining Light","player_choice":"Entered Light","floor":2.0,"gold_loss":0.0,"damage_taken":20.0,"cards_upgraded":["Eruption","Defend_P"]},{"damage_healed":0.0,"max_hp_gain":0.0,"max_hp_loss":6.0,"gold_gain":0.0,"event_name":"Golden Idol","player_choice":"Lose Max HP","floor":3.0,"gold_loss":0.0,"damage_taken":0.0,"relics_obtained":["Golden Idol"]},{"cards_removed":["Defend_P"],"damage_healed":0.0,"max_hp_gain":0.0,"max_hp_loss":0.0,"gold_gain":0.0,"event_name":"The Cleric","player_choice":"Card Removal","floor":4.0,"gold_loss":75.0,"damage_taken":0.0},{"cards_removed":["Strike_P"],"damage_healed":0.0,"max_hp_gain":0.0,"max_hp_loss":0.0,"gold_gain":0.0,"event_name":"Purifier","player_choice":"Purged","floor":8.0,"gold_loss":0.0,"damage_taken":0.0},{"damage_healed":0.0,"max_hp_gain":0.0,"max_hp_loss":0.0,"gold_gain":0.0,"cards_transformed":["Strike_P","Defend_P"],"event_name":"Drug Dealer","player_choice":"Became Test Subject","floor":19.0,"gold_loss":0.0,"damage_taken":0.0,"cards_obtained":["Scrawl","Nirvana"]},{"damage_healed":0.0,"max_hp_gain":0.0,"max_hp_loss":0.0,"gold_gain":50.0,"event_name":"FaceTrader","player_choice":"Touch","floor":21.0,"gold_loss":0.0,"damage_taken":6.0},{"damage_healed":0.0,"max_hp_gain":0.0,"max_hp_loss":0.0,"gold_gain":0.0,"event_name":"Duplicator","player_choice":"Copied","floor":31.0,"gold_loss":0.0,"damage_taken":0.0,"cards_obtained":["Scrawl"]},{"cards_removed":["FlurryOfBlows"],"damage_healed":0.0,"max_hp_gain":0.0,"max_hp_loss":0.0,"gold_gain":0.0,"event_name":"Falling","player_choice":"Removed Attack","floor":39.0,"gold_loss":0.0,"damage_taken":0.0},{"damage_healed":0.0,"max_hp_gain":0.0,"max_hp_loss":0.0,"gold_gain":0.0,"event_name":"Accursed Blacksmith","player_choice":"Forge","floor":40.0,"gold_loss":0.0,"damage_taken":0.0,"cards_upgraded":["Vigilance"]}],"is_beta":false,"boss_relics":[{"not_picked":["HolyWater","Velvet Choker"],"picked":"Empty Cage"},{"not_picked":["Fusion Hammer","Sozu"],"picked":"Coffee Dripper"}],"items_purged_floors":[11,20,29,38],"is_endless":false,"potions_floor_spawned":[10,12,18,27,28,33,35,36,37,42,45,47,48],"killed_by":"Time Eater","ascension_level":20}}