{"host":"zq15pup7vna0uxo1","time":1613071864,"event":{"mods":["BaseMod","Bestiary","Colored Map","Downfall","Minty Spire (QoL Compilation)","Replay The Spire","StSLib","The Cursed","The Marked","The Servant 0.9.4"],"gold_per_floor":[116,116,135,148,165,165,190,209,209,209,238,263,151,181,181,284,334,347,72,84,84,9,35,35,62,62,62,76,109,109,24,24,128,128,138,138,150,161,181,56,56,73,150,150,166,183,183,194,194,194,194],"floor_reached":50,"language":"ENG","playtime":2768,"items_purged":["Strike_G","Strike_G","Strike_G"],"score":877,"play_id":"8a7e4ee6-8939-4a3e-af0c-11d214b3f1ad","local_time":"20210211203104","is_ascension_mode":true,"campfire_choices":[{"data":"Bouncing Flask","floor":6,"key":"SMITH"},{"floor":10,"key":"REST"},{"floor":15,"key":"DIG"},{"floor":27,"key":"REST"},{"floor":30,"key":"REST"},{"floor":32,"key":"REST"},{"floor":41,"key":"REST"},{"floor":44,"key":"REST"},{"floor":47,"key":"REST"},{"floor":49,"key":"REST"}],"circlet_count":0,"master_deck":["Strike_G+1","Defend_G+1","Defend_G","Defend_G","Defend_G+1","Defend_G","Survivor+1","Neutralize","Deflect+1","Bouncing Flask+1","Poisoned Stab+1","Poisoned Stab","Deadly Poison+1","Acrobatics","Poisoned Stab","Poisoned Stab+1","Poisoned Stab+1","Catalyst","Tactician+1","Deadly Poison","Dodge and Roll","Leg Sweep","Footwork","Corpse Explosion","Catalyst","Dash+1"],"relics":["Ring of the Snake","Simple Rune","Potion Belt","StrikeDummy","Odd Mushroom","Replay:Ringing Soul","Ornamental Fan","Replay:Bottled Snecko","Tiny House","Gremlin Food","sneckomod:BabySnecko","Chameleon Ring","Ginger","Bag of Preparation","Akabeko","The Specimen","Shuriken"],"acts_visited":["Exordium","TheCity","TheBeyond"],"potions_floor_usage":[7,12,14,23,25,25,33,38,48,50,50],"damage_taken":[{"damage":0,"enemies":"2 Louse","floor":1,"turns":3},{"damage":4,"enemies":"Small Slimes","floor":3,"turns":4},{"damage":0,"enemies":"Jaw Worm","floor":4,"turns":3},{"damage":0,"enemies":"Large Slime","floor":5,"turns":6},{"damage":22,"enemies":"3 Sentries","floor":7,"turns":8},{"damage":3,"enemies":"Looter","floor":8,"turns":3},{"damage":0,"enemies":"The Mushroom Lair","floor":11,"turns":4},{"damage":10,"enemies":"Replay:BlueRogue","floor":12,"turns":4},{"damage":0,"enemies":"Gremlin Nob","floor":14,"turns":3},{"damage":16,"enemies":"Fading Forest","floor":16,"turns":11},{"damage":15,"enemies":"Shell Parasite","floor":18,"turns":4},{"damage":3,"enemies":"Spheric Guardian","floor":20,"turns":3},{"damage":57,"enemies":"Gremlin Leader","floor":23,"turns":6},{"damage":38,"enemies":"Slavers","floor":25,"turns":7},{"damage":9,"enemies":"Snake Plant","floor":28,"turns":3},{"damage":17,"enemies":"Book of Stabbing","floor":29,"turns":4},{"damage":77,"enemies":"Pondfish","floor":33,"turns":11},{"damage":9,"enemies":"3 Shapes","floor":35,"turns":4},{"damage":11,"enemies":"Orb Walker","floor":37,"turns":5},{"damage":45,"enemies":"Maw","floor":38,"turns":6},{"damage":31,"enemies":"4 Shapes","floor":39,"turns":3},{"damage":23,"enemies":"Spire Growth","floor":42,"turns":5},{"damage":23,"enemies":"Jaw Worm Horde","floor":45,"turns":3},{"damage":2,"enemies":"Writhing Mass","floor":46,"turns":6},{"damage":15,"enemies":"4 Shapes","floor":48,"turns":5},{"damage":81,"enemies":"Awakened One","floor":50,"turns":8}],"seed_played":"-5259972235359644344","potions_obtained":[{"floor":1,"key":"Explosive Potion"},{"floor":3,"key":"FearPotion"},{"floor":12,"key":"Flashbang"},{"floor":16,"key":"Adrenaline Potion"},{"floor":17,"key":"SmokeBomb"},{"floor":18,"key":"DistilledChaos"},{"floor":20,"key":"Explosive Potion"},{"floor":28,"key":"Milkshake"},{"floor":33,"key":"Venom Potion"},{"floor":37,"key":"Adrenaline Potion"},{"floor":45,"key":"champ:CounterPotion"},{"floor":46,"key":"Flashbang"}],"is_trial":false,"path_per_floor":["M","?","M","M","M","R","E","M","T","R","?","E","$","E","R_BF","B",null,"M","$","M","?","?","E","?","E","T","R","M","E","R","?","R","B",null,"M","?","M","M","M","$","R","M","T","R","M","M","R","M","R","B"],"character_chosen":"THE_SILENT","items_purchased":["Poisoned Stab","Gremlin Food","Dodge and Roll"],"campfire_rested":8,"item_purchase_floors":[13,19,19],"current_hp_per_floor":[70,63,59,59,59,59,37,34,34,55,55,48,51,54,54,58,87,75,78,75,78,78,21,53,15,15,43,37,23,53,53,83,9,105,96,96,85,43,12,12,44,21,21,53,30,28,60,48,81,0,0],"gold":194,"neow_bonus":"RANDOM_COMMON_RELIC","is_daily":false,"chose_seed":false,"campfire_upgraded":1,"win_rate":0.0,"timestamp":1613071864,"path_taken":["M","?","M","M","M","R","E","M","T","R","?","E","$","E","R_BF","BOSS","M","$","M","?","?","E","?","E","T","R","M","E","R","?","R","BOSS","M","?","M","?","M","$","R","M","T","R","M","?","R","M","R","BOSS"],"items_purchased_type":["Card","Relic","Card"],"build_version":"2020-12-22","purchased_purges":3,"victory":false,"max_hp_per_floor":[70,70,70,70,70,70,70,70,70,70,70,73,76,79,79,79,87,90,93,93,96,96,96,96,96,96,96,99,102,102,102,102,105,105,105,105,105,108,108,108,108,108,108,108,108,108,108,111,111,111,111],"card_choices":[{"not_picked":["Masterful Stab","Sneak Up"],"picked":"Deflect","floor":1},{"not_picked":["Acrobatics","Reflex"],"picked":"Bouncing Flask","floor":3},{"not_picked":["Caltrops","Dagger Spray"],"picked":"Poisoned Stab","floor":4},{"not_picked":["Acrobatics","Sucker Punch"],"picked":"Poisoned Stab","floor":5},{"not_picked":["ReplayTheSpireMod:Speed Training","Hidden Blade"],"picked":"Deadly Poison","floor":7},{"not_picked":["ReplayTheSpireMod:Shiv Toss","ReplayTheSpireMod:The Works"],"picked":"Acrobatics","floor":8},{"not_picked":["Sucker Punch","PiercingWail"],"picked":"Poisoned Stab","floor":12},{"not_picked":["Replay:Bag of Tricks","Reflex"],"picked":"Catalyst","floor":14},{"not_picked":["Dodge and Roll","Heel Hook"],"picked":"Tactician","floor":17},{"not_picked":["Draining Mist","Dodge and Roll"],"picked":"Deadly Poison","floor":18},{"not_picked":["Cloak And Dagger","Eviscerate","Deflect"],"picked":"SKIP","floor":20},{"not_picked":["Slice","Dagger Spray+1","ReplayTheSpireMod:Speed Training"],"picked":"SKIP","floor":23},{"not_picked":["ReplayTheSpireMod:Shiv Toss","Quick Slash","Bullet Time"],"picked":"SKIP","floor":25},{"not_picked":["Outmaneuver","ReplayTheSpireMod:Speed Training+1"],"picked":"Leg Sweep","floor":28},{"not_picked":["Sucker Punch","Cloak And Dagger"],"picked":"Footwork","floor":29},{"not_picked":["Tools of the Trade","Venomology"],"picked":"Corpse Explosion","floor":33},{"not_picked":["All Out Attack","PiercingWail","Blade Dance+1"],"picked":"SKIP","floor":35},{"not_picked":["Outmaneuver+1","Reflex","Underhanded Strike+1"],"picked":"SKIP","floor":37},{"not_picked":["Poisoned Stab+1","Grand Finale"],"picked":"Catalyst","floor":38},{"not_picked":["Bane","Heel Hook+1","Flying Knee+1"],"picked":"SKIP","floor":39},{"not_picked":["Prepared","Predator","Sucker Punch"],"picked":"SKIP","floor":42},{"not_picked":["Flying Knee+1","Riddle With Holes+1","Poisoned Stab"],"picked":"SKIP","floor":45},{"not_picked":["Hidden Blade+1","Distraction","Acrobatics"],"picked":"SKIP","floor":46},{"not_picked":["Slice","Backflip"],"picked":"Dash+1","floor":48}],"player_experience":1191199,"relics_obtained":[{"floor":7,"key":"Potion Belt"},{"floor":9,"key":"StrikeDummy"},{"floor":11,"key":"Odd Mushroom"},{"floor":12,"key":"Replay:Ringing Soul"},{"floor":14,"key":"Ornamental Fan"},{"floor":15,"key":"Replay:Bottled Snecko"},{"floor":23,"key":"Chameleon Ring"},{"floor":25,"key":"Ginger"},{"floor":26,"key":"Bag of Preparation"},{"floor":29,"key":"Akabeko"},{"floor":43,"key":"Shuriken"}],"event_choices":[{"cards_removed":["Strike_G"],"damage_healed":0,"gold_gain":0,"player_choice":"Card Removal","damage_taken":7,"max_hp_gain":0,"max_hp_loss":0,"event_name":"Golden Wing","floor":2,"gold_loss":0},{"damage_healed":0,"gold_gain":0,"player_choice":"Fought Mushrooms","damage_taken":0,"max_hp_gain":0,"max_hp_loss":0,"event_name":"Mushrooms","floor":11,"gold_loss":0},{"cards_removed":["downfall:Bewildered"],"damage_healed":0,"gold_gain":0,"player_choice":"Gave Gold","damage_taken":0,"max_hp_gain":0,"max_hp_loss":0,"event_name":"Beggar","floor":22,"gold_loss":75},{"damage_healed":32,"gold_gain":0,"player_choice":"Heal","damage_taken":0,"max_hp_gain":0,"max_hp_loss":0,"event_name":"The Library","floor":24,"gold_loss":0},{"damage_healed":0,"gold_gain":0,"player_choice":"Obtained Relic","damage_taken":0,"relics_obtained":["The Specimen"],"max_hp_gain":0,"max_hp_loss":0,"event_name":"Addict","floor":31,"gold_loss":85},{"damage_healed":0,"gold_gain":0,"player_choice":"Ignored","damage_taken":0,"max_hp_gain":0,"max_hp_loss":0,"event_name":"Transmorgrifier","floor":36,"gold_loss":0}],"is_beta":false,"boss_relics":[{"not_picked":["ReplayTheSpireMod:DimensionalGlitch","Replay:Ancient Bell"],"picked":"Tiny House"},{"not_picked":["Coffee Dripper","Fusion Hammer","Pandora\u0027s Box"]}],"items_purged_floors":[13,19,40],"is_endless":false,"potions_floor_spawned":[1,3,12,16,18,20,28,33,37,45,46],"killed_by":"Awakened One","ascension_level":3}}