{"host":"kda2p2afd6bvz6qo","time":1613073699,"event":{"mods":["BaseMod","Colored Map","Minty Spire (QoL Compilation)","Relic Stats"],"gold_per_floor":[112,112,287,24,34,34,61,61,87,106,125,125,200,225,225,321,321,332,332,332,347,140,175,193,193,193],"floor_reached":25,"language":"ENG","playtime":1447,"items_purged":[],"score":318,"play_id":"160c3a43-df35-4f29-aaa1-460f0ede302b","local_time":"20210211200139","is_ascension_mode":true,"campfire_choices":[{"data":"Chrysalis","floor":6.0,"key":"SMITH"},{"data":"Anger","floor":8.0,"key":"SMITH"},{"data":"Spot Weakness","floor":12.0,"key":"SMITH"},{"data":"Flame Barrier","floor":15.0,"key":"SMITH"}],"circlet_count":0,"master_deck":["Strike_R","Strike_R","Strike_R","Strike_R","Defend_R","Defend_R","Defend_R","Defend_R","Bash+1","Anger+1","Spot Weakness+1","Chrysalis+1","Flame Barrier+1","Clothesline","Shockwave","Sever Soul","Berserk","Armaments+1","Cleave","Rage+1","Bludgeon","Thunderclap+1","Burning Pact","Wild Strike+1"],"relics":["Burning Blood","NeowsBlessing","HornCleat","Tiny Chest","Strawberry","Empty Cage","MutagenicStrength","Champion Belt","Orrery","Lantern"],"acts_visited":["Exordium","TheCity"],"potions_floor_usage":[24,25,25],"damage_taken":[{"damage":0.0,"enemies":"2 Louse","floor":1.0,"turns":1.0},{"damage":0.0,"enemies":"Small Slimes","floor":5.0,"turns":1.0},{"damage":0.0,"enemies":"3 Sentries","floor":7.0,"turns":2.0},{"damage":7.0,"enemies":"Jaw Worm","floor":10.0,"turns":3.0},{"damage":0.0,"enemies":"2 Fungi Beasts","floor":11.0,"turns":4.0},{"damage":20.0,"enemies":"Gremlin Nob","floor":14.0,"turns":5.0},{"damage":43.0,"enemies":"Hexaghost","floor":16.0,"turns":11.0},{"damage":10.0,"enemies":"Spheric Guardian","floor":18.0,"turns":6.0},{"damage":14,"enemies":"2 Thieves","floor":21,"turns":5},{"damage":23,"enemies":"Gremlin Leader","floor":23,"turns":8},{"damage":37,"enemies":"Cultist and Chosen","floor":24,"turns":7},{"damage":17,"enemies":"Book of Stabbing","floor":25,"turns":4}],"seed_played":"-158322144644069920","potions_obtained":[{"floor":5.0,"key":"BlessingOfTheForge"},{"floor":7.0,"key":"Dexterity Potion"},{"floor":10.0,"key":"LiquidBronze"},{"floor":21,"key":"Strength Potion"},{"floor":23,"key":"Fruit Juice"},{"floor":24,"key":"PowerPotion"}],"is_trial":false,"path_per_floor":["M","?","?","$","M","R","E","R","T","M","M","R","?","E","R","B",null,"M","?","?","M","$","E","M","E"],"character_chosen":"IRONCLAD","items_purchased":["Spot Weakness","Chrysalis","Cleave","Orrery"],"campfire_rested":0,"item_purchase_floors":[4,4,22,22],"current_hp_per_floor":[80,80,80,80,80,80,80,80,80,79,80,80,69,62,62,25,72,68,68,68,60,60,43,17,0,0],"gold":193,"neow_bonus":"THREE_ENEMY_KILL","is_daily":false,"chose_seed":false,"campfire_upgraded":4,"win_rate":0.0,"timestamp":1613073699,"path_taken":["M","?","?","$","M","R","E","R","T","M","M","R","?","E","R","BOSS","M","?","?","M","$","E","M","E"],"items_purchased_type":["Card","Card","Card","Relic"],"build_version":"2020-12-22","purchased_purges":0,"victory":false,"max_hp_per_floor":[80,80,80,80,80,80,80,80,80,80,80,80,80,87,87,87,87,87,87,87,87,87,87,92,92,92],"relic_stats":{"counters":[12,57],"Tiny Chest":0,"Champion Belt":[16],"obtain_stats":[{"Lantern":23,"HornCleat":7,"NeowsBlessing":0,"Strawberry":14,"MutagenicStrength":19,"Orrery":22,"Tiny Chest":9,"Champion Belt":20,"Empty Cage":17,"Burning Blood":0},{"Lantern":10,"HornCleat":3,"NeowsBlessing":0,"Strawberry":6,"MutagenicStrength":8,"Orrery":9,"Tiny Chest":3,"Champion Belt":8,"Empty Cage":7,"Burning Blood":0},{"Lantern":46,"HornCleat":4,"NeowsBlessing":0,"Strawberry":16,"MutagenicStrength":33,"Orrery":38,"Tiny Chest":4,"Champion Belt":33,"Empty Cage":27,"Burning Blood":0}],"Burning Blood":43},"card_choices":[{"not_picked":["Ghostly Armor","Infernal Blade"],"picked":"Anger","floor":1.0},{"not_picked":["Perfected Strike","Iron Wave"],"picked":"Flame Barrier","floor":5.0},{"not_picked":["Seeing Red","Warcry"],"picked":"Clothesline","floor":7.0},{"not_picked":["Clothesline","Pommel Strike"],"picked":"Shockwave","floor":10.0},{"not_picked":["Rampage","Power Through","Entrench"],"picked":"SKIP","floor":11.0},{"not_picked":["Flex","Iron Wave"],"picked":"Sever Soul","floor":14.0},{"not_picked":["Barricade","Impervious"],"picked":"Berserk","floor":16.0},{"not_picked":["Body Slam+1","Wild Strike+1"],"picked":"Armaments+1","floor":18.0},{"not_picked":["Twin Strike+1","Clothesline","Battle Trance+1"],"picked":"SKIP","floor":21},{"not_picked":["Perfected Strike","Clash+1"],"picked":"Rage+1","floor":22},{"not_picked":["Second Wind","Wild Strike"],"picked":"Bludgeon","floor":22},{"not_picked":["Barricade","Iron Wave+1"],"picked":"Thunderclap+1","floor":22},{"not_picked":["Bloodletting","Twin Strike+1"],"picked":"Burning Pact","floor":22},{"not_picked":["True Grit","Rage+1"],"picked":"Wild Strike+1","floor":22},{"not_picked":["Clothesline","Bloodletting","Armaments"],"picked":"SKIP","floor":23},{"not_picked":["Cleave+1","Dark Embrace","Iron Wave"],"picked":"SKIP","floor":24}],"player_experience":241691,"relics_obtained":[{"floor":7.0,"key":"HornCleat"},{"floor":9.0,"key":"Tiny Chest"},{"floor":14.0,"key":"Strawberry"},{"floor":23,"key":"Lantern"}],"event_choices":[{"damage_healed":0.0,"max_hp_gain":0.0,"max_hp_loss":0.0,"gold_gain":0.0,"event_name":"Living Wall","player_choice":"Grow","floor":2.0,"gold_loss":0.0,"damage_taken":0.0,"cards_upgraded":["Bash"]},{"damage_healed":0.0,"max_hp_gain":0.0,"max_hp_loss":0.0,"gold_gain":175.0,"event_name":"Liars Game","player_choice":"AGREE","floor":3.0,"gold_loss":0.0,"damage_taken":0.0,"cards_obtained":["Doubt"]},{"damage_healed":0.0,"max_hp_gain":0.0,"max_hp_loss":0.0,"gold_gain":75.0,"event_name":"World of Goop","player_choice":"Gather Gold","floor":13.0,"gold_loss":0.0,"damage_taken":11.0},{"damage_healed":0,"gold_gain":0,"player_choice":"Inject Mutagens","damage_taken":0,"relics_obtained":["MutagenicStrength"],"max_hp_gain":0,"max_hp_loss":0,"event_name":"Drug Dealer","floor":19,"gold_loss":0},{"damage_healed":0,"gold_gain":0,"player_choice":"Opened","damage_taken":0,"relics_obtained":["Champion Belt"],"max_hp_gain":0,"max_hp_loss":0,"event_name":"The Mausoleum","floor":20,"gold_loss":0}],"is_beta":false,"boss_relics":[{"not_picked":["Sozu","Velvet Choker"],"picked":"Empty Cage"}],"items_purged_floors":[],"is_endless":false,"potions_floor_spawned":[5,7,10,11,21,23,24],"killed_by":"Book of Stabbing","ascension_level":5}}