{"host":"x5w9zppki4gdwvc7","time":1613059355,"event":{"mods":["AchievementEnabler","BaseMod","Colored Powertips","DeckTracker","Minty Spire (QoL Compilation)","SuperFastMode"],"gold_per_floor":[118,138,138,63,78,108,108,136,190,207,60,60,60,76,76,179,179,197,212,223,223,59,59,79,113,113,123,135,151,151,183,183,284,284,302,348,363,4,16,34,52,63,89,122,135,146,146,146,146,146,146],"floor_reached":50,"language":"ENG","playtime":3187,"items_purged":["Strike_B","Decay","Capacitor+1","Injury"],"score":580,"play_id":"dc854da8-9d5c-45f9-9227-ea73f3138203","local_time":"20210211170235","is_ascension_mode":false,"campfire_choices":[{"data":"Streamline","floor":7.0,"key":"SMITH"},{"floor":13.0,"key":"REST"},{"data":"Rebound","floor":15.0,"key":"SMITH"},{"floor":23.0,"key":"REST"},{"floor":30.0,"key":"REST"},{"floor":32.0,"key":"REST"},{"floor":49,"key":"RECALL"}],"circlet_count":0,"master_deck":["Strike_B+1","Strike_B+1","Defend_B","Defend_B","Defend_B","Doom and Gloom+1","Rebound+1","Streamline+1","Echo Form","Hologram","Beam Cell","Coolheaded+1","Stack+1","Go for the Eyes","Melter","Scrape","BootSequence","Steam","Skim","Reinforced Body","BootSequence","Seek","CurseOfTheBell","Redo","Gash","Conserve Battery+1","Reinforced Body","Decay","Leap+1","Gash+1","Mind Blast"],"relics":["Cursed Key","Darkstone Periapt","Strawberry","Vajra","Astrolabe","PreservedInsect","Symbiotic Virus","FossilizedHelix","Calling Bell","Akabeko","Mercury Hourglass","Bird Faced Urn","TungstenRod","Frozen Eye","Emotion Chip"],"acts_visited":["Exordium","TheCity","TheBeyond"],"potions_floor_usage":[50,50],"damage_taken":[{"damage":0.0,"enemies":"2 Louse","floor":1.0,"turns":3.0},{"damage":6.0,"enemies":"Cultist","floor":2.0,"turns":3.0},{"damage":6.0,"enemies":"Jaw Worm","floor":5.0,"turns":3.0},{"damage":12.0,"enemies":"3 Sentries","floor":6.0,"turns":5.0},{"damage":13.0,"enemies":"Lagavulin","floor":8.0,"turns":5.0},{"damage":8.0,"enemies":"Large Slime","floor":10.0,"turns":3.0},{"damage":0.0,"enemies":"2 Fungi Beasts","floor":14.0,"turns":2.0},{"damage":32.0,"enemies":"Hexaghost","floor":16.0,"turns":6.0},{"damage":20.0,"enemies":"Shell Parasite","floor":18.0,"turns":4.0},{"damage":12.0,"enemies":"3 Byrds","floor":19.0,"turns":6.0},{"damage":36.0,"enemies":"Shelled Parasite and Fungi","floor":20.0,"turns":5.0},{"damage":0.0,"enemies":"Snecko","floor":24.0,"turns":4.0},{"damage":24.0,"enemies":"Book of Stabbing","floor":25.0,"turns":4.0},{"damage":16.0,"enemies":"Snake Plant","floor":27.0,"turns":4.0},{"damage":8.0,"enemies":"Centurion and Healer","floor":28.0,"turns":3.0},{"damage":1.0,"enemies":"Cultist and Chosen","floor":29.0,"turns":5.0},{"damage":20.0,"enemies":"Gremlin Leader","floor":31.0,"turns":7.0},{"damage":19.0,"enemies":"Champ","floor":33.0,"turns":10.0},{"damage":18.0,"enemies":"3 Darklings","floor":35.0,"turns":5.0},{"damage":16.0,"enemies":"2 Orb Walkers","floor":36.0,"turns":6.0},{"damage":0.0,"enemies":"3 Shapes","floor":37.0,"turns":6.0},{"damage":12.0,"enemies":"Writhing Mass","floor":39.0,"turns":6.0},{"damage":9.0,"enemies":"3 Darklings","floor":40.0,"turns":5.0},{"damage":19.0,"enemies":"Sphere and 2 Shapes","floor":41.0,"turns":6.0},{"damage":0.0,"enemies":"Maw","floor":42.0,"turns":7.0},{"damage":17.0,"enemies":"Reptomancer","floor":44.0,"turns":7.0},{"damage":27.0,"enemies":"Spire Growth","floor":45.0,"turns":6.0},{"damage":0.0,"enemies":"4 Shapes","floor":46.0,"turns":8.0},{"damage":12,"enemies":"Donu and Deca","floor":50,"turns":2}],"seed_played":"3240300179506164656","potions_obtained":[{"floor":1.0,"key":"CultistPotion"},{"floor":2.0,"key":"Ancient Potion"},{"floor":6.0,"key":"EssenceOfDarkness"},{"floor":10.0,"key":"Strength Potion"},{"floor":16.0,"key":"DuplicationPotion"},{"floor":20.0,"key":"GamblersBrew"},{"floor":25.0,"key":"EssenceOfDarkness"},{"floor":28.0,"key":"DuplicationPotion"},{"floor":29.0,"key":"GamblersBrew"},{"floor":31.0,"key":"Strength Potion"},{"floor":36.0,"key":"Energy Potion"},{"floor":37.0,"key":"PowerPotion"},{"floor":42.0,"key":"CultistPotion"},{"floor":45.0,"key":"Weak Potion"},{"floor":46.0,"key":"LiquidMemories"}],"is_trial":false,"path_per_floor":["M","M","?","$","M","E","R","E","T","M","$","?","R","M","R","B",null,"M","M","M","?","$","R","M","E","T","M","M","M","R","E","R","B",null,"M","?","M","$","M","M","M","M","T","E","M","M","?","?","R","B"],"character_chosen":"DEFECT","items_purchased":["Beam Cell","BootSequence","Gash","Frozen Eye"],"campfire_rested":4,"item_purchase_floors":[11,22,38,38],"current_hp_per_floor":[75,69,69,69,63,51,51,45,51,43,43,25,51,51,51,19,88,68,56,20,20,20,46,46,22,28,12,4,3,31,11,39,20,100,82,66,68,68,58,51,34,38,44,29,4,6,6,6,6,0,0],"gold":146,"neow_bonus":"BOSS_RELIC","is_daily":false,"chose_seed":false,"campfire_upgraded":2,"win_rate":0.0,"timestamp":1613059355,"path_taken":["M","M","?","$","?","E","R","E","T","M","?","?","R","M","R","BOSS","M","M","M","?","$","R","M","E","T","M","M","M","R","E","R","BOSS","M","?","M","$","M","M","M","M","T","E","M","M","?","?","R","BOSS"],"items_purchased_type":["Card","Card","Card","Relic"],"build_version":"2020-12-22","purchased_purges":4,"victory":false,"max_hp_per_floor":[75,75,75,75,75,75,75,82,88,88,88,88,88,88,88,88,88,88,88,88,88,88,88,88,88,94,94,94,94,94,94,94,94,100,100,100,100,100,100,100,100,100,106,106,106,106,106,106,106,106,106],"card_choices":[{"not_picked":["Steam Power","Consume"],"picked":"Doom and Gloom","floor":1.0},{"not_picked":["Force Field","Barrage"],"picked":"Rebound","floor":2.0},{"not_picked":["Turbo","Coolheaded"],"picked":"Streamline","floor":5.0},{"not_picked":["Storm","Gash"],"picked":"Echo Form","floor":6.0},{"not_picked":["Sweeping Beam","Aggregate"],"picked":"Hologram","floor":8.0},{"not_picked":["Reprogram","Sweeping Beam","Rainbow"],"picked":"SKIP","floor":10.0},{"not_picked":["Stack","Coolheaded","Leap"],"picked":"SKIP","floor":14.0},{"not_picked":["Storm","Leap"],"picked":"Go for the Eyes","floor":18.0},{"not_picked":["Conserve Battery","Cold Snap"],"picked":"Melter","floor":19.0},{"not_picked":["Coolheaded","Rebound","Hologram"],"picked":"SKIP","floor":20.0},{"not_picked":["Coolheaded","Recycle","White Noise"],"picked":"SKIP","floor":24.0},{"not_picked":["Undo","Turbo+1"],"picked":"Steam","floor":25.0},{"not_picked":["Aggregate","Ball Lightning","Hologram"],"picked":"SKIP","floor":27.0},{"not_picked":["Capacitor","Genetic Algorithm"],"picked":"Skim","floor":28.0},{"not_picked":["Genetic Algorithm","White Noise"],"picked":"Reinforced Body","floor":29.0},{"not_picked":["Aggregate","Ball Lightning+1"],"picked":"BootSequence","floor":31.0},{"not_picked":["All For One","Reboot"],"picked":"Seek","floor":33.0},{"not_picked":["Sweeping Beam","Reprogram+1","Ball Lightning"],"picked":"SKIP","floor":35.0},{"not_picked":["Heatsinks+1","Steam"],"picked":"Redo","floor":36.0},{"not_picked":["Cold Snap","Melter","Compile Driver"],"picked":"SKIP","floor":37.0},{"not_picked":["Blizzard","Ball Lightning+1","White Noise"],"picked":"SKIP","floor":39.0},{"not_picked":["Go for the Eyes","Darkness","Coolheaded"],"picked":"SKIP","floor":40.0},{"not_picked":["Chill","Auto Shields+1"],"picked":"Conserve Battery+1","floor":41.0},{"not_picked":["White Noise","Ball Lightning+1"],"picked":"Reinforced Body","floor":42.0},{"not_picked":["Conserve Battery","Glacier+1","Chaos+1"],"picked":"SKIP","floor":44.0},{"not_picked":["Hologram","Stack+1"],"picked":"Leap+1","floor":45.0},{"not_picked":["Rebound+1","Consume+1"],"picked":"Gash+1","floor":46.0},{"not_picked":["Panache","Dark Shackles"],"picked":"Mind Blast","floor":48.0}],"player_experience":608458,"relics_obtained":[{"floor":6.0,"key":"Darkstone Periapt"},{"floor":8.0,"key":"Strawberry"},{"floor":9.0,"key":"Vajra"},{"floor":25.0,"key":"PreservedInsect"},{"floor":26.0,"key":"Symbiotic Virus"},{"floor":31.0,"key":"FossilizedHelix"},{"floor":34.0,"key":"Akabeko"},{"floor":34.0,"key":"Mercury Hourglass"},{"floor":34.0,"key":"Bird Faced Urn"},{"floor":36.0,"key":"TungstenRod"},{"floor":44.0,"key":"Emotion Chip"}],"event_choices":[{"damage_healed":0.0,"max_hp_gain":0.0,"max_hp_loss":0.0,"gold_gain":0.0,"event_name":"Upgrade Shrine","player_choice":"Upgraded","floor":3.0,"gold_loss":0.0,"damage_taken":0.0,"cards_upgraded":["Doom and Gloom"]},{"damage_healed":0.0,"max_hp_gain":0.0,"max_hp_loss":0.0,"gold_gain":0.0,"event_name":"Shining Light","player_choice":"Entered Light","floor":12.0,"gold_loss":0.0,"damage_taken":18.0,"cards_upgraded":["Strike_B","Strike_B"]},{"damage_healed":0.0,"max_hp_gain":0.0,"max_hp_loss":0.0,"gold_gain":0.0,"event_name":"The Library","player_choice":"Read","floor":21.0,"gold_loss":0.0,"damage_taken":0.0,"cards_obtained":["Scrape"]},{"damage_healed":0.0,"max_hp_gain":0.0,"max_hp_loss":0.0,"gold_gain":0.0,"event_name":"Mysterious Sphere","player_choice":"Fight","floor":36.0,"gold_loss":0.0,"damage_taken":0.0},{"cards_removed":["Defend_B"],"damage_healed":0.0,"max_hp_gain":0.0,"max_hp_loss":0.0,"gold_gain":0.0,"event_name":"Falling","player_choice":"Removed Skill","floor":47.0,"gold_loss":0.0,"damage_taken":0.0},{"damage_healed":0.0,"max_hp_gain":0.0,"max_hp_loss":0.0,"gold_gain":0.0,"event_name":"SensoryStone","player_choice":"Memory 1","floor":48.0,"gold_loss":0.0,"damage_taken":0.0}],"is_beta":false,"boss_relics":[{"not_picked":["Coffee Dripper","Busted Crown"],"picked":"Astrolabe"},{"not_picked":["Sozu","Pandora\u0027s Box"],"picked":"Calling Bell"}],"items_purged_floors":[4,11,22,38],"is_endless":false,"potions_floor_spawned":[1,2,6,10,16,20,25,28,29,31,36,37,42,45,46],"killed_by":"Donu and Deca","ascension_level":0}}