{"host":"b7dyfc527bmrkvbm","time":1613082987,"event":{"mods":["2.2 Compatiblity","Act Like it!","BaseMod","BetterRewards","Conspire","Downfall","Hubris","Infinite Spire","Mimic Mod","Minty Spire (QoL Compilation)","Replay The Spire","Shop Mod","StSLib","The Jungle"],"gold_per_floor":[111,125,125,135,153,179,179,210,210,18,18,18],"floor_reached":11,"language":"ENG","playtime":805,"items_purged":[],"score":95,"play_id":"18d9e37b-7457-40b7-83f0-baad6e31a84b","local_time":"20210211173627","is_ascension_mode":true,"campfire_choices":[{"data":"ReplayTheSpireMod:Fabricate Wheel","floor":7,"key":"SMITH"}],"circlet_count":0,"master_deck":["Strike_B","Strike_B","Strike_B","Strike_B","Defend_B","Defend_B","Defend_B","Zap","Dualcast","BootSequence","Go for the Eyes","Streamline","Steam Power","Darkness","Electrodynamics","Steam","Crow Ritual"],"relics":["hubris:Stopwatch","WingedGreaves","Prayer Wheel","Darkstone Periapt","hubris:CrystalStatue"],"acts_visited":["Exordium"],"potions_floor_usage":[],"damage_taken":[{"damage":1,"enemies":"Cultist","floor":1,"turns":4},{"damage":1,"enemies":"Jaw Worm","floor":2,"turns":4},{"damage":3,"enemies":"Small Slimes","floor":4,"turns":3},{"damage":21,"enemies":"Exordium Thugs","floor":5,"turns":5},{"damage":15,"enemies":"Lagavulin","floor":6,"turns":6},{"damage":19,"enemies":"Gremlin Nob","floor":8,"turns":5},{"damage":16,"enemies":"Lagavulin","floor":11,"turns":5}],"seed_played":"3310203345341800083","potions_obtained":[{"floor":2,"key":"Energy Potion"}],"is_trial":false,"path_per_floor":["M","M","?","M","M","E","R","E","T","$","E"],"character_chosen":"DEFECT","items_purchased":["Crow Ritual"],"campfire_rested":0,"item_purchase_floors":[10],"current_hp_per_floor":[74,73,73,70,49,34,34,15,15,15,0,0],"gold":18,"neow_bonus":"BOSS_RELIC","is_daily":false,"chose_seed":false,"campfire_upgraded":1,"win_rate":0.0,"timestamp":1613082987,"path_taken":["M","M","?","?","M","E","R","E","T","$","E"],"items_purchased_type":["Card"],"build_version":"2020-12-22","purchased_purges":0,"victory":false,"max_hp_per_floor":[75,75,75,75,75,75,75,75,75,75,75,75],"card_choices":[{"not_picked":["Sweeping Beam","Rebound"],"picked":"BootSequence","floor":1},{"not_picked":["Skim","Ball Lightning"],"picked":"Go for the Eyes","floor":2},{"not_picked":["Lockon","Gash"],"picked":"Steam Power","floor":4},{"not_picked":["Stack","Sweeping Beam"],"picked":"Darkness","floor":5},{"not_picked":["Fusion","ReplayTheSpireMod:GoodbyeWorld"],"picked":"ReplayTheSpireMod:Fabricate Wheel","floor":6},{"not_picked":["Lockon","Darkness"],"picked":"Steam","floor":8}],"player_experience":469742,"relics_obtained":[{"floor":6,"key":"WingedGreaves"},{"floor":8,"key":"Darkstone Periapt"},{"floor":9,"key":"hubris:CrystalStatue"}],"event_choices":[{"damage_healed":0,"gold_gain":0,"cards_transformed":["Defend_B"],"player_choice":"Transformed","damage_taken":0,"max_hp_gain":0,"max_hp_loss":0,"event_name":"Transmorgrifier","floor":3,"gold_loss":0,"cards_obtained":["Streamline"]}],"is_beta":false,"boss_relics":[],"items_purged_floors":[],"is_endless":false,"potions_floor_spawned":[2],"killed_by":"Lagavulin","ascension_level":3}}