{"host":"qj2ynjh122p6ybyd","time":1613070228,"event":{"mods":["AchievementEnabler","Aspiration","BaseMod","Better Match","Better Note","Highlight Path","Infinite Spire","Minty Spire (QoL Compilation)","Quick Restart","Relic Stats","Reliquary","Replay The Spire","StSLib","SuperFastMode","The Blackbeard","The Gatherer"],"gold_per_floor":[110,110,110,153,168,168,168,168,222,222,148,148,168,181,181,277,277,288,300,225,71,71,402,402,431,431,431,431,446,458,458,458,554,554,565,565,565,578,390,390,390],"floor_reached":40,"language":"RUS","playtime":1379,"items_purged":[],"score":696,"play_id":"18f86629-45b8-40f2-b2a7-676f20778935","local_time":"20210211210348","is_ascension_mode":true,"campfire_choices":[{"data":"Echo Form","floor":6,"key":"SMITH"},{"data":"Self Repair","floor":8,"key":"SMITH"},{"data":"Zap","floor":10,"key":"SMITH"},{"floor":28,"key":"REST"},{"floor":32,"key":"REST"}],"circlet_count":0,"master_deck":["AscendersBane","Strike_B+1","Defend_B","Defend_B","Defend_B","Zap+1","Dualcast","Echo Form+1","Self Repair+1","White Noise","Cold Snap","Coolheaded+1","Echo Form","Cold Snap","Genetic Algorithm+1","aspiration:Polymerization+1","Hello World+1","Echo Form","Chaos","Amplify","Mirror Shield","Core Surge+1","Compile Driver+1","Blizzard+1","infinitespire:Oblivion","Loop","Storm"],"relics":["Cracked Core","aspiration:Nostalgia","infinitespire:DarkRift","Ring of Hypnosis","Replay:Mystery Machine","reliquary:RedCape","Juzu Bracelet","Nloth\u0027s Gift","Old Coin","MutagenicStrength","Replay:Wax Seal","ReplayTheSpireMod:TigerMarble","Astrolabe","reliquary:Stiletto"],"acts_visited":["Exordium","TheCity","TheBeyond"],"potions_floor_usage":[5,16,25,30,40],"damage_taken":[{"damage":0,"enemies":"Small Slimes","floor":1,"turns":3},{"damage":0,"enemies":"Jaw Worm","floor":5,"turns":4},{"damage":0,"enemies":"Cultist","floor":13,"turns":4},{"damage":39,"enemies":"Exordium Thugs","floor":14,"turns":6},{"damage":47,"enemies":"Hexaghost","floor":16,"turns":7},{"damage":1,"enemies":"Chosen","floor":18,"turns":6},{"damage":40,"enemies":"2 Thieves","floor":19,"turns":3},{"damage":48,"enemies":"Slavers","floor":23,"turns":7},{"damage":0,"enemies":"Replay:Snechameleon","floor":25,"turns":6},{"damage":13,"enemies":"Snake Plant","floor":29,"turns":5},{"damage":23,"enemies":"Centurion and Healer","floor":30,"turns":7},{"damage":34,"enemies":"Collector","floor":33,"turns":14},{"damage":25,"enemies":"Orb Walker","floor":35,"turns":6},{"damage":34,"enemies":"3 Darklings","floor":38,"turns":5},{"damage":43,"enemies":"Nightmare","floor":40,"turns":6}],"seed_played":"-2732139212499685997","potions_obtained":[{"floor":1,"key":"Strength Potion"},{"floor":4,"key":"Block Potion"},{"floor":5,"key":"SteroidPotion"},{"floor":23,"key":"Reflective Coating"},{"floor":29,"key":"Fire Potion"},{"floor":35,"key":"DuplicationPotion"}],"is_trial":false,"path_per_floor":["M","?","?","?","M","R","?","R","T","R","$","?","M","M","R","B",null,"M","M","?","$","?","E","?","E","T","?","R","M","M","?","R","B",null,"M","?","AVR","M","$","NM"],"character_chosen":"DEFECT","items_purchased":["White Noise","Juzu Bracelet","Storm","reliquary:Stiletto"],"campfire_rested":2,"item_purchase_floors":[11,21,39,39],"current_hp_per_floor":[68,68,68,50,57,57,62,62,62,62,62,62,62,43,67,40,70,79,49,49,49,49,11,11,31,31,31,55,52,49,49,73,49,72,57,57,57,43,43,0,0],"gold":390,"neow_bonus":"NOSTALGIA","is_daily":false,"chose_seed":false,"campfire_upgraded":3,"win_rate":0.0,"timestamp":1613070228,"path_taken":["M","?","?","?","M","R","?","R","T","R","?","?","?","M","R","BOSS","M","M","?","$","?","E","?","E","T","?","R","M","M","?","R","BOSS","M","?","AVR","M","?","NM"],"items_purchased_type":["Card","Relic","Card","Relic"],"build_version":"2020-12-22","purchased_purges":0,"victory":false,"max_hp_per_floor":[75,75,75,75,75,75,80,80,80,80,80,80,80,80,80,80,80,80,80,80,80,80,80,80,80,80,80,80,80,80,80,80,80,80,80,80,80,80,80,80,80],"relic_stats":{"counters":[15,89],"Astrolabe":["Core Surge","Compile Driver","Blizzard"],"Juzu Bracelet":1,"Nloth\u0027s Gift":3,"obtain_stats":[{"Ring of Hypnosis":2,"aspiration:Nostalgia":0,"Astrolabe":34,"Geode":4,"Juzu Bracelet":21,"Replay:Mystery Machine":9,"reliquary:RedCape":17,"Old Coin":23,"infinitespire:DarkRift":0,"MutagenicStrength":24,"reliquary:Stiletto":39,"Nloth\u0027s Gift":22,"ReplayTheSpireMod:TigerMarble":26,"Replay:Wax Seal":25,"Cracked Core":0},{"Ring of Hypnosis":1,"aspiration:Nostalgia":0,"Astrolabe":12,"Geode":1,"Juzu Bracelet":7,"Replay:Mystery Machine":2,"reliquary:RedCape":5,"Old Coin":8,"infinitespire:DarkRift":0,"MutagenicStrength":8,"reliquary:Stiletto":14,"Nloth\u0027s Gift":7,"ReplayTheSpireMod:TigerMarble":9,"Replay:Wax Seal":9,"Cracked Core":0},{"Ring of Hypnosis":3,"aspiration:Nostalgia":0,"Astrolabe":72,"Geode":3,"Juzu Bracelet":33,"Replay:Mystery Machine":7,"reliquary:RedCape":24,"Old Coin":40,"infinitespire:DarkRift":0,"MutagenicStrength":40,"reliquary:Stiletto":83,"Nloth\u0027s Gift":33,"ReplayTheSpireMod:TigerMarble":46,"Replay:Wax Seal":46,"Cracked Core":0}]},"card_choices":[{"not_picked":["Glacier","Panic Button","Compile Driver"],"picked":"SKIP","floor":1},{"not_picked":["Blizzard","aspiration:Polymerization"],"picked":"Echo Form","floor":4},{"not_picked":["Barrage","Scrape"],"picked":"Self Repair","floor":4},{"not_picked":["Steam","Go for the Eyes","Hologram"],"picked":"SKIP","floor":5},{"not_picked":["Hologram","aspiration:Polymerization"],"picked":"Cold Snap","floor":13},{"not_picked":["Gash","FIFO Queue"],"picked":"Coolheaded","floor":14},{"not_picked":["Amplify","Machine Learning"],"picked":"Echo Form","floor":16},{"not_picked":["Steam","Rip and Tear"],"picked":"Cold Snap","floor":18},{"not_picked":["ReplayTheSpireMod:GoodbyeWorld","BasicCrystalCard","Turbo"],"picked":"SKIP","floor":19},{"not_picked":["Auto Shields+1","Scrape+1"],"picked":"Genetic Algorithm+1","floor":20},{"not_picked":["Reprogram+1","ReplayTheSpireMod:Reroute Power+1"],"picked":"aspiration:Polymerization+1","floor":20},{"not_picked":["FIFO Queue+1","Reinforced Body+1"],"picked":"Hello World+1","floor":20},{"not_picked":["Doom and Gloom","Seek"],"picked":"Echo Form","floor":23},{"not_picked":["ReplayTheSpireMod:Reroute Power","Leap","Conserve Battery"],"picked":"SKIP","floor":25},{"not_picked":["Recycle","Turbo"],"picked":"Chaos","floor":29},{"not_picked":["Go for the Eyes","Barrage"],"picked":"Amplify","floor":30},{"not_picked":["All For One","Amplify"],"picked":"Mirror Shield","floor":33},{"not_picked":["Cold Snap","Recycle+1","BootSequence"],"picked":"SKIP","floor":35},{"not_picked":["Ball Lightning","Hologram"],"picked":"Loop","floor":38}],"player_experience":372300,"relics_obtained":[{"floor":2,"key":"Ring of Hypnosis"},{"floor":4,"key":"Geode"},{"floor":9,"key":"Replay:Mystery Machine"},{"floor":23,"key":"Old Coin"},{"floor":25,"key":"Replay:Wax Seal"},{"floor":26,"key":"ReplayTheSpireMod:TigerMarble"}],"event_choices":[{"damage_healed":0,"gold_gain":0,"player_choice":"Donut","damage_taken":0,"max_hp_gain":5,"max_hp_loss":0,"event_name":"Big Fish","floor":7,"gold_loss":0},{"cards_removed":["Strike_B"],"damage_healed":0,"gold_gain":0,"player_choice":"Purged","damage_taken":0,"max_hp_gain":0,"max_hp_loss":0,"event_name":"Purifier","floor":12,"gold_loss":0},{"damage_healed":0,"gold_gain":0,"player_choice":"3","damage_taken":0,"max_hp_gain":0,"max_hp_loss":0,"event_name":"betterMatch:BetterMatch","floor":20,"gold_loss":0,"cards_obtained":["betterMatch:UncommonCard"]},{"damage_healed":0,"gold_gain":0,"player_choice":"Traded Relic","damage_taken":0,"relics_obtained":["Nloth\u0027s Gift"],"max_hp_gain":0,"max_hp_loss":0,"event_name":"N\u0027loth","floor":22,"relics_lost":["Geode"],"gold_loss":0},{"damage_healed":0,"gold_gain":0,"player_choice":"Inject Mutagens","damage_taken":0,"relics_obtained":["MutagenicStrength"],"max_hp_gain":0,"max_hp_loss":0,"event_name":"Drug Dealer","floor":24,"gold_loss":0},{"damage_healed":0,"gold_gain":0,"player_choice":"Ignored","damage_taken":0,"max_hp_gain":0,"max_hp_loss":0,"event_name":"SecretPortal","floor":36,"gold_loss":0}],"is_beta":false,"boss_relics":[{"not_picked":["Replay:Ancient Bell","Fusion Hammer"],"picked":"reliquary:RedCape"},{"not_picked":["Replay:Wanted Poster","aspiration:RitualDagger"],"picked":"Astrolabe"}],"items_purged_floors":[],"is_endless":false,"potions_floor_spawned":[1,5,23,29,35],"killed_by":"Nightmare","ascension_level":12}}