{"host":"guk5h31bsklpp7e4","time":1613085254,"event":{"mods":["AchievementEnabler","BaseMod","Colored Map","Colored Powertips","Highlight Path","Minty Spire (QoL Compilation)","Quick Restart"],"gold_per_floor":[118,118,118,43,59,59,100,148,219,219,232,247,247,265,265,395,395,416,437,437,437,92,92,127,127,197,40,64,44,44,83,83,213,213,233,257,282,23,47,47,82,82,82,106,162,162,181,204,204,204,204],"floor_reached":50,"language":"ENG","playtime":3202,"items_purged":["Doubt"],"score":663,"play_id":"0c50eca5-1a31-4236-9802-a72c58ce28e1","local_time":"20210211181414","is_ascension_mode":true,"campfire_choices":[{"floor":6,"key":"REST"},{"floor":10,"key":"REST"},{"floor":13,"key":"REST"},{"floor":15,"key":"REST"},{"floor":23,"key":"REST"},{"floor":25,"key":"REST"},{"data":"Defragment","floor":32,"key":"SMITH"},{"data":"Consume","floor":40,"key":"SMITH"},{"floor":46,"key":"REST"},{"floor":49,"key":"REST"}],"circlet_count":0,"master_deck":["Zap","Dualcast","Rebound","Self Repair","Ball Lightning","Chaos","Loop","Force Field","Barrage","Conserve Battery","Core Surge","Heatsinks","BootSequence","Loop","BootSequence","Undo","Melter","Glacier+1","Capacitor","Defragment+1","Ball Lightning","Consume+1","Thunder Strike","Redo+1","Conserve Battery+1","Defragment","Reprogram+1","Creative AI","Storm","Stack","Stack","Parasite","Machine Learning"],"relics":["Cracked Core","Golden Idol","Bird Faced Urn","Dead Branch","Centennial Puzzle","InkBottle","Pandora\u0027s Box","Bottled Lightning","Ginger","Orichalcum","StrikeDummy","DataDisk","Vajra","Nuclear Battery","Lee\u0027s Waffle","HornCleat","Shuriken","Du-Vu Doll"],"acts_visited":["Exordium","TheCity","TheBeyond"],"potions_floor_usage":[7,24,31,33,33,35,37,41,41,45,47],"damage_taken":[{"damage":1,"enemies":"Cultist","floor":1,"turns":3},{"damage":2,"enemies":"Jaw Worm","floor":5,"turns":3},{"damage":41,"enemies":"Lagavulin","floor":7,"turns":6},{"damage":10,"enemies":"2 Louse","floor":11,"turns":2},{"damage":26,"enemies":"Exordium Wildlife","floor":12,"turns":4},{"damage":35,"enemies":"Gremlin Gang","floor":14,"turns":4},{"damage":32,"enemies":"The Guardian","floor":16,"turns":11},{"damage":29,"enemies":"3 Byrds","floor":18,"turns":6},{"damage":0,"enemies":"Spheric Guardian","floor":19,"turns":2},{"damage":36,"enemies":"Book of Stabbing","floor":24,"turns":9},{"damage":19,"enemies":"Snecko","floor":28,"turns":7},{"damage":17,"enemies":"Slavers","floor":31,"turns":7},{"damage":24,"enemies":"Collector","floor":33,"turns":12},{"damage":9,"enemies":"3 Darklings","floor":35,"turns":6},{"damage":4,"enemies":"Orb Walker","floor":36,"turns":5},{"damage":69,"enemies":"Transient","floor":37,"turns":5},{"damage":0,"enemies":"Spire Growth","floor":39,"turns":7},{"damage":57,"enemies":"Reptomancer","floor":41,"turns":5},{"damage":13,"enemies":"Maw","floor":44,"turns":7},{"damage":34,"enemies":"2 Orb Walkers","floor":45,"turns":5},{"damage":75,"enemies":"Transient","floor":47,"turns":5},{"damage":0,"enemies":"Writhing Mass","floor":48,"turns":5},{"damage":65,"enemies":"Time Eater","floor":50,"turns":8}],"seed_played":"1843117816767518959","potions_obtained":[{"floor":5,"key":"Fire Potion"},{"floor":11,"key":"SteroidPotion"},{"floor":18,"key":"Weak Potion"},{"floor":24,"key":"Strength Potion"},{"floor":29,"key":"SpeedPotion"},{"floor":31,"key":"Fire Potion"},{"floor":33,"key":"Block Potion"},{"floor":37,"key":"DistilledChaos"},{"floor":39,"key":"GamblersBrew"},{"floor":44,"key":"SpeedPotion"}],"is_trial":false,"path_per_floor":["M","?","?","$","M","R","E","T","T","R","M","M","R","M","R","B",null,"M","M","?","T","$","R","E","R","T","$","M","?","$","E","R","B",null,"M","M","M","$","M","R","E","?","T","M","?","R","M","M","R","B"],"character_chosen":"DEFECT","items_purchased":["Capacitor","Ginger","DataDisk","Lee\u0027s Waffle","Defragment","Regen Potion"],"campfire_rested":8,"item_purchase_floors":[22,22,27,38,38,38],"current_hp_per_floor":[74,56,49,49,56,75,41,41,41,63,64,49,71,47,69,48,68,53,55,55,55,55,75,53,75,75,75,71,71,71,73,73,75,75,75,75,19,82,82,82,43,72,72,72,49,70,2,25,46,0,0],"gold":204,"neow_bonus":"TRANSFORM_TWO_CARDS","is_daily":false,"chose_seed":false,"campfire_upgraded":2,"win_rate":0.0,"timestamp":1613085254,"path_taken":["M","?","?","$","M","R","E","?","T","R","M","M","R","M","R","BOSS","M","M","?","?","?","R","E","R","T","$","?","?","?","E","R","BOSS","M","M","M","$","M","R","E","?","T","M","?","R","M","M","R","BOSS"],"items_purchased_type":["Card","Relic","Relic","Relic","Card","Potion"],"build_version":"2020-12-22","purchased_purges":1,"victory":false,"max_hp_per_floor":[75,75,75,75,75,75,75,75,75,75,75,75,75,75,75,75,75,75,75,75,75,75,75,75,75,75,75,75,75,75,75,75,75,75,75,75,75,82,82,82,82,72,72,72,72,72,72,72,72,72,72],"card_choices":[{"not_picked":["Streamline","Conserve Battery"],"picked":"Ball Lightning","floor":1},{"not_picked":["Darkness","Beam Cell"],"picked":"Chaos","floor":5},{"not_picked":["Cold Snap","Aggregate"],"picked":"Loop","floor":7},{"not_picked":["Leap","Rainbow"],"picked":"Force Field","floor":11},{"not_picked":["Darkness","Stack"],"picked":"Barrage","floor":12},{"not_picked":["Glacier","Compile Driver"],"picked":"Conserve Battery","floor":14},{"not_picked":["Multi-Cast","Meteor Strike"],"picked":"Core Surge","floor":16},{"not_picked":["Heatsinks","Hello World","Scrape"],"picked":"SKIP","floor":18},{"not_picked":["Barrage","Fusion"],"picked":"Glacier+1","floor":19},{"not_picked":["Stack+1","Seek"],"picked":"Defragment","floor":24},{"not_picked":["Cold Snap","Streamline"],"picked":"Ball Lightning","floor":28},{"not_picked":["Gash","Tempest"],"picked":"Consume","floor":31},{"not_picked":["Multi-Cast","Echo Form"],"picked":"Thunder Strike","floor":33},{"not_picked":["Beam Cell","Glacier+1"],"picked":"Redo+1","floor":35},{"not_picked":["Sweeping Beam+1","Ball Lightning"],"picked":"Conserve Battery+1","floor":36},{"not_picked":["Sweeping Beam","Steam","Beam Cell+1"],"picked":"SKIP","floor":37},{"not_picked":["Steam+1","Melter"],"picked":"Reprogram+1","floor":39},{"not_picked":["Steam Power+1","Barrage+1"],"picked":"Creative AI","floor":41},{"not_picked":["Cold Snap+1","Skim+1"],"picked":"Storm","floor":44},{"not_picked":["Rebound","Coolheaded+1"],"picked":"Stack","floor":45},{"not_picked":["Hologram","Heatsinks"],"picked":"Stack","floor":47},{"not_picked":["Compile Driver+1","Turbo"],"picked":"Machine Learning","floor":48}],"player_experience":348884,"relics_obtained":[{"floor":7,"key":"Dead Branch"},{"floor":8,"key":"Centennial Puzzle"},{"floor":9,"key":"InkBottle"},{"floor":21,"key":"Bottled Lightning"},{"floor":24,"key":"Orichalcum"},{"floor":26,"key":"StrikeDummy"},{"floor":31,"key":"Vajra"},{"floor":41,"key":"HornCleat"},{"floor":43,"key":"Shuriken"},{"floor":45,"key":"Du-Vu Doll"}],"event_choices":[{"damage_healed":0,"gold_gain":0,"player_choice":"Take Damage","damage_taken":18,"relics_obtained":["Golden Idol"],"max_hp_gain":0,"max_hp_loss":0,"event_name":"Golden Idol","floor":2,"gold_loss":0},{"damage_healed":0,"gold_gain":0,"player_choice":"Success","damage_taken":7,"relics_obtained":["Bird Faced Urn"],"max_hp_gain":0,"max_hp_loss":0,"event_name":"Scrap Ooze","floor":3,"gold_loss":0},{"damage_healed":0,"gold_gain":0,"player_choice":"Ignored","damage_taken":0,"max_hp_gain":0,"max_hp_loss":0,"event_name":"Ghosts","floor":20,"gold_loss":0},{"damage_healed":0,"gold_gain":0,"player_choice":"Bought 1 Potion","damage_taken":0,"max_hp_gain":0,"max_hp_loss":0,"event_name":"The Woman in Blue","floor":29,"gold_loss":0},{"damage_healed":72,"gold_gain":0,"player_choice":"Heal","damage_taken":0,"max_hp_gain":0,"max_hp_loss":10,"event_name":"The Moai Head","floor":42,"gold_loss":0},{"damage_healed":0,"gold_gain":0,"player_choice":"Fight","damage_taken":0,"max_hp_gain":0,"max_hp_loss":0,"event_name":"Mysterious Sphere","floor":45,"gold_loss":0}],"is_beta":false,"boss_relics":[{"not_picked":["Fusion Hammer","Velvet Choker"],"picked":"Pandora\u0027s Box"},{"not_picked":["Busted Crown","Runic Pyramid"],"picked":"Nuclear Battery"}],"items_purged_floors":[4],"is_endless":false,"potions_floor_spawned":[5,11,18,24,31,33,37,39,44],"killed_by":"Time Eater","ascension_level":6}}