{"host":"ex9ev9v5sog028vn","time":1613021824,"event":{"mods":["Act Like it!","BaseMod","Block Reminder","Minty Spire (QoL Compilation)","Quick Restart","Relic Stats","StSLib","The Bug Knight"],"gold_per_floor":[117,42,42,117,129,164,164,193,193,193,193],"floor_reached":10,"language":"ENG","playtime":282,"items_purged":["Decay"],"score":148,"play_id":"89a94546-4d54-4ec3-8eca-454631dc0afc","local_time":"20210211023704","is_ascension_mode":true,"campfire_choices":[],"circlet_count":0,"master_deck":["AscendersBane","Strike_P","Strike_P","Strike_P","Strike_P","Defend_P","Defend_P","Defend_P","Defend_P","Eruption","Vigilance","Protect","SashWhip","Brilliance","EmptyFist"],"relics":["PureWater","Ginger","Mango","Gremlin Horn","White Beast Statue"],"acts_visited":[],"potions_floor_usage":[8],"damage_taken":[{"damage":0.0,"enemies":"Cultist","floor":1.0,"turns":2.0},{"damage":0.0,"enemies":"2 Louse","floor":5.0,"turns":3.0},{"damage":10.0,"enemies":"Gremlin Nob","floor":6.0,"turns":3.0},{"damage":48,"enemies":"Lagavulin","floor":8,"turns":9},{"damage":12,"enemies":"3 Sentries","floor":10,"turns":2}],"seed_played":"2203861066837357242","potions_obtained":[{"floor":1.0,"key":"Dexterity Potion"},{"floor":6.0,"key":"BottledMiracle"}],"is_trial":false,"path_per_floor":["M","$","$","?","M","E","?","E","T","E"],"character_chosen":"WATCHER","items_purchased":[],"campfire_rested":0,"item_purchase_floors":[],"current_hp_per_floor":[61,61,61,50,50,54,54,6,6,0,0],"gold":193,"neow_bonus":"ONE_RARE_RELIC","is_daily":false,"chose_seed":false,"campfire_upgraded":0,"win_rate":0.0,"timestamp":1613021824,"path_taken":["M","?","$","?","M","E","?","E","T","E"],"items_purchased_type":[],"build_version":"2020-12-22","purchased_purges":1,"victory":false,"max_hp_per_floor":[68,68,68,68,68,82,82,82,82,82,82],"relic_stats":{"Gremlin Horn":[0,0],"counters":[5,19],"Ginger":[0],"obtain_stats":[{"Gremlin Horn":8,"Mango":6,"Ginger":0,"PureWater":0,"White Beast Statue":9},{"Gremlin Horn":4,"Mango":3,"Ginger":0,"PureWater":0,"White Beast Statue":4},{"Gremlin Horn":17,"Mango":8,"Ginger":0,"PureWater":0,"White Beast Statue":17}]},"card_choices":[{"not_picked":["Crescendo","Prostrate"],"picked":"Protect","floor":1.0},{"not_picked":["ClearTheMind","Evaluate"],"picked":"SashWhip","floor":5.0},{"not_picked":["EmptyMind","FlurryOfBlows"],"picked":"Brilliance","floor":6.0},{"not_picked":["Halt","EmptyBody"],"picked":"EmptyFist","floor":8}],"player_experience":706121,"relics_obtained":[{"floor":6.0,"key":"Mango"},{"floor":8,"key":"Gremlin Horn"},{"floor":9,"key":"White Beast Statue"}],"event_choices":[{"damage_healed":0.0,"max_hp_gain":0.0,"max_hp_loss":0.0,"gold_gain":75.0,"event_name":"World of Goop","player_choice":"Gather Gold","floor":4.0,"gold_loss":0.0,"damage_taken":11.0},{"damage_healed":0.0,"max_hp_gain":0.0,"max_hp_loss":0.0,"gold_gain":0.0,"event_name":"Liars Game","player_choice":"Ignored","floor":7.0,"gold_loss":0.0,"damage_taken":0.0}],"is_beta":false,"boss_relics":[],"items_purged_floors":[2],"is_endless":false,"potions_floor_spawned":[1,6],"killed_by":"3 Sentries","ascension_level":20}}