{"host":"5wwct7e0z3l0f094","time":1613017145,"event":{"mods":["AchievementEnabler","Act Like it!","BaseMod","Hallownest","Highlight Path","Minty Spire (QoL Compilation)","StSLib","SuperFastMode","The Bug Knight"],"gold_per_floor":[118,0,0,40,60,60,60,95,149,176,176,176,202,216,216,320,320,336,336,336,348,368,368,395,395,447,257,287,79,92,146,146,250,250,265,281,201,116,116,146,1,21,101,153,153,68,99,110,110,110,110,110,0,28,28,28],"floor_reached":55,"language":"ENG","playtime":3806,"items_purged":["HollowMod:QuickDashStart","HollowMod:QuickDashStart","HollowMod:BlackTendrils","HollowMod:CornifersMapStart"],"score":879,"play_id":"63a011a7-8960-4270-8029-5f35ceb992b1","local_time":"20210210231905","is_ascension_mode":false,"campfire_choices":[{"data":"HollowMod:FocusHealStart","floor":6,"key":"SMITH"},{"data":"HollowMod:CycloneSlash","floor":11,"key":"SMITH"},{"data":"HollowMod:Hiveblood","floor":15,"key":"SMITH"},{"data":"HollowMod:Weaversong","floor":23,"key":"SMITH"},{"floor":32,"key":"REST"},{"floor":49,"key":"RECALL"},{"data":"Hallownest:attackMasterDashSlash","floor":52,"key":"SMITH"}],"circlet_count":0,"master_deck":["HollowMod:NailStrikeStart","HollowMod:NailStrikeStart","HollowMod:NailStrikeStart","HollowMod:FocusHealStart+1","HollowMod:PogoStrike","HollowMod:ChannelNail","HollowMod:CycloneSlash+1","HollowMod:NewLittleFool","HollowMod:Hiveblood+1","HollowMod:Weaversong+1","HollowMod:HowlingWraiths","HollowMod:ZotesMagnificence","HollowMod:PureNailStrike","HollowMod:VengefulSpirit+1","HollowMod:HuntersJournal","Hallownest:attackMasterDashSlash+1","Hallownest:skillKingdomsEdgeMap","HollowMod:SlysStrikes"],"relics":["HollowMod:VesselMask","NeowsBlessing","Hallownest:BankAccountRelic","Prayer Wheel","White Beast Statue","Art of War","Strawberry","Hallownest:DreamNailRelic","HollowMod:MillibellesNoteRelic","Black Star","Hallownest:WatcherSealRelic","Omamori","Orichalcum","Bronze Scales","Juzu Bracelet","MealTicket","Blue Candle","Bag of Marbles","Coffee Dripper","Hallownest:BeastSealRelic","Potion Belt","Toxic Egg 2","Hallownest:SoulVesselRelic","Ancient Tea Set","Akabeko","Question Card","Anchor","HollowMod:KingsBrand"],"acts_visited":["Exordium","Hallownest:Greenpath","Hallownest:CityofTears","TheEnding"],"potions_floor_usage":[13,18,47,50,50,50,55],"damage_taken":[{"damage":0,"enemies":"Hallownest:2_Baldur","floor":1,"turns":2},{"damage":0,"enemies":"Hallownest:monsterMarmu","floor":3,"turns":1},{"damage":0,"enemies":"Hallownest:2_MossCreeps","floor":5,"turns":1},{"damage":9,"enemies":"Hallownest:eliteMossKnight","floor":8,"turns":13},{"damage":8,"enemies":"Hallownest:eliteVengeflyKing","floor":10,"turns":8},{"damage":0,"enemies":"Hallownest:eliteCrystalGuardian","floor":13,"turns":5},{"damage":1,"enemies":"Hallownest:monsterHuskWarrior","floor":14,"turns":3},{"damage":98,"enemies":"Hallownest:BossBrokenVessel","floor":16,"turns":10},{"damage":32,"enemies":"Hallownest:2_Mistakes","floor":18,"turns":8},{"damage":24,"enemies":"Hallownest:3_Youths","floor":21,"turns":5},{"damage":26,"enemies":"Hallownest:monsterShrumalOgre","floor":22,"turns":4},{"damage":14,"enemies":"Hallownest:Nosk","floor":24,"turns":5},{"damage":22,"enemies":"Hallownest:Nosk","floor":25,"turns":4},{"damage":45,"enemies":"Hallownest:eliteSoulWarrior","floor":28,"turns":4},{"damage":30,"enemies":"Hallownest:Master_and_Novice","floor":30,"turns":3},{"damage":40,"enemies":"Hallownest:Glutton_and_Coward","floor":31,"turns":3},{"damage":69,"enemies":"Hallownest:BossSoulMaster","floor":33,"turns":8},{"damage":32,"enemies":"Hallownest:3_Siblings","floor":35,"turns":4},{"damage":30,"enemies":"Hallownest:2_Littles","floor":36,"turns":4},{"damage":43,"enemies":"Hallownest:eliteHiveKnight","floor":40,"turns":5},{"damage":14,"enemies":"Hallownest:2_Great","floor":42,"turns":3},{"damage":50,"enemies":"Hallownest:StalkingDevout","floor":47,"turns":4},{"damage":25,"enemies":"Hallownest:Slobbering_and_Violent","floor":48,"turns":4},{"damage":90,"enemies":"Hallownest:Radiance","floor":50,"turns":9},{"damage":42,"enemies":"Shield and Spear","floor":54,"turns":4},{"damage":74,"enemies":"The Heart","floor":55,"turns":2}],"seed_played":"5063591984812102136","potions_obtained":[{"floor":1,"key":"Block Potion"},{"floor":5,"key":"GamblersBrew"},{"floor":8,"key":"BlessingOfTheForge"},{"floor":10,"key":"Fire Potion"},{"floor":13,"key":"Block Potion"},{"floor":14,"key":"Energy Potion"},{"floor":18,"key":"Explosive Potion"},{"floor":24,"key":"FairyPotion"},{"floor":40,"key":"DuplicationPotion"},{"floor":42,"key":"Dexterity Potion"},{"floor":47,"key":"Block Potion"},{"floor":54,"key":"LiquidBronze"}],"is_trial":false,"path_per_floor":["M","?","?","$","M","R","T","E","T","E","R","?","E","M","R","B",null,"M","?","?","M","M","R","E","?","T","$","E","$","M","M","R","B",null,"M","M","?","?","?","E","?","M","T","T","?","$","E","M","R","B",null,"R","$","E","B"],"character_chosen":"THE_BUGKNIGHT","items_purchased":["Juzu Bracelet","Bag of Marbles"],"campfire_rested":1,"item_purchase_floors":[27,29],"current_hp_per_floor":[75,75,75,75,75,75,75,72,72,81,81,81,82,82,82,20,82,80,76,76,80,71,71,81,82,82,82,56,71,60,39,63,34,82,58,51,51,51,51,36,36,35,35,35,50,65,39,32,32,33,82,82,82,46,0,0],"gold":28,"neow_bonus":"THREE_ENEMY_KILL","is_daily":false,"chose_seed":false,"campfire_upgraded":5,"win_rate":0.0,"timestamp":1613017145,"path_taken":["M","?","?","?","M","R","?","E","T","E","R","?","E","M","R","BOSS","M","?","?","M","M","R","E","?","T","$","E","?","M","M","R","BOSS","M","M","?","?","?","E","?","M","T","?","?","$","E","M","R","BOSS","R","$","E","BOSS"],"items_purchased_type":["Relic","Relic"],"build_version":"2020-12-22","purchased_purges":4,"victory":false,"max_hp_per_floor":[75,75,75,75,75,75,75,75,75,82,82,82,82,82,82,82,82,82,82,82,82,82,82,82,82,82,82,82,82,82,82,82,82,82,82,82,82,82,82,82,82,82,82,82,82,82,82,82,82,82,82,82,82,82,82,82],"card_choices":[{"not_picked":["HollowMod:SiblingsSouls","HollowMod:SoulShaman"],"picked":"HollowMod:ChannelNail","floor":1},{"not_picked":["HollowMod:SharpenedShadows","HollowMod:GoodIntentions"],"picked":"HollowMod:CornifersMapStart","floor":5},{"not_picked":["HollowMod:VengefulVoid","HollowMod:TaintedHusks"],"picked":"HollowMod:CycloneSlash","floor":8},{"not_picked":["HollowMod:SharpenedNail","HollowMod:GrimmsGift"],"picked":"HollowMod:NewLittleFool","floor":10},{"not_picked":["HollowMod:WraithStrike","HollowMod:DashSlash","HollowMod:LifebloodCocoon"],"picked":"SKIP","floor":13},{"not_picked":["HollowMod:SiblingsSouls","HollowMod:CycloneSlash"],"picked":"HollowMod:Hiveblood","floor":14},{"not_picked":["HollowMod:TaintedHusks","HollowMod:DashSlash","HollowMod:WraithStrike"],"picked":"SKIP","floor":14},{"not_picked":["HollowMod:LifebloodCore","HollowMod:ZotesMagnificence"],"picked":"HollowMod:Weaversong","floor":16},{"not_picked":["HollowMod:FastStrike","HollowMod:HuntersJournal"],"picked":"HollowMod:HowlingWraiths","floor":18},{"not_picked":["HollowMod:InfectedAttack","HollowMod:HeavyBlow","HollowMod:ShadowDash"],"picked":"SKIP","floor":18},{"not_picked":["HollowMod:CycloneSlash","HollowMod:HuntersJournal+1"],"picked":"HollowMod:ZotesMagnificence","floor":21},{"not_picked":["HollowMod:TaintedHusks","HollowMod:NewLittleFool","HollowMod:SoulSplash"],"picked":"SKIP","floor":21},{"not_picked":["HollowMod:NewGlowingWomb","HollowMod:DescendingDark"],"picked":"HollowMod:PureNailStrike","floor":22},{"not_picked":["HollowMod:DungDefenderAura","HollowMod:DashSlash","HollowMod:TaintedHusks"],"picked":"SKIP","floor":22},{"not_picked":["HollowMod:SoulEater","HollowMod:MonarchWings"],"picked":"HollowMod:VengefulSpirit+1","floor":24},{"not_picked":["HollowMod:SiblingsSouls+1","HollowMod:NewLittleFool+1","HollowMod:InfectedAttack+1"],"picked":"SKIP","floor":28},{"not_picked":["HollowMod:DreamGate","HollowMod:CornifersMapStart+1","HollowMod:ElderbugsWisdom"],"picked":"SKIP","floor":30},{"not_picked":["HollowMod:SiblingsSouls","HollowMod:TaintedHusks","HollowMod:CrystalDash"],"picked":"SKIP","floor":30},{"not_picked":["HollowMod:DescendingDark","HollowMod:NewLittleFool"],"picked":"HollowMod:HuntersJournal","floor":31},{"not_picked":["HollowMod:TaintedHusks+1","HollowMod:InfectedAttack"],"picked":"HollowMod:BlackTendrils","floor":31},{"not_picked":["HollowMod:BlackTendrils","HollowMod:VengefulVoid","HollowMod:NewLittleFool"],"picked":"SKIP","floor":35},{"not_picked":["HollowMod:GoodIntentions+1","HollowMod:QuirrelsAssistance+1","HollowMod:CloakDash"],"picked":"SKIP","floor":35},{"not_picked":["HollowMod:NewLittleFool+1","HollowMod:BlackTendrils","HollowMod:MonarchWings+1"],"picked":"SKIP","floor":36},{"not_picked":["HollowMod:InfectedCysts","HollowMod:NewLittleFool+1","HollowMod:VengefulVoid"],"picked":"SKIP","floor":36},{"not_picked":["HollowMod:HeavyBlow+1","HollowMod:MonarchWings+1","HollowMod:HowlingWraiths+1"],"picked":"SKIP","floor":40},{"not_picked":["HollowMod:SoulSplash+1","HollowMod:QuirrelsAssistance+1"],"picked":"HollowMod:SlysStrikes","floor":42},{"not_picked":["HollowMod:ShadowDash+1","HollowMod:QuirrelsAssistance+1","HollowMod:HowlingWraiths+1"],"picked":"SKIP","floor":42},{"not_picked":["HollowMod:SoulVessel","HollowMod:DashSlash+1","HollowMod:NewGlowingWomb+1"],"picked":"SKIP","floor":47},{"not_picked":["HollowMod:DescendingDark+1","HollowMod:CycloneSlash+1","HollowMod:SharpenedNail","HollowMod:DashSlash+1"],"picked":"SKIP","floor":48},{"not_picked":["HollowMod:CloakDash+1","HollowMod:InfectedCysts+1","HollowMod:DescendingDark","HollowMod:AbyssShriek"],"picked":"SKIP","floor":48},{"not_picked":["HollowMod:WraithStrike+1","HollowMod:SoulMaster","HollowMod:ChannelNail+1","HollowMod:LifebloodCocoon+1"],"picked":"SKIP","floor":54}],"player_experience":308212,"relics_obtained":[{"floor":7,"key":"Prayer Wheel"},{"floor":8,"key":"White Beast Statue"},{"floor":9,"key":"Art of War"},{"floor":10,"key":"Strawberry"},{"floor":13,"key":"HollowMod:MillibellesNoteRelic"},{"floor":24,"key":"Omamori"},{"floor":24,"key":"Orichalcum"},{"floor":26,"key":"Bronze Scales"},{"floor":28,"key":"MealTicket"},{"floor":28,"key":"Blue Candle"},{"floor":40,"key":"Potion Belt"},{"floor":40,"key":"Toxic Egg 2"},{"floor":44,"key":"Ancient Tea Set"},{"floor":47,"key":"Akabeko"},{"floor":47,"key":"Question Card"},{"floor":54,"key":"Anchor"},{"floor":54,"key":"HollowMod:KingsBrand"}],"event_choices":[],"is_beta":false,"boss_relics":[{"not_picked":["Busted Crown","Fusion Hammer"],"picked":"Black Star"},{"not_picked":["SacredBark","Runic Dome"],"picked":"Coffee Dripper"}],"items_purged_floors":[27,29,46,53],"is_endless":false,"potions_floor_spawned":[1,5,8,10,13,14,16,18,21,22,24,25,28,30,31,33,35,36,40,42,47,48,54],"killed_by":"The Heart","ascension_level":0}}