{"host":"2lo6hma6kymb0g9i","time":1613033211,"event":{"mods":["BaseMod","Colored Map","DeckTracker","Minty Spire (QoL Compilation)"],"gold_per_floor":[115,115,115,115,130,169,169,203,203,226,247,261,261,299,299,388,388,413,338,361,361,374,409,409,409],"floor_reached":24,"language":"JPN","playtime":1375,"items_purged":["Strike_R"],"score":522,"play_id":"428fb345-d97b-4f27-8db4-871cdf46d98d","local_time":"20210211174651","is_ascension_mode":true,"campfire_choices":[{"data":"Uppercut","floor":7,"key":"SMITH"},{"data":"Armaments","floor":15,"key":"SMITH"}],"circlet_count":0,"master_deck":["AscendersBane","Strike_R","Strike_R","Strike_R","Defend_R","Defend_R","Defend_R","Defend_R","Bash+1","Uppercut+1","Dropkick","Dropkick","Armaments+1","Havoc","Pommel Strike","Offering","True Grit","Ghostly Armor","Second Wind","Warcry"],"relics":["Burning Blood","NeowsBlessing","Golden Idol","Blue Candle","Self Forming Clay","Red Skull","Ancient Tea Set","Fusion Hammer","PreservedInsect"],"acts_visited":["Exordium","TheCity"],"potions_floor_usage":[8,8,8,11,18,23],"damage_taken":[{"damage":0,"enemies":"2 Louse","floor":1,"turns":1},{"damage":0,"enemies":"Small Slimes","floor":5,"turns":1},{"damage":0,"enemies":"Lagavulin","floor":6,"turns":1},{"damage":25,"enemies":"3 Sentries","floor":8,"turns":6},{"damage":1,"enemies":"Cultist","floor":10,"turns":3},{"damage":20,"enemies":"Large Slime","floor":11,"turns":5},{"damage":5,"enemies":"Blue Slaver","floor":12,"turns":3},{"damage":6,"enemies":"Gremlin Nob","floor":14,"turns":3},{"damage":18,"enemies":"The Guardian","floor":16,"turns":10},{"damage":10,"enemies":"Shell Parasite","floor":18,"turns":3},{"damage":13,"enemies":"3 Byrds","floor":20,"turns":6},{"damage":23,"enemies":"Shelled Parasite and Fungi","floor":22,"turns":5},{"damage":60,"enemies":"Gremlin Leader","floor":23,"turns":7},{"damage":6,"enemies":"3 Cultists","floor":24,"turns":3}],"seed_played":"1682861794532572046","potions_obtained":[{"floor":5,"key":"EntropicBrew"},{"floor":6,"key":"Fire Potion"},{"floor":8,"key":"FairyPotion"},{"floor":11,"key":"Fruit Juice"},{"floor":14,"key":"Block Potion"},{"floor":22,"key":"LiquidBronze"}],"is_trial":false,"path_per_floor":["M","$","?","?","M","E","R","E","T","M","M","M","?","E","R","B",null,"M","$","M","?","M","E","M"],"character_chosen":"IRONCLAD","items_purchased":[],"campfire_rested":0,"item_purchase_floors":[],"current_hp_per_floor":[74,74,48,48,54,60,60,41,41,46,37,38,38,38,38,26,67,63,63,56,56,39,12,6,6],"gold":409,"neow_bonus":"THREE_ENEMY_KILL","is_daily":false,"chose_seed":false,"campfire_upgraded":2,"win_rate":0.0,"timestamp":1613033211,"path_taken":["M","$","?","?","M","E","R","E","T","M","M","?","?","E","R","BOSS","M","$","M","?","M","E","M"],"items_purchased_type":[],"build_version":"2020-12-22","purchased_purges":1,"victory":false,"max_hp_per_floor":[75,75,75,75,75,75,75,75,75,75,80,80,80,80,80,80,80,80,80,80,80,80,80,80,80],"card_choices":[{"not_picked":["Flex","Iron Wave","Rupture"],"picked":"SKIP","floor":1},{"not_picked":["Shockwave","Second Wind"],"picked":"Uppercut","floor":5},{"not_picked":["Pummel","Heavy Blade"],"picked":"Dropkick","floor":6},{"not_picked":["Combust","Disarm"],"picked":"Dropkick","floor":8},{"not_picked":["Iron Wave","Combust","Pummel"],"picked":"SKIP","floor":10},{"not_picked":["Inflame","Clash"],"picked":"Armaments","floor":11},{"not_picked":["Headbutt","Sword Boomerang"],"picked":"Havoc","floor":12},{"not_picked":["Shrug It Off","Perfected Strike"],"picked":"Pommel Strike","floor":14},{"not_picked":["Bludgeon","Brutality"],"picked":"Offering","floor":16},{"not_picked":["Flex","Clash"],"picked":"True Grit","floor":18},{"not_picked":["Searing Blow","Twin Strike"],"picked":"Ghostly Armor","floor":20},{"not_picked":["Twin Strike","Thunderclap"],"picked":"Second Wind","floor":22},{"not_picked":["Barricade","Sentinel"],"picked":"Warcry","floor":23}],"player_experience":1174181,"relics_obtained":[{"floor":6,"key":"Blue Candle"},{"floor":8,"key":"Self Forming Clay"},{"floor":9,"key":"Red Skull"},{"floor":14,"key":"Ancient Tea Set"},{"floor":23,"key":"PreservedInsect"}],"event_choices":[{"damage_healed":0,"gold_gain":0,"player_choice":"Take Damage","damage_taken":26,"relics_obtained":["Golden Idol"],"max_hp_gain":0,"max_hp_loss":0,"event_name":"Golden Idol","floor":3,"gold_loss":0},{"damage_healed":0,"gold_gain":0,"player_choice":"Upgraded","damage_taken":0,"max_hp_gain":0,"max_hp_loss":0,"event_name":"Upgrade Shrine","floor":4,"gold_loss":0,"cards_upgraded":["Bash"]},{"cards_removed":["Strike_R"],"damage_healed":0,"gold_gain":0,"player_choice":"Forget","damage_taken":0,"max_hp_gain":0,"max_hp_loss":0,"event_name":"Living Wall","floor":13,"gold_loss":0},{"damage_healed":0,"gold_gain":0,"player_choice":"Ignored","damage_taken":0,"max_hp_gain":0,"max_hp_loss":0,"event_name":"Ghosts","floor":21,"gold_loss":0}],"is_beta":false,"boss_relics":[{"not_picked":["Runic Cube","Tiny House"],"picked":"Fusion Hammer"}],"items_purged_floors":[19],"is_endless":false,"potions_floor_spawned":[5,6,8,11,14,22],"killed_by":"3 Cultists","ascension_level":20}}