{"host":"00f1p9ihhzi7hxfk","time":1613033088,"event":{"mods":["AchievementEnabler","BaseMod","Colored Map","Colored Powertips","Minty Spire (QoL Compilation)","Rare Cards Sparkle","Relic Stats"],"gold_per_floor":[18,28,48,48,62,91,91,117,117,117,117,89,89,102,102,202,202,202,172,172,97,97,97,48,48,48,48,48,48,48,48,48,48,48,48,48,48,48,48,48,48,48,48,48,48,48,48,48,48,48,48],"floor_reached":50,"language":"DEU","playtime":3276,"items_purged":["Parasite"],"score":503,"play_id":"a667070d-f873-40e2-a90a-ab1505947e8d","local_time":"20210211094448","is_ascension_mode":false,"campfire_choices":[{"data":"Searing Blow","floor":7.0,"key":"SMITH"},{"data":"Searing Blow+1","floor":10.0,"key":"SMITH"},{"data":"Searing Blow+2","floor":13.0,"key":"SMITH"},{"data":"Searing Blow+3","floor":15.0,"key":"SMITH"},{"data":"Searing Blow+4","floor":23.0,"key":"SMITH"},{"data":"Searing Blow+5","floor":29.0,"key":"SMITH"},{"data":"Searing Blow+6","floor":32,"key":"SMITH"},{"data":"Searing Blow+7","floor":40,"key":"SMITH"},{"data":"Searing Blow+8","floor":42,"key":"SMITH"},{"data":"Searing Blow+9","floor":47,"key":"SMITH"},{"data":"Searing Blow+10","floor":49,"key":"SMITH"}],"circlet_count":0,"master_deck":["Strike_R","Strike_R","Strike_R","Strike_R","Strike_R+1","Defend_R","Defend_R","Defend_R+1","Defend_R","Bash","Mayhem","Searing Blow+11","Shrug It Off","Warcry","Dual Wield","Shockwave","Armaments","Armaments+1","Headbutt+1","Iron Wave+1","Regret","Anger","Parasite","Whirlwind+1","Panacea","Pommel Strike+1"],"relics":["Black Blood","Juzu Bracelet","CaptainsWheel","Gambling Chip","Ectoplasm","Boot","Ornamental Fan","Bag of Marbles"],"acts_visited":["Exordium","TheCity","TheBeyond"],"potions_floor_usage":[31,33],"damage_taken":[{"damage":7.0,"enemies":"2 Louse","floor":1.0,"turns":3.0},{"damage":14.0,"enemies":"Jaw Worm","floor":2.0,"turns":4.0},{"damage":13.0,"enemies":"Cultist","floor":3.0,"turns":5.0},{"damage":3.0,"enemies":"Large Slime","floor":5.0,"turns":5.0},{"damage":20.0,"enemies":"Gremlin Nob","floor":6.0,"turns":4.0},{"damage":36.0,"enemies":"Lagavulin","floor":8.0,"turns":7.0},{"damage":8.0,"enemies":"Exordium Thugs","floor":12.0,"turns":5.0},{"damage":9.0,"enemies":"Red Slaver","floor":14.0,"turns":4.0},{"damage":17.0,"enemies":"Slime Boss","floor":16.0,"turns":4.0},{"damage":10.0,"enemies":"Chosen","floor":18.0,"turns":4.0},{"damage":14.0,"enemies":"2 Thieves","floor":19.0,"turns":3.0},{"damage":13.0,"enemies":"Cultist and Chosen","floor":20.0,"turns":5.0},{"damage":20.0,"enemies":"Snake Plant","floor":22.0,"turns":3.0},{"damage":6.0,"enemies":"Shelled Parasite and Fungi","floor":27.0,"turns":3.0},{"damage":20.0,"enemies":"Sentry and Sphere","floor":30.0,"turns":6.0},{"damage":10,"enemies":"Gremlin Leader","floor":31,"turns":4},{"damage":8,"enemies":"Collector","floor":33,"turns":5},{"damage":0,"enemies":"Orb Walker","floor":35,"turns":2},{"damage":9,"enemies":"3 Shapes","floor":36,"turns":4},{"damage":18,"enemies":"Jaw Worm Horde","floor":38,"turns":6},{"damage":22,"enemies":"Writhing Mass","floor":39,"turns":7},{"damage":12,"enemies":"3 Darklings","floor":44,"turns":4},{"damage":12,"enemies":"Sphere and 2 Shapes","floor":45,"turns":4},{"damage":20,"enemies":"Transient","floor":48,"turns":5},{"damage":89,"enemies":"Awakened One","floor":50,"turns":4}],"seed_played":"-2880362492409227764","potions_obtained":[{"floor":2.0,"key":"LiquidMemories"},{"floor":3.0,"key":"CultistPotion"},{"floor":6.0,"key":"SpeedPotion"},{"floor":8.0,"key":"BloodPotion"},{"floor":14.0,"key":"ColorlessPotion"},{"floor":16.0,"key":"SkillPotion"},{"floor":19.0,"key":"Energy Potion"},{"floor":20.0,"key":"Fruit Juice"},{"floor":25.0,"key":"AttackPotion"},{"floor":25.0,"key":"Energy Potion"},{"floor":27.0,"key":"BloodPotion"},{"floor":31,"key":"Strength Potion"},{"floor":36,"key":"FairyPotion"},{"floor":39,"key":"Energy Potion"},{"floor":44,"key":"Dexterity Potion"}],"is_trial":false,"path_per_floor":["M","M","M","?","M","E","R","E","T","R","?","M","R","M","R","B",null,"M","M","M","$","M","R","$","?","T","M","?","R","M","E","R","B",null,"M","M","?","M","M","R","$","R","T","M","M","?","R","M","R","B"],"character_chosen":"IRONCLAD","items_purchased":["Explosive Potion"],"campfire_rested":0,"item_purchase_floors":[24],"current_hp_per_floor":[79,71,64,48,51,37,37,23,23,23,43,41,41,38,38,27,80,76,68,66,66,52,52,52,52,52,52,52,52,54,50,50,48,82,82,82,82,76,66,66,66,66,66,66,66,56,56,48,48,0,0],"gold":48,"neow_bonus":"RANDOM_COLORLESS_2","is_daily":false,"chose_seed":false,"campfire_upgraded":11,"win_rate":0.0,"timestamp":1613033088,"path_taken":["M","M","M","?","M","E","R","E","T","R","?","M","R","M","R","BOSS","M","M","M","$","M","R","$","?","T","M","?","R","M","E","R","BOSS","M","M","?","M","M","R","?","R","T","M","M","?","R","M","R","BOSS"],"items_purchased_type":["Potion"],"build_version":"2020-12-22","purchased_purges":1,"victory":false,"max_hp_per_floor":[80,80,80,80,80,80,80,80,80,80,80,80,80,80,80,80,80,80,80,85,82,82,82,82,82,82,82,82,82,82,82,82,82,82,82,82,82,82,82,82,82,82,82,82,82,82,82,82,82,82,82],"relic_stats":{"counters":[25,110],"Ornamental Fan":[28],"Gambling Chip":[38],"Black Blood":171,"Ectoplasm":647,"Juzu Bracelet":1,"Boot":[15],"obtain_stats":[{"CaptainsWheel":8,"Ornamental Fan":31,"Gambling Chip":9,"Black Blood":34,"Ectoplasm":17,"Juzu Bracelet":6,"Bag of Marbles":43,"Boot":26,"Burning Blood":0},{"CaptainsWheel":6,"Ornamental Fan":16,"Gambling Chip":6,"Black Blood":17,"Ectoplasm":9,"Juzu Bracelet":5,"Bag of Marbles":21,"Boot":13,"Burning Blood":0},{"CaptainsWheel":28,"Ornamental Fan":69,"Gambling Chip":28,"Black Blood":74,"Ectoplasm":41,"Juzu Bracelet":21,"Bag of Marbles":93,"Boot":56,"Burning Blood":0}]},"card_choices":[{"not_picked":["Sadistic Nature","Violence"],"picked":"Mayhem","floor":0.0},{"not_picked":["True Grit","Flex"],"picked":"Searing Blow","floor":1.0},{"not_picked":["Feel No Pain","Headbutt"],"picked":"Shrug It Off","floor":2.0},{"not_picked":["Thunderclap","Clothesline"],"picked":"Warcry","floor":3.0},{"not_picked":["Body Slam","Infernal Blade","Warcry"],"picked":"SKIP","floor":5.0},{"not_picked":["Flame Barrier","Body Slam"],"picked":"Dual Wield","floor":6.0},{"not_picked":["Heavy Blade","Headbutt"],"picked":"Shockwave","floor":8.0},{"not_picked":["Ghostly Armor","Clothesline"],"picked":"Armaments","floor":12.0},{"not_picked":["Rupture","Intimidate","Pummel"],"picked":"SKIP","floor":14.0},{"not_picked":["Headbutt","Havoc","Cleave"],"picked":"SKIP","floor":18.0},{"not_picked":["Clash+1","Brutality"],"picked":"Armaments+1","floor":19.0},{"not_picked":["Iron Wave","Sword Boomerang+1"],"picked":"Headbutt+1","floor":20.0},{"not_picked":["Bloodletting","Clash","Warcry"],"picked":"SKIP","floor":22.0},{"not_picked":["Anger","Body Slam","Whirlwind"],"picked":"SKIP","floor":27.0},{"not_picked":["Blood for Blood+1","Shockwave+1","True Grit"],"picked":"SKIP","floor":30.0},{"not_picked":["Sentinel","Second Wind+1","Dual Wield"],"picked":"SKIP","floor":31},{"not_picked":["Clothesline","Sentinel"],"picked":"Iron Wave+1","floor":35},{"not_picked":["Burning Pact+1","Fire Breathing","Thunderclap"],"picked":"SKIP","floor":36},{"not_picked":["Dual Wield","Sword Boomerang"],"picked":"Anger","floor":38},{"not_picked":["Feel No Pain+1","Thunderclap+1"],"picked":"Whirlwind+1","floor":39},{"not_picked":["Iron Wave+1","Shrug It Off","True Grit"],"picked":"SKIP","floor":44},{"not_picked":["Clothesline+1","Heavy Blade","Clash+1"],"picked":"SKIP","floor":45},{"not_picked":["Discovery","The Bomb"],"picked":"Panacea","floor":46},{"not_picked":["Havoc+1","Body Slam"],"picked":"Pommel Strike+1","floor":48}],"player_experience":100625,"relics_obtained":[{"floor":6.0,"key":"Juzu Bracelet"},{"floor":8.0,"key":"CaptainsWheel"},{"floor":9.0,"key":"Gambling Chip"},{"floor":26.0,"key":"Boot"},{"floor":31,"key":"Ornamental Fan"},{"floor":43,"key":"Bag of Marbles"}],"event_choices":[{"damage_healed":0.0,"max_hp_gain":0.0,"max_hp_loss":0.0,"gold_gain":0.0,"event_name":"Shining Light","player_choice":"Entered Light","floor":4.0,"gold_loss":0.0,"damage_taken":16.0,"cards_upgraded":["Strike_R","Defend_R"]},{"damage_healed":20.0,"max_hp_gain":0.0,"max_hp_loss":0.0,"gold_gain":0.0,"event_name":"Mushrooms","player_choice":"Healed and dodged fight","floor":11.0,"gold_loss":0.0,"damage_taken":0.0,"cards_obtained":["Parasite"]},{"damage_healed":0.0,"max_hp_gain":0.0,"max_hp_loss":0.0,"gold_gain":0.0,"event_name":"Lab","player_choice":"Got Potions","floor":25.0,"gold_loss":0.0,"damage_taken":0.0},{"damage_healed":0.0,"max_hp_gain":0.0,"max_hp_loss":0.0,"gold_gain":0.0,"event_name":"Ghosts","player_choice":"Ignored","floor":28.0,"gold_loss":0.0,"damage_taken":0.0},{"damage_healed":0,"gold_gain":275,"player_choice":"Desecrate","damage_taken":0,"max_hp_gain":0,"max_hp_loss":0,"event_name":"Golden Shrine","floor":37,"gold_loss":0,"cards_obtained":["Regret"]},{"damage_healed":0,"gold_gain":0,"player_choice":"Memory 3","damage_taken":10,"max_hp_gain":0,"max_hp_loss":0,"event_name":"SensoryStone","floor":46,"gold_loss":0}],"is_beta":false,"boss_relics":[{"not_picked":["Astrolabe","SacredBark"],"picked":"Ectoplasm"},{"not_picked":["Cursed Key","Sozu"],"picked":"Black Blood"}],"items_purged_floors":[21],"is_endless":false,"potions_floor_spawned":[2,3,6,8,14,16,19,20,27,31,36,39,44],"killed_by":"Awakened One","ascension_level":0}}