{"host":"y89x8uui45kcjy42","time":1613019203,"event":{"mods":["2.2 Compatiblity","BaseMod","CapriCore","Colored Map","Colored Powertips","Custom Start","Friendly Minions","Keyboard Shortcuts","Minty Spire (QoL Compilation)","Relic Stats","Slay the Relics Exporter","StSLib","SuperFastMode","Uncapped"],"gold_per_floor":[109,127,52,72,89,89,89,89,89,89,89,122,122,122,122,195,195,210,210,210,210,223,223,223,223,223],"floor_reached":25,"language":"KOR","playtime":510,"items_purged":["BattleHymn"],"score":444,"play_id":"51794e8d-27ca-4a58-80c9-09e92a013897","local_time":"20210211135323","is_ascension_mode":true,"campfire_choices":[{"data":"Eruption","floor":6,"key":"SMITH"},{"data":"Judgement","floor":7,"key":"SMITH"},{"data":"Crescendo","floor":8,"key":"SMITH"},{"data":"CutThroughFate","floor":10,"key":"SMITH"},{"data":"FlurryOfBlows","floor":11,"key":"SMITH"},{"data":"MentalFortress","floor":13,"key":"SMITH"},{"data":"Pray","floor":15,"key":"SMITH"},{"data":"Vigilance","floor":23,"key":"SMITH"},{"data":"Pray","floor":24,"key":"SMITH"}],"circlet_count":0,"master_deck":["AscendersBane","Eruption+1","Vigilance+1","Crescendo+1","Pray+1","WheelKick","Judgement+1","MentalFortress+1","FlurryOfBlows+1","CutThroughFate+1","Brilliance","Pray+1"],"relics":["Pandora\u0027s Box","Prayer Wheel","VioletLotus","Kunai","WingedGreaves"],"acts_visited":["TheCity"],"potions_floor_usage":[16,16],"damage_taken":[{"damage":6,"enemies":"Small Slimes","floor":1,"turns":2},{"damage":0,"enemies":"Cultist","floor":2,"turns":2},{"damage":0,"enemies":"2 Louse","floor":4,"turns":2},{"damage":17,"enemies":"Gremlin Gang","floor":5,"turns":4},{"damage":0,"enemies":"Gremlin Nob","floor":12,"turns":2},{"damage":12,"enemies":"Hexaghost","floor":16,"turns":6},{"damage":50,"enemies":"Shell Parasite","floor":18,"turns":3},{"damage":4,"enemies":"3 Byrds","floor":22,"turns":3},{"damage":74,"enemies":"Slavers","floor":25,"turns":3}],"seed_played":"5735297068480176405","potions_obtained":[{"floor":1,"key":"LiquidBronze"},{"floor":5,"key":"StancePotion"},{"floor":12,"key":"Energy Potion"},{"floor":16,"key":"StancePotion"}],"is_trial":false,"path_per_floor":["M","M","$","M","M","R","R","R","T","R","R","E","R","?","R","B",null,"M","?","?","$","M","R","R","E"],"character_chosen":"WATCHER","items_purchased":[],"campfire_rested":0,"item_purchase_floors":[],"current_hp_per_floor":[55,55,55,55,38,38,38,38,38,38,38,38,38,38,38,26,58,8,8,78,78,74,74,74,0,0],"gold":223,"neow_bonus":"BOSS_RELIC","is_daily":false,"chose_seed":false,"campfire_upgraded":9,"win_rate":0.0,"timestamp":1613019203,"path_taken":["M","M","$","M","M","R","R","R","T","R","R","E","R","?","R","BOSS","M","?","?","$","?","R","R","E"],"items_purchased_type":[],"build_version":"2020-12-22","purchased_purges":1,"victory":false,"max_hp_per_floor":[68,68,68,68,68,68,68,68,68,68,68,68,68,68,68,68,68,68,68,78,78,78,78,78,78,78],"relic_stats":{"counters":[9,27],"Pandora\u0027s Box":["Crescendo","BattleHymn","Pray","WheelKick","Judgement","Wish","MentalFortress","FollowUp"],"Prayer Wheel":2,"VioletLotus":[2],"Kunai":[1],"obtain_stats":[{"Pandora\u0027s Box":0,"Prayer Wheel":12,"WingedGreaves":5,"VioletLotus":17,"Kunai":21,"PureWater":0},{"Pandora\u0027s Box":0,"Prayer Wheel":5,"WingedGreaves":4,"VioletLotus":6,"Kunai":7,"PureWater":0},{"Pandora\u0027s Box":0,"Prayer Wheel":12,"WingedGreaves":10,"VioletLotus":18,"Kunai":21,"PureWater":0}]},"card_choices":[{"not_picked":["Pray","Halt"],"picked":"FlurryOfBlows","floor":1},{"not_picked":["Crescendo","DeceiveReality","JustLucky"],"picked":"SKIP","floor":2},{"not_picked":["Weave","JustLucky","Protect"],"picked":"SKIP","floor":4},{"not_picked":["FlyingSleeves","Swivel"],"picked":"CutThroughFate","floor":5},{"not_picked":["Collect","Halt","Worship"],"picked":"SKIP","floor":12},{"not_picked":["Blasphemy","SpiritShield"],"picked":"Brilliance","floor":16},{"not_picked":["Conclude+1","Protect"],"picked":"Pray","floor":18},{"not_picked":["CutThroughFate","FollowUp","EmptyFist"],"picked":"SKIP","floor":18},{"not_picked":["ClearTheMind","FlurryOfBlows","Pray"],"picked":"SKIP","floor":22},{"not_picked":["EmptyFist+1","ClearTheMind","SpiritShield"],"picked":"SKIP","floor":22}],"player_experience":688013,"relics_obtained":[{"floor":12,"key":"Prayer Wheel"}],"event_choices":[{"damage_healed":0,"gold_gain":0,"player_choice":"Got Potions","damage_taken":0,"max_hp_gain":0,"max_hp_loss":0,"event_name":"Lab","floor":14,"gold_loss":0},{"cards_removed":["FollowUp"],"damage_healed":0,"gold_gain":0,"player_choice":"Elegance","damage_taken":0,"max_hp_gain":0,"max_hp_loss":0,"event_name":"Back to Basics","floor":19,"gold_loss":0},{"cards_removed":["Wish"],"damage_healed":60,"gold_gain":0,"player_choice":"Offered Rare","damage_taken":0,"max_hp_gain":10,"max_hp_loss":0,"event_name":"Bonfire Elementals","floor":20,"gold_loss":0}],"is_beta":false,"boss_relics":[{"not_picked":["Calling Bell","Ectoplasm"],"picked":"VioletLotus"}],"items_purged_floors":[3],"is_endless":false,"potions_floor_spawned":[1,5,12,16],"killed_by":"Slavers","ascension_level":20}}