{"host":"wz9xchfsxwfj1bs2","time":1613048928,"event":{"mods":["BaseMod","Minty Spire (QoL Compilation)","Quick Restart","StSLib"],"gold_per_floor":[118,118,132,49,59,9,29,29,77,90,90,106,122,135,135,240,240,259,272,272,452,470,505,123,152,152,166,166,266,266,281,281,380,380,392,392,392,78,97,132,151,170,195,195,214,214,249,266,266,266,266,266,37,65,65],"floor_reached":56,"language":"ZHS","playtime":6027,"items_purged":["Defend_P"],"score":1442,"play_id":"86a3c2e7-e1b0-47a8-afca-e0985c0c4c73","local_time":"20210211210848","is_ascension_mode":true,"campfire_choices":[{"data":"Vault","floor":8.0,"key":"SMITH"},{"data":"Fasting2","floor":15.0,"key":"SMITH"},{"data":"Blasphemy","floor":30.0,"key":"SMITH"},{"data":"Vault","floor":32.0,"key":"SMITH"},{"floor":44.0,"key":"RECALL"},{"data":"DevaForm","floor":49.0,"key":"SMITH"},{"data":"ThirdEye","floor":52.0,"key":"SMITH"}],"circlet_count":0,"master_deck":["Strike_P+1","Strike_P+1","Defend_P","Defend_P+1","Eruption+1","Vigilance+1","Vault+1","Tantrum+1","Conclude+1","InnerPeace+1","Fasting2+1","LessonLearned+1","ClearTheMind+1","Vault+1","DevaForm+1","Blasphemy+1","ThirdEye+1","Crescendo+1","Wireheading+1","WreathOfFlame+1","Consecrate+1","Omniscience+1","Perseverance+1","ForeignInfluence+1","Omniscience+1","WheelKick+1","BattleHymn"],"relics":["PureWater","Happy Flower","Ornamental Fan","Coffee Dripper","Letter Opener","Orrery","Vajra","Blood Vial","Thread and Needle","Darkstone Periapt","Cursed Key","Lizard Tail","Omamori","Whetstone","Meat on the Bone","Bag of Preparation","Pear"],"acts_visited":["Exordium","TheCity","TheBeyond","TheEnding"],"potions_floor_usage":[55],"damage_taken":[{"damage":0.0,"enemies":"Small Slimes","floor":1.0,"turns":3.0},{"damage":0.0,"enemies":"Cultist","floor":3.0,"turns":4.0},{"damage":0.0,"enemies":"Jaw Worm","floor":5.0,"turns":2.0},{"damage":17.0,"enemies":"Gremlin Gang","floor":7.0,"turns":4.0},{"damage":0.0,"enemies":"Large Slime","floor":10.0,"turns":4.0},{"damage":0.0,"enemies":"Blue Slaver","floor":12.0,"turns":2.0},{"damage":6.0,"enemies":"Gremlin Gang","floor":13.0,"turns":3.0},{"damage":4.0,"enemies":"3 Louse","floor":14.0,"turns":3.0},{"damage":44.0,"enemies":"The Guardian","floor":16.0,"turns":14.0},{"damage":4.0,"enemies":"Shell Parasite","floor":18.0,"turns":4.0},{"damage":0.0,"enemies":"Spheric Guardian","floor":19.0,"turns":2.0},{"damage":3.0,"enemies":"3 Cultists","floor":22.0,"turns":4.0},{"damage":12.0,"enemies":"Gremlin Leader","floor":23.0,"turns":5.0},{"damage":14.0,"enemies":"Slavers","floor":25.0,"turns":5.0},{"damage":1.0,"enemies":"Sentry and Sphere","floor":27.0,"turns":5.0},{"damage":15.0,"enemies":"Colosseum Slavers","floor":29.0,"turns":3.0},{"damage":5.0,"enemies":"Colosseum Nobs","floor":29.0,"turns":3.0},{"damage":3.0,"enemies":"Centurion and Healer","floor":31.0,"turns":5.0},{"damage":5.0,"enemies":"Collector","floor":33.0,"turns":5.0},{"damage":0.0,"enemies":"Orb Walker","floor":35.0,"turns":4.0},{"damage":3.0,"enemies":"3 Darklings","floor":39.0,"turns":4.0},{"damage":0.0,"enemies":"Nemesis","floor":40.0,"turns":5.0},{"damage":0.0,"enemies":"Transient","floor":41.0,"turns":7.0},{"damage":0.0,"enemies":"Writhing Mass","floor":42.0,"turns":5.0},{"damage":14.0,"enemies":"Spire Growth","floor":45.0,"turns":5.0},{"damage":0.0,"enemies":"Reptomancer","floor":47.0,"turns":6.0},{"damage":0.0,"enemies":"Jaw Worm Horde","floor":48.0,"turns":5.0},{"damage":52.0,"enemies":"Awakened One","floor":50.0,"turns":8.0},{"damage":0.0,"enemies":"Shield and Spear","floor":54.0,"turns":4.0},{"damage":138,"enemies":"The Heart","floor":55,"turns":8}],"seed_played":"9001204612217794325","potions_obtained":[{"floor":7.0,"key":"Ancient Potion"},{"floor":10.0,"key":"BlessingOfTheForge"},{"floor":14.0,"key":"Strength Potion"},{"floor":18.0,"key":"Regen Potion"},{"floor":23.0,"key":"Block Potion"},{"floor":39.0,"key":"EntropicBrew"},{"floor":40.0,"key":"FairyPotion"},{"floor":45.0,"key":"LiquidMemories"}],"is_trial":false,"path_per_floor":["M","?","M","?","M","$","M","R","T","M","T","M","M","M","R","B",null,"M","M","?","?","M","E","$","E","T","M","?","?","R","M","R","B",null,"M","?","?","$","M","E","M","M","T","R","M","?","E","M","R","B",null,"R","$","E","B",null],"character_chosen":"WATCHER","items_purchased":["Swift Potion","Vault","Orrery","Lizard Tail","Bag of Preparation","WheelKick"],"campfire_rested":0,"item_purchase_floors":[6,24,24,38,53,53],"current_hp_per_floor":[72,72,72,72,72,72,55,55,55,55,55,55,49,45,45,1,72,68,68,68,49,46,34,34,20,20,21,21,5,5,4,4,15,72,72,72,72,72,69,71,72,72,72,72,58,58,60,62,62,24,72,72,72,82,33],"gold":65,"neow_bonus":"ONE_RANDOM_RARE_CARD","is_daily":false,"chose_seed":false,"campfire_upgraded":6,"win_rate":0.0,"timestamp":1613048928,"path_taken":["M","?","?","?","?","?","?","R","T","M","?","?","M","M","R","BOSS","M","M","?","?","?","E","$","E","T","M","?","?","R","M","R","BOSS","M","?","?","$","M","E","?","M","T","R","M","?","E","M","R","BOSS","R","$","E","BOSS"],"items_purchased_type":["Potion","Card","Relic","Relic","Relic","Card"],"build_version":"2020-12-22","purchased_purges":1,"victory":true,"max_hp_per_floor":[72,72,72,72,72,72,72,72,72,72,72,72,72,72,72,72,72,72,72,72,72,72,72,72,72,72,72,72,72,72,72,72,72,72,72,72,72,72,72,72,72,72,72,72,72,72,72,72,72,72,72,72,72,82,82],"card_choices":[{"not_picked":["FollowUp","BowlingBash","Prostrate"],"picked":"SKIP","floor":1.0},{"not_picked":["JustLucky","FlyingSleeves"],"picked":"Tantrum","floor":3.0},{"not_picked":["FlurryOfBlows","CutThroughFate","Halt"],"picked":"SKIP","floor":5.0},{"not_picked":["Collect","Vengeance","LikeWater"],"picked":"SKIP","floor":7.0},{"not_picked":["CrushJoints","EmptyMind","PathToVictory"],"picked":"SKIP","floor":10.0},{"not_picked":["WindmillStrike","WaveOfTheHand"],"picked":"Conclude","floor":12.0},{"not_picked":["BowlingBash","Evaluate"],"picked":"InnerPeace","floor":13.0},{"not_picked":["JustLucky","BowlingBash"],"picked":"Fasting2","floor":14.0},{"not_picked":["Blasphemy","Omniscience"],"picked":"LessonLearned","floor":16.0},{"not_picked":["PathToVictory","Crescendo"],"picked":"ClearTheMind+1","floor":18.0},{"not_picked":["Vengeance+1","Weave","SashWhip"],"picked":"SKIP","floor":19.0},{"not_picked":["WheelKick","CrushJoints","FlyingSleeves"],"picked":"SKIP","floor":22.0},{"not_picked":["TalkToTheHand","ThirdEye","Nirvana"],"picked":"SKIP","floor":23.0},{"not_picked":["Vault","SandsOfTime"],"picked":"DevaForm","floor":24.0},{"not_picked":["ThirdEye+1","ClearTheMind"],"picked":"Blasphemy","floor":24.0},{"not_picked":["SashWhip+1","FollowUp"],"picked":"ThirdEye","floor":24.0},{"not_picked":["BowlingBash","ClearTheMind"],"picked":"Crescendo+1","floor":25.0},{"not_picked":["DeceiveReality","FearNoEvil"],"picked":"Wireheading","floor":27.0},{"not_picked":["CrushJoints","FlurryOfBlows+1","FollowUp"],"picked":"SKIP","floor":31.0},{"not_picked":["Establishment","Judgement"],"picked":"Omniscience","floor":33.0},{"not_picked":["EmptyMind+1","Protect+1","Wallop+1"],"picked":"SKIP","floor":35.0},{"not_picked":["Halt","Tantrum+1"],"picked":"Perseverance+1","floor":39.0},{"not_picked":["ReachHeaven+1","JustLucky","Evaluate"],"picked":"SKIP","floor":40.0},{"not_picked":["SashWhip","Sanctity","ClearTheMind"],"picked":"SKIP","floor":41.0},{"not_picked":["CrushJoints+1","WaveOfTheHand+1"],"picked":"ForeignInfluence+1","floor":42.0},{"not_picked":["CrushJoints","EmptyFist+1","WheelKick+1"],"picked":"SKIP","floor":45.0},{"not_picked":["CutThroughFate+1","JustLucky+1"],"picked":"Omniscience","floor":47.0},{"not_picked":["WaveOfTheHand","CrushJoints+1","EmptyBody+1"],"picked":"SKIP","floor":48.0},{"not_picked":["Adaptation","FlurryOfBlows"],"picked":"BattleHymn","floor":54.0}],"player_experience":121834,"relics_obtained":[{"floor":11.0,"key":"Ornamental Fan"},{"floor":23.0,"key":"Letter Opener"},{"floor":25.0,"key":"Vajra"},{"floor":26.0,"key":"Blood Vial"},{"floor":29.0,"key":"Thread and Needle"},{"floor":29.0,"key":"Darkstone Periapt"},{"floor":40.0,"key":"Omamori"},{"floor":43.0,"key":"Whetstone"},{"floor":47.0,"key":"Meat on the Bone"},{"floor":54.0,"key":"Pear"}],"event_choices":[{"cards_removed":["Strike_P"],"damage_healed":0.0,"max_hp_gain":0.0,"max_hp_loss":0.0,"gold_gain":0.0,"event_name":"Purifier","player_choice":"Purged","floor":2.0,"gold_loss":0.0,"damage_taken":0.0},{"damage_healed":0.0,"max_hp_gain":0.0,"max_hp_loss":0.0,"gold_gain":0.0,"event_name":"WeMeetAgain","player_choice":"Paid Gold","floor":4.0,"gold_loss":83.0,"damage_taken":0.0,"relics_obtained":["Happy Flower"]},{"damage_healed":0.0,"max_hp_gain":0.0,"max_hp_loss":0.0,"gold_gain":0.0,"event_name":"Vampires","player_choice":"Ignored","floor":20.0,"gold_loss":0.0,"damage_taken":0.0},{"damage_healed":0.0,"max_hp_gain":0.0,"max_hp_loss":0.0,"gold_gain":180.0,"event_name":"Knowing Skull","player_choice":"GOLD GOLD ","floor":21.0,"potions_obtained":[],"gold_loss":0.0,"damage_taken":19.0,"cards_obtained":[]},{"damage_healed":0.0,"max_hp_gain":0.0,"max_hp_loss":0.0,"gold_gain":0.0,"cards_transformed":["Strike_P","Defend_P"],"event_name":"Drug Dealer","player_choice":"Became Test Subject","floor":28.0,"gold_loss":0.0,"damage_taken":0.0,"cards_obtained":["WreathOfFlame","Consecrate"]},{"damage_healed":0.0,"max_hp_gain":0.0,"max_hp_loss":0.0,"gold_gain":0.0,"event_name":"Colosseum","player_choice":"Fight","floor":29.0,"gold_loss":0.0,"damage_taken":0.0},{"damage_healed":0.0,"max_hp_gain":0.0,"max_hp_loss":0.0,"gold_gain":0.0,"event_name":"Colosseum","player_choice":"Fought Nobs","floor":29.0,"gold_loss":0.0,"damage_taken":0.0},{"damage_healed":0.0,"max_hp_gain":0.0,"max_hp_loss":0.0,"gold_gain":0.0,"event_name":"SensoryStone","player_choice":"Memory 1","floor":36.0,"gold_loss":0.0,"damage_taken":0.0},{"damage_healed":0.0,"max_hp_gain":0.0,"max_hp_loss":0.0,"gold_gain":0.0,"event_name":"SecretPortal","player_choice":"Ignored","floor":37.0,"gold_loss":0.0,"damage_taken":0.0},{"damage_healed":0.0,"max_hp_gain":0.0,"max_hp_loss":0.0,"gold_gain":0.0,"event_name":"Tomb of Lord Red Mask","player_choice":"Ignored","floor":46.0,"gold_loss":0.0,"damage_taken":0.0}],"is_beta":false,"boss_relics":[{"not_picked":["Velvet Choker","Ectoplasm"],"picked":"Coffee Dripper"},{"not_picked":["Fusion Hammer","VioletLotus"],"picked":"Cursed Key"}],"items_purged_floors":[24],"is_endless":false,"potions_floor_spawned":[7,10,14,18,23,27,29,31,39,40,42,45],"ascension_level":3}}