{"host":"s6xp7bbqy5sa00x4","time":1613057302,"event":{"mods":["BaseMod","BetterRewards","Downfall","Hermit","Infinite Spire","Marisa????????","Minty Spire (QoL Compilation)","Remilia??????","Replay The Spire","Shop Mod","StSLib","The Hierophant","The Poker Player","The Runesmith","The Servant 0.9.4"],"gold_per_floor":[111,131,131,149,153,153,153,153],"floor_reached":7,"language":"ENG","playtime":743,"items_purged":[],"score":43,"play_id":"ce1e5490-f36a-437f-8edd-6b197ab18094","local_time":"20210211102822","is_ascension_mode":false,"campfire_choices":[{"floor":6,"key":"RECALL"}],"circlet_count":0,"master_deck":["hierophant:Strike_Hierophant","hierophant:Strike_Hierophant","hierophant:Strike_Hierophant","hierophant:Strike_Hierophant","hierophant:Punish","hierophant:Defend_Hierophant","hierophant:Defend_Hierophant","hierophant:Defend_Hierophant","hierophant:Defend_Hierophant","hierophant:ChurchCoffers","hierophant:MorningPrayer","hierophant:PassingBell","hierophant:SealAway","hierophant:FieryStrike"],"relics":["hierophant:PropheticMaskRelic","NlothsMask"],"acts_visited":["Exordium"],"potions_floor_usage":[7],"damage_taken":[{"damage":0,"enemies":"2 Louse","floor":1,"turns":3},{"damage":1,"enemies":"Cultist","floor":2,"turns":4},{"damage":0,"enemies":"Small Slimes","floor":4,"turns":3},{"damage":34,"enemies":"Gremlin Gang","floor":5,"turns":4},{"damage":50,"enemies":"Lagavulin","floor":7,"turns":8}],"seed_played":"-7674414183263017209","potions_obtained":[{"floor":1,"key":"FearPotion"},{"floor":2,"key":"Strength Potion"},{"floor":5,"key":"LifebloodPotion"}],"is_trial":false,"path_per_floor":["M","M","?","M","M","R","E"],"character_chosen":"HIEROPHANT","items_purchased":[],"campfire_rested":0,"item_purchase_floors":[],"current_hp_per_floor":[82,81,81,81,47,47,0,0],"gold":153,"neow_bonus":"TEN_PERCENT_HP_BONUS","is_daily":false,"chose_seed":false,"campfire_upgraded":0,"win_rate":0.0,"timestamp":1613057302,"path_taken":["M","M","?","M","?","R","E"],"items_purchased_type":[],"build_version":"2020-12-22","purchased_purges":0,"victory":false,"max_hp_per_floor":[82,82,82,82,82,82,82,82],"card_choices":[{"not_picked":["hierophant:Endure","hierophant:DisplayOfPower"],"picked":"hierophant:MorningPrayer","floor":1},{"not_picked":["hierophant:Martyrdom","hierophant:ConvertCurrency"],"picked":"hierophant:PassingBell","floor":2},{"not_picked":["hierophant:FlamingChariot","hierophant:ConvertCurrency"],"picked":"hierophant:SealAway","floor":4},{"not_picked":["hierophant:Empathy","hierophant:Charity"],"picked":"hierophant:FieryStrike","floor":5}],"player_experience":393079,"relics_obtained":[],"event_choices":[{"damage_healed":0,"gold_gain":0,"player_choice":"Trade","damage_taken":0,"relics_obtained":["NlothsMask"],"max_hp_gain":0,"max_hp_loss":0,"event_name":"FaceTrader","floor":3,"gold_loss":0}],"is_beta":false,"boss_relics":[],"items_purged_floors":[],"is_endless":false,"potions_floor_spawned":[1,2,5],"killed_by":"Lagavulin","ascension_level":0}}