{"host":"af4pzp5tm7cfibaw","time":1613045236,"event":{"mods":["AchievementEnabler","BaseMod","BetterRewards","Highlight Path","Minty Spire (QoL Compilation)","StSLib","SuperFastMode"],"gold_per_floor":[117,292,214,214,225,254,254,283,283,283,299,325,325,344,344,444,444,458,447,372,372,221,252,252,282,282,282,293,309,77,77,77,179,179,195,58,73,73,73,106,106,106,106,134,134,152,167,200,212,224,236,248,4,35,35],"floor_reached":56,"language":"ENG","playtime":2736,"items_purged":["Strike_B"],"score":1442,"play_id":"0eed4678-1180-4cb0-877a-c9c0513a1062","local_time":"20210212010716","is_ascension_mode":true,"campfire_choices":[{"floor":7.0,"key":"RECALL"},{"data":"Ball Lightning","floor":13.0,"key":"SMITH"},{"data":"Coolheaded","floor":15.0,"key":"SMITH"},{"floor":24.0,"key":"REST"},{"data":"Creative AI","floor":27.0,"key":"SMITH"},{"data":"Defragment","floor":32.0,"key":"SMITH"},{"data":"Echo Form","floor":41.0,"key":"SMITH"},{"data":"Creative AI","floor":45.0,"key":"SMITH"},{"data":"Redo","floor":49.0,"key":"SMITH"},{"data":"Deep Breath","floor":52.0,"key":"SMITH"}],"circlet_count":0,"master_deck":["Defend_B","Defend_B","Zap","Dualcast","Glacier","Ball Lightning+1","Cold Snap","Skim","Coolheaded","Coolheaded","Coolheaded+1","Self Repair","Genetic Algorithm","Reboot","Glacier+1","White Noise+1","Storm+1","Redo+1","Darkness","Defragment+1","Electrodynamics","Creative AI+1","Biased Cognition","Master of Strategy","Writhe","Creative AI+1","Redo+1","Echo Form+1","Consume+1","Deep Breath+1","Discovery","Core Surge","Compile Driver+1","Coolheaded+1","Genetic Algorithm+1","Loop","Biased Cognition","Hologram","Hologram"],"relics":["Cracked Core","NeowsBlessing","HornCleat","Du-Vu Doll","Mummified Hand","Strawberry","Astrolabe","Art of War","TungstenRod","InkBottle","Black Star","DataDisk","Smiling Mask","Gremlin Horn","PreservedInsect","Bird Faced Urn","MawBank","Sundial","Membership Card","Pantograph","Bag of Preparation"],"acts_visited":["Exordium","TheCity","TheBeyond","TheEnding"],"potions_floor_usage":[55],"damage_taken":[{"damage":0.0,"enemies":"Small Slimes","floor":1.0,"turns":1.0},{"damage":0.0,"enemies":"2 Louse","floor":5.0,"turns":2.0},{"damage":0.0,"enemies":"Lagavulin","floor":6.0,"turns":1.0},{"damage":19.0,"enemies":"3 Sentries","floor":8.0,"turns":9.0},{"damage":0.0,"enemies":"Cultist","floor":11.0,"turns":4.0},{"damage":2.0,"enemies":"Gremlin Nob","floor":12.0,"turns":3.0},{"damage":0.0,"enemies":"Blue Slaver","floor":14.0,"turns":4.0},{"damage":60.0,"enemies":"The Guardian","floor":16.0,"turns":17.0},{"damage":11.0,"enemies":"Spheric Guardian","floor":18.0,"turns":4.0},{"damage":6.0,"enemies":"2 Thieves","floor":19.0,"turns":4.0},{"damage":47.0,"enemies":"Gremlin Leader","floor":23.0,"turns":8.0},{"damage":7.0,"enemies":"Book of Stabbing","floor":25.0,"turns":8.0},{"damage":4.0,"enemies":"Chosen and Byrds","floor":28.0,"turns":3.0},{"damage":2.0,"enemies":"Cultist and Chosen","floor":29.0,"turns":4.0},{"damage":0.0,"enemies":"Collector","floor":33.0,"turns":6.0},{"damage":0.0,"enemies":"Orb Walker","floor":35.0,"turns":3.0},{"damage":8.0,"enemies":"3 Shapes","floor":37.0,"turns":3.0},{"damage":12.0,"enemies":"Giant Head","floor":40.0,"turns":6.0},{"damage":17.0,"enemies":"Nemesis","floor":44.0,"turns":7.0},{"damage":13.0,"enemies":"Writhing Mass","floor":46.0,"turns":4.0},{"damage":3.0,"enemies":"Jaw Worm Horde","floor":47.0,"turns":4.0},{"damage":0.0,"enemies":"Reptomancer","floor":48.0,"turns":2.0},{"damage":18.0,"enemies":"Donu and Deca","floor":50.0,"turns":5.0},{"damage":5,"enemies":"Shield and Spear","floor":54,"turns":2},{"damage":61,"enemies":"The Heart","floor":55,"turns":8}],"seed_played":"924421508107355828","potions_obtained":[{"floor":1.0,"key":"LiquidMemories"},{"floor":8.0,"key":"Explosive Potion"},{"floor":11.0,"key":"Strength Potion"},{"floor":19.0,"key":"Fire Potion"},{"floor":25.0,"key":"Swift Potion"},{"floor":29.0,"key":"Fire Potion"},{"floor":33.0,"key":"BlessingOfTheForge"},{"floor":44.0,"key":"AttackPotion"},{"floor":46.0,"key":"Explosive Potion"},{"floor":48.0,"key":"FocusPotion"}],"is_trial":false,"path_per_floor":["M","?","$","?","M","E","R","E","T","?","M","E","R","M","R","B",null,"M","M","?","?","$","E","R","E","T","R","M","M","$","?","R","B",null,"M","$","M","?","?","E","R","?","T","E","R","M","M","E","R","B",null,"R","$","E","B",null],"character_chosen":"DEFECT","items_purchased":["Ball Lightning","Cold Snap","Defragment","Biased Cognition","Master of Strategy","Echo Form","Membership Card","Biased Cognition","Hologram"],"campfire_rested":1,"item_purchase_floors":[3,3,22,30,30,36,53,53,53],"current_hp_per_floor":[75,75,75,75,75,75,75,56,56,56,56,61,61,68,68,15,82,78,79,79,79,79,39,63,63,63,63,59,64,64,64,64,71,82,82,82,81,77,77,72,72,72,72,62,62,66,82,82,82,82,82,82,82,82,64],"gold":35,"neow_bonus":"THREE_ENEMY_KILL","is_daily":false,"chose_seed":false,"campfire_upgraded":8,"win_rate":0.0,"timestamp":1613045236,"path_taken":["M","?","$","?","M","E","R","E","T","?","?","E","R","M","R","BOSS","M","M","?","?","$","E","R","E","T","R","M","M","$","?","R","BOSS","M","$","M","?","?","E","R","?","T","E","R","M","M","E","R","BOSS","R","$","E","BOSS"],"items_purchased_type":["Card","Card","Card","Card","Card","Card","Relic","Card","Card"],"build_version":"2020-12-22","purchased_purges":1,"victory":true,"max_hp_per_floor":[75,75,75,75,75,75,75,75,75,75,75,82,82,82,82,82,82,82,82,82,82,82,82,82,82,82,82,82,82,82,82,82,82,82,82,82,82,82,82,82,82,82,82,82,82,82,82,82,82,82,82,82,82,82,82],"card_choices":[{"not_picked":["Melter","Tempest"],"picked":"Glacier","floor":1.0},{"not_picked":["Compile Driver","Melter"],"picked":"Skim","floor":5.0},{"not_picked":["Reprogram","Stack"],"picked":"Coolheaded","floor":6.0},{"not_picked":["Doom and Gloom","Conserve Battery"],"picked":"Coolheaded","floor":8.0},{"not_picked":["Steam","Rebound"],"picked":"Coolheaded","floor":11.0},{"not_picked":["Ball Lightning","Reprogram"],"picked":"Self Repair","floor":12.0},{"not_picked":["Leap","Barrage"],"picked":"Genetic Algorithm","floor":14.0},{"not_picked":["Fission","Biased Cognition"],"picked":"Reboot","floor":16.0},{"not_picked":["Go for the Eyes","Hello World"],"picked":"Redo","floor":18.0},{"not_picked":["Barrage","Steam"],"picked":"Darkness","floor":19.0},{"not_picked":["FTL+1","Creative AI"],"picked":"Electrodynamics","floor":23.0},{"not_picked":["Beam Cell","Fission"],"picked":"Creative AI","floor":25.0},{"not_picked":["Steam","Leap+1"],"picked":"Go for the Eyes","floor":28.0},{"not_picked":["Stack","Cold Snap","Streamline"],"picked":"SKIP","floor":29.0},{"not_picked":["Hyperbeam","Meteor Strike"],"picked":"Creative AI","floor":33.0},{"not_picked":["Static Discharge","Stack+1"],"picked":"Redo+1","floor":35.0},{"not_picked":["Hologram","Double Energy"],"picked":"Consume+1","floor":37.0},{"not_picked":["Chrysalis","Madness"],"picked":"Deep Breath","floor":38.0},{"not_picked":["Violence","Panacea"],"picked":"Discovery","floor":38.0},{"not_picked":["Tempest","Doom and Gloom"],"picked":"Core Surge","floor":40.0},{"not_picked":["Reinforced Body+1","Doom and Gloom+1"],"picked":"Compile Driver+1","floor":44.0},{"not_picked":["Blizzard+1","Reinforced Body+1"],"picked":"Coolheaded+1","floor":46.0},{"not_picked":["Steam","Streamline+1"],"picked":"Genetic Algorithm+1","floor":47.0},{"not_picked":["Consume+1","Genetic Algorithm+1"],"picked":"Loop","floor":48.0},{"not_picked":["Leap","All For One"],"picked":"Hologram","floor":54}],"player_experience":302607,"relics_obtained":[{"floor":6.0,"key":"HornCleat"},{"floor":8.0,"key":"Du-Vu Doll"},{"floor":9.0,"key":"Mummified Hand"},{"floor":12.0,"key":"Strawberry"},{"floor":23.0,"key":"Art of War"},{"floor":25.0,"key":"TungstenRod"},{"floor":40.0,"key":"DataDisk"},{"floor":40.0,"key":"Smiling Mask"},{"floor":43.0,"key":"Gremlin Horn"},{"floor":44.0,"key":"PreservedInsect"},{"floor":44.0,"key":"Bird Faced Urn"},{"floor":48.0,"key":"MawBank"},{"floor":48.0,"key":"Sundial"},{"floor":54,"key":"Pantograph"},{"floor":54,"key":"Bag of Preparation"}],"event_choices":[{"damage_healed":0.0,"max_hp_gain":0.0,"max_hp_loss":0.0,"gold_gain":175.0,"event_name":"Liars Game","player_choice":"AGREE","floor":2.0,"gold_loss":0.0,"damage_taken":0.0,"cards_obtained":["Doubt"]},{"damage_healed":0.0,"max_hp_gain":0.0,"max_hp_loss":0.0,"gold_gain":0.0,"cards_transformed":["Strike_B"],"event_name":"Living Wall","player_choice":"Change","floor":4.0,"gold_loss":0.0,"damage_taken":0.0,"cards_obtained":["BootSequence"]},{"cards_removed":["Doubt"],"damage_healed":0.0,"max_hp_gain":0.0,"max_hp_loss":0.0,"gold_gain":0.0,"event_name":"Fountain of Cleansing","player_choice":"Removed Curses","floor":10.0,"gold_loss":0.0,"damage_taken":0.0},{"cards_removed":["Defend_B"],"damage_healed":0.0,"max_hp_gain":0.0,"max_hp_loss":0.0,"gold_gain":0.0,"event_name":"Beggar","player_choice":"Gave Gold","floor":20.0,"gold_loss":75.0,"damage_taken":0.0},{"cards_removed":["Defend_B"],"damage_healed":0.0,"max_hp_gain":0.0,"max_hp_loss":0.0,"gold_gain":0.0,"event_name":"Back to Basics","player_choice":"Elegance","floor":21.0,"gold_loss":0.0,"damage_taken":0.0},{"damage_healed":0.0,"max_hp_gain":0.0,"max_hp_loss":0.0,"gold_gain":0.0,"event_name":"The Mausoleum","player_choice":"Opened","floor":31.0,"gold_loss":0.0,"damage_taken":0.0,"relics_obtained":["InkBottle"],"cards_obtained":["Writhe"]},{"damage_healed":0.0,"max_hp_gain":0.0,"max_hp_loss":0.0,"gold_gain":0.0,"event_name":"SensoryStone","player_choice":"Memory 2","floor":38.0,"gold_loss":0.0,"damage_taken":5.0},{"cards_removed":["Go for the Eyes"],"damage_healed":0.0,"max_hp_gain":0.0,"max_hp_loss":0.0,"gold_gain":0.0,"event_name":"Falling","player_choice":"Removed Attack","floor":39.0,"gold_loss":0.0,"damage_taken":0.0},{"damage_healed":0.0,"max_hp_gain":0.0,"max_hp_loss":0.0,"gold_gain":0.0,"event_name":"NoteForYourself","player_choice":"Ignored","floor":42.0,"gold_loss":0.0,"damage_taken":0.0}],"is_beta":false,"boss_relics":[{"not_picked":["SacredBark","Snecko Eye"],"picked":"Astrolabe"},{"not_picked":["Runic Dome","Runic Pyramid"],"picked":"Black Star"}],"items_purged_floors":[22],"is_endless":false,"potions_floor_spawned":[1,8,11,19,25,29,33,44,46,48],"ascension_level":1}}