{"host":"wrdw6zkxuilnr6rg","time":1612652397,"event":{"mods":["Act Like it!","BaseMod","Bestiary","Colored Powertips","Downfall","Hermit","Highlight Path","Minty Spire (QoL Compilation)","Quick Restart","Relic Stats","StSLib"],"gold_per_floor":[99,118,135,151,162,218,218,218,230,245,256,256,268,268,287,390,390,390,390,390,390],"floor_reached":19,"language":"ENG","playtime":1176,"items_purged":[],"score":163,"play_id":"64f69c84-9931-4ec8-a310-9849cb5dba2a","local_time":"20210207015957","is_ascension_mode":false,"campfire_choices":[{"data":"champ:Taunt","floor":1,"key":"SMITH"},{"floor":12,"key":"REST"},{"data":"champ:StrikeOfGenius","floor":18,"key":"SMITH"}],"circlet_count":0,"master_deck":["champ:Strike","champ:Strike","champ:Strike","champ:Defend","champ:Defend","champ:Defend","champ:Defend","champ:Execute","champ:Taunt+1","champ:FanOfKnives+1","champ:ShieldSlam","champ:AdrenalArmor+1","champ:FaceSlap","champ:SkillfulDodge","champ:RapidStrikes","champ:FocusedBerserking","champ:RecklessLeap+1","downfall:Malfunctioning","champ:CheapShot","champ:StrikeOfGenius+1"],"relics":["champ:ChampionCrown","Matryoshka","champ:DefensiveTrainingManual","Mercury Hourglass","expansioncontent:StudyCardRelic"],"acts_visited":["Exordium","TheCity"],"potions_floor_usage":[16],"damage_taken":[{"damage":30,"enemies":"Jaw Worm","floor":2,"turns":5},{"damage":0,"enemies":"Small Slimes","floor":3,"turns":3},{"damage":21,"enemies":"Cultist","floor":4,"turns":3},{"damage":16,"enemies":"3 Louse","floor":5,"turns":3},{"damage":43,"enemies":"Gremlin Nob","floor":6,"turns":4},{"damage":27,"enemies":"Exordium Thugs","floor":9,"turns":3},{"damage":7,"enemies":"Blue Slaver","floor":10,"turns":3},{"damage":22,"enemies":"Lots of Slimes","floor":11,"turns":3},{"damage":31,"enemies":"Exordium Thugs","floor":13,"turns":3},{"damage":17,"enemies":"Blue Slaver","floor":15,"turns":4},{"damage":85,"enemies":"WA_ARCHETYPE_RETAIN","floor":16,"turns":6},{"damage":10,"enemies":"Shell Parasite","floor":19,"turns":2}],"seed_played":"4001963207331554208","potions_obtained":[{"floor":3,"key":"sneckomod:MuddlingPotion"},{"floor":9,"key":"Dexterity Potion"},{"floor":10,"key":"ColorlessPotion"}],"is_trial":false,"path_per_floor":["R","M","M","M","M","?","T","?","M","M","M","R","M","?","M","B",null,"R","M"],"character_chosen":"THE_CHAMP","items_purchased":[],"campfire_rested":1,"item_purchase_floors":[],"current_hp_per_floor":[99,89,89,88,82,54,54,54,47,40,38,67,56,56,49,15,99,99,89,89,89],"gold":390,"neow_bonus":"TEN_PERCENT_HP_BONUS","is_daily":false,"chose_seed":false,"campfire_upgraded":2,"win_rate":0.0,"timestamp":1612652397,"path_taken":["R","M","M","M","M","?","T","?","M","M","M","R","?","?","M","BOSS","R","M"],"items_purchased_type":[],"build_version":"2020-12-22","purchased_purges":0,"victory":false,"max_hp_per_floor":[99,99,99,99,99,99,99,99,99,99,99,99,99,99,99,99,99,99,99,99,99],"relic_stats":{"counters":[12,41],"obtain_stats":[{"Matryoshka":6,"champ:DefensiveTrainingManual":7,"champ:ChampionCrown":0,"expansioncontent:StudyCardRelic":17,"Mercury Hourglass":7},{"Matryoshka":5,"champ:DefensiveTrainingManual":5,"champ:ChampionCrown":0,"expansioncontent:StudyCardRelic":11,"Mercury Hourglass":5},{"Matryoshka":18,"champ:DefensiveTrainingManual":18,"champ:ChampionCrown":0,"expansioncontent:StudyCardRelic":39,"Mercury Hourglass":18}],"Mercury Hourglass":[81]},"card_choices":[{"not_picked":["champ:FlashCut","champ:GutPunch"],"picked":"champ:FanOfKnives","floor":2},{"not_picked":["champ:Backstep","champ:PerfectedStrike"],"picked":"champ:ShieldSlam","floor":3},{"not_picked":["champ:PreciseThrust","champ:BringItOn"],"picked":"champ:AdrenalArmor","floor":4},{"not_picked":["champ:FancyFootwork","champ:BringItOn"],"picked":"champ:FaceSlap","floor":5},{"not_picked":["champ:DefensiveShout","champ:CrookedStrike"],"picked":"champ:SkillfulDodge","floor":6},{"not_picked":["champ:Haymaker","champ:PerfectedStrike","champ:StanceDance"],"picked":"SKIP","floor":9},{"not_picked":["champ:FlashCut","champ:DefensiveShout"],"picked":"champ:FocusedBerserking","floor":10},{"not_picked":["champ:EnGarde","champ:Circumvent","champ:AdrenalArmor"],"picked":"SKIP","floor":11},{"not_picked":["champ:EnGarde","champ:EndlessRage"],"picked":"champ:RecklessLeap","floor":13},{"not_picked":["champ:GutPunch","champ:FaceSlap"],"picked":"champ:CheapShot","floor":15},{"not_picked":["champ:VampiricStrike","champ:CheapShot"],"picked":"champ:StrikeOfGenius","floor":16}],"player_experience":1592322,"relics_obtained":[{"floor":6,"key":"Matryoshka"},{"floor":7,"key":"champ:DefensiveTrainingManual"},{"floor":7,"key":"Mercury Hourglass"}],"event_choices":[],"is_beta":false,"boss_relics":[{"not_picked":["Astrolabe","Pandora\u0027s Box"],"picked":"expansioncontent:StudyCardRelic"}],"items_purged_floors":[],"is_endless":false,"potions_floor_spawned":[3,9,10,11,13],"killed_by":"Shell Parasite","ascension_level":0}}