{"host":"sc0o2qwpf9j16a4i","time":1613059577,"event":{"mods":["AchievementEnabler","BaseMod","BetterRewards","Block Reminder","Colored Map","Colored Powertips","Custom Start","Highlight Path","Minty Spire (QoL Compilation)","Relic Stats"],"gold_per_floor":[111,128,128,203,203,235,235,18,18,18,29,45,77,93,93,193,193,205,205,12,12,39,73,73,404,404,199,199,219,235,250,250,345,345,355,366,366,30,84,84,104,129,129,129,129,129],"floor_reached":45,"language":"ENG","playtime":1369,"items_purged":[],"score":789,"play_id":"7f92162a-59b5-46b2-8ef1-5a9299abe9be","local_time":"20210211180617","daily_mods":["SealedDeck","ControlledChaos","Night Terrors"],"is_ascension_mode":false,"campfire_choices":[{"data":"Inflame","floor":15,"key":"SMITH"},{"data":"Feed","floor":28,"key":"SMITH"},{"data":"Armaments","floor":32,"key":"SMITH"},{"floor":40,"key":"DIG"}],"circlet_count":0,"master_deck":["Carnage","Battle Trance","Armaments+1","Cleave","Pommel Strike","Cleave","Dual Wield","Inflame+1","Clothesline","Carnage","Cleave","Sword Boomerang","Shockwave","Feel No Pain+1","Feed+1","Infernal Blade+1","Iron Wave+1","Intimidate+1","Shrug It Off","Shrug It Off","Shrug It Off","Inflame+1","Pommel Strike+1","Pommel Strike+1","Pommel Strike","Headbutt","Exhume","Warcry+1","Dual Wield+1","Inflame+1","Power Through","Shrug It Off","Heavy Blade","Pommel Strike"],"relics":["Burning Blood","Frozen Eye","Frozen Egg 2","StoneCalendar","Akabeko","Happy Flower","Ice Cream","Dream Catcher","Astrolabe","MutagenicStrength","Sling","Nilry\u0027s Codex","Red Mask","Sundial","Old Coin","Letter Opener","Omamori","Calling Bell","Bag of Preparation","StrikeDummy","Mango","Strange Spoon","Shovel","Oddly Smooth Stone","Lantern","Ornamental Fan"],"acts_visited":["Exordium","TheCity","TheBeyond"],"potions_floor_usage":[13,22,22,22,23,25,31,33,33,33,39],"damage_taken":[{"damage":0,"enemies":"Cultist","floor":1,"turns":2},{"damage":2,"enemies":"Small Slimes","floor":2,"turns":2},{"damage":3,"enemies":"Lagavulin","floor":6,"turns":6},{"damage":3,"enemies":"Jaw Worm","floor":11,"turns":2},{"damage":0,"enemies":"2 Fungi Beasts","floor":12,"turns":1},{"damage":10,"enemies":"Gremlin Nob","floor":13,"turns":3},{"damage":13,"enemies":"Exordium Thugs","floor":14,"turns":2},{"damage":5,"enemies":"Slime Boss","floor":16,"turns":6},{"damage":0,"enemies":"3 Byrds","floor":18,"turns":5},{"damage":11,"enemies":"Masked Bandits","floor":22,"turns":2},{"damage":15,"enemies":"Slavers","floor":23,"turns":4},{"damage":2,"enemies":"Gremlin Leader","floor":25,"turns":4},{"damage":7,"enemies":"2 Thieves","floor":29,"turns":2},{"damage":6,"enemies":"Cultist and Chosen","floor":30,"turns":3},{"damage":10,"enemies":"Snake Plant","floor":31,"turns":2},{"damage":33,"enemies":"Champ","floor":33,"turns":9},{"damage":23,"enemies":"Orb Walker","floor":35,"turns":4},{"damage":0,"enemies":"3 Shapes","floor":36,"turns":5},{"damage":18,"enemies":"2 Orb Walkers","floor":39,"turns":4},{"damage":40,"enemies":"Maw","floor":41,"turns":7},{"damage":39,"enemies":"Nemesis","floor":42,"turns":7},{"damage":0,"enemies":"Giant Head","floor":45,"turns":1}],"seed_played":"2349191251577325465","potions_obtained":[{"floor":2,"key":"PowerPotion"},{"floor":11,"key":"SpeedPotion"},{"floor":12,"key":"Fruit Juice"},{"floor":13,"key":"EntropicBrew"},{"floor":29,"key":"LiquidBronze"},{"floor":30,"key":"PowerPotion"},{"floor":31,"key":"GamblersBrew"},{"floor":41,"key":"Strength Potion"},{"floor":42,"key":"BlessingOfTheForge"}],"is_trial":true,"path_per_floor":["M","M","?","?","?","E","T","$","T","$","M","M","E","M","R","B",null,"M","?","$","?","?","E","?","E","T","$","R","M","M","M","R","B",null,"M","M","?","$","?","R","M","E","T","?","E"],"character_chosen":"IRONCLAD","items_purchased":["Happy Flower","Combust+1","Sling","Shrug It Off","AttackPotion","Omamori","Strange Spoon","Inflame+1","Power Through","DuplicationPotion"],"campfire_rested":0,"item_purchase_floors":[8,8,20,20,27,27,38,38,38,38],"current_hp_per_floor":[80,80,62,62,62,65,65,65,65,65,68,74,75,68,68,69,85,85,85,85,69,72,66,96,96,96,96,96,99,103,103,103,80,126,113,127,127,127,119,119,85,52,52,52,52,52],"gold":129,"neow_bonus":"","is_daily":false,"chose_seed":false,"campfire_upgraded":3,"win_rate":0.0,"timestamp":1613059577,"path_taken":["M","M","?","?","?","E","?","?","T","$","?","?","E","M","R","BOSS","M","?","$","?","?","E","?","E","T","$","R","?","M","M","R","BOSS","M","M","?","$","?","R","M","E","T","?","E"],"items_purchased_type":["Relic","Card","Relic","Card","Potion","Relic","Relic","Card","Card","Potion"],"build_version":"2020-12-22","purchased_purges":0,"victory":false,"max_hp_per_floor":[80,80,80,80,80,80,80,80,80,80,80,80,85,85,85,85,85,85,85,85,85,93,96,96,96,96,96,96,100,104,108,108,112,126,130,138,138,138,142,142,142,142,142,135,135,135],"relic_stats":{"Happy Flower":[24],"counters":[22,83],"Astrolabe":["Infernal Blade","Iron Wave","Intimidate"],"StoneCalendar":[52],"Bag of Preparation":[12],"Letter Opener":[55],"Burning Blood":106,"Strange Spoon":[10],"Dream Catcher":0,"Shovel":1,"Sundial":[0],"Ornamental Fan":[0],"obtain_stats":[{"Ice Cream":9,"Lantern":42,"Nilry\u0027s Codex":21,"StoneCalendar":6,"Mango":34,"Bag of Preparation":34,"Sling":20,"Burning Blood":0,"Old Coin":25,"Frozen Eye":0,"Dream Catcher":13,"Shovel":39,"Sundial":23,"Red Mask":22,"Happy Flower":8,"Astrolabe":17,"Oddly Smooth Stone":40,"Omamori":27,"Letter Opener":26,"Frozen Egg 2":3,"Akabeko":7,"Calling Bell":34,"Strange Spoon":38,"Ornamental Fan":43,"MutagenicStrength":19,"StrikeDummy":34},{"Ice Cream":3,"Lantern":21,"Nilry\u0027s Codex":9,"StoneCalendar":3,"Mango":16,"Bag of Preparation":16,"Sling":9,"Burning Blood":0,"Old Coin":12,"Frozen Eye":0,"Dream Catcher":6,"Shovel":19,"Sundial":11,"Red Mask":10,"Happy Flower":3,"Astrolabe":8,"Oddly Smooth Stone":19,"Omamori":12,"Letter Opener":12,"Frozen Egg 2":2,"Akabeko":3,"Calling Bell":16,"Strange Spoon":18,"Ornamental Fan":21,"MutagenicStrength":9,"StrikeDummy":16},{"Ice Cream":10,"Lantern":82,"Nilry\u0027s Codex":29,"StoneCalendar":10,"Mango":55,"Bag of Preparation":55,"Sling":29,"Burning Blood":0,"Old Coin":39,"Frozen Eye":0,"Dream Catcher":16,"Shovel":68,"Sundial":35,"Red Mask":31,"Happy Flower":10,"Astrolabe":24,"Oddly Smooth Stone":68,"Omamori":39,"Letter Opener":39,"Frozen Egg 2":4,"Akabeko":10,"Calling Bell":55,"Strange Spoon":64,"Ornamental Fan":82,"MutagenicStrength":29,"StrikeDummy":55}]},"card_choices":[{"not_picked":["Shrug It Off","Clash"],"picked":"Clothesline","floor":1},{"not_picked":["Dropkick","Body Slam"],"picked":"Carnage","floor":2},{"not_picked":["Dark Embrace+1","Flex"],"picked":"Cleave","floor":6},{"not_picked":["Intimidate","Body Slam"],"picked":"Flex","floor":11},{"not_picked":["Uppercut","Bloodletting"],"picked":"Sword Boomerang","floor":12},{"not_picked":["Body Slam","Carnage"],"picked":"Shockwave","floor":13},{"not_picked":["Hemokinesis","Flame Barrier"],"picked":"Feel No Pain+1","floor":14},{"not_picked":["Fiend Fire","Offering"],"picked":"Feed","floor":16},{"not_picked":["True Grit+1","Metallicize+1"],"picked":"Shrug It Off","floor":18},{"not_picked":["Havoc","Burning Pact"],"picked":"Shrug It Off","floor":22},{"not_picked":["Sever Soul+1","Warcry"],"picked":"Inflame+1","floor":23},{"not_picked":["Warcry","Spot Weakness"],"picked":"Pommel Strike+1","floor":25},{"not_picked":["Warcry","True Grit"],"picked":"Pommel Strike+1","floor":29},{"not_picked":["Havoc","Ghostly Armor"],"picked":"Pommel Strike","floor":30},{"not_picked":["Burning Pact","Anger"],"picked":"Headbutt","floor":31},{"not_picked":["Double Tap","Bludgeon"],"picked":"Exhume","floor":33},{"not_picked":["Heavy Blade","Power Through"],"picked":"Warcry+1","floor":35},{"not_picked":["Twin Strike","Battle Trance+1"],"picked":"Dual Wield+1","floor":36},{"not_picked":["Cleave","Pummel"],"picked":"Shrug It Off","floor":39},{"not_picked":["Wild Strike","Anger+1"],"picked":"Heavy Blade","floor":41},{"not_picked":["Body Slam","Rupture+1"],"picked":"Pommel Strike","floor":42}],"player_experience":1340851,"relics_obtained":[{"floor":6,"key":"StoneCalendar"},{"floor":7,"key":"Akabeko"},{"floor":9,"key":"Ice Cream"},{"floor":13,"key":"Dream Catcher"},{"floor":21,"key":"Nilry\u0027s Codex"},{"floor":22,"key":"Red Mask"},{"floor":23,"key":"Sundial"},{"floor":25,"key":"Old Coin"},{"floor":26,"key":"Letter Opener"},{"floor":34,"key":"Bag of Preparation"},{"floor":34,"key":"StrikeDummy"},{"floor":34,"key":"Mango"},{"floor":39,"key":"Shovel"},{"floor":40,"key":"Oddly Smooth Stone"},{"floor":42,"key":"Lantern"},{"floor":43,"key":"Ornamental Fan"}],"event_choices":[{"damage_healed":0,"gold_gain":0,"player_choice":"Success","damage_taken":18,"relics_obtained":["Frozen Egg 2"],"max_hp_gain":0,"max_hp_loss":0,"event_name":"Scrap Ooze","floor":3,"gold_loss":0},{"damage_healed":0,"gold_gain":75,"player_choice":"Gained Gold","damage_taken":0,"max_hp_gain":0,"max_hp_loss":0,"event_name":"Golden Wing","floor":4,"gold_loss":0},{"damage_healed":0,"gold_gain":0,"player_choice":"Leave","damage_taken":0,"max_hp_gain":0,"max_hp_loss":0,"event_name":"The Cleric","floor":5,"gold_loss":0},{"damage_healed":0,"gold_gain":0,"player_choice":"Inject Mutagens","damage_taken":0,"relics_obtained":["MutagenicStrength"],"max_hp_gain":0,"max_hp_loss":0,"event_name":"Drug Dealer","floor":19,"gold_loss":0},{"damage_healed":0,"gold_gain":0,"player_choice":"Obtained Book","damage_taken":16,"max_hp_gain":0,"max_hp_loss":0,"event_name":"Cursed Tome","floor":21,"gold_loss":0},{"damage_healed":0,"gold_gain":0,"player_choice":"Fought Bandits","damage_taken":0,"max_hp_gain":0,"max_hp_loss":0,"event_name":"Masked Bandits","floor":22,"gold_loss":0},{"damage_healed":30,"gold_gain":0,"player_choice":"Full Heal","damage_taken":0,"max_hp_gain":0,"max_hp_loss":0,"event_name":"Wheel of Change","floor":24,"gold_loss":0},{"cards_removed":["Combust"],"damage_healed":0,"gold_gain":0,"player_choice":"Removed Power","damage_taken":0,"max_hp_gain":0,"max_hp_loss":0,"event_name":"Falling","floor":37,"gold_loss":0},{"damage_healed":0,"gold_gain":0,"player_choice":"Fight","damage_taken":0,"max_hp_gain":0,"max_hp_loss":0,"event_name":"Mysterious Sphere","floor":39,"gold_loss":0},{"damage_healed":0,"gold_gain":0,"player_choice":"Max HP","damage_taken":0,"max_hp_gain":0,"max_hp_loss":7,"event_name":"Winding Halls","floor":44,"gold_loss":0}],"is_beta":false,"boss_relics":[{"not_picked":["Runic Cube","Runic Pyramid"],"picked":"Astrolabe"},{"not_picked":["Black Blood","Coffee Dripper"],"picked":"Calling Bell"}],"items_purged_floors":[],"is_endless":false,"potions_floor_spawned":[2,11,12,13,29,30,31,41,42],"killed_by":"Giant Head","ascension_level":0}}