{"host":"ek3xvuouaw6vk9if","time":1613011256,"event":{"mods":["AchievementEnabler","BaseMod","Better Third Choice","BetterRewards","Curses Come First","Dark Map","Hubris","Minty Spire (QoL Compilation)","Permanent Neow","Quick Restart","Relic Stats","Replay The Spire","Spire Arcade","StSLib","The Jungle"],"gold_per_floor":[115,127,138,213,223,223,249,249,249,278,292,292,322,339,339,339,339],"floor_reached":16,"language":"ENG","playtime":1007,"items_purged":[],"score":324,"play_id":"2b45d25e-aae1-49a9-beaa-721f33afb6b0","local_time":"20210210214056","is_ascension_mode":true,"campfire_choices":[{"data":"Neutralize","floor":6,"key":"SMITH"},{"data":"Dagger Throw","floor":6,"key":"SMITH"},{"floor":8,"key":"REST"},{"data":"Blade Dance","floor":12,"key":"SMITH"},{"data":"Storm of Steel","floor":12,"key":"SMITH"},{"floor":15,"key":"REST"}],"circlet_count":0,"master_deck":["AscendersBane","Strike_G","Strike_G","Strike_G","Strike_G","Strike_G","Defend_G","Defend_G","Defend_G","Defend_G+1","Defend_G","Survivor","Neutralize+1","Acrobatics","Dagger Throw+1","Bane","Prepared","Blade Dance+1","Storm of Steel+1","Backstab"],"relics":["Ring of the Snake","Replay:Arrowhead","OrangePellets","Ornamental Fan","Counterbalance","Gremlin Food","hubris:FunFungus"],"acts_visited":["Exordium"],"potions_floor_usage":[7,11],"damage_taken":[{"damage":2,"enemies":"Jaw Worm","floor":1,"turns":6},{"damage":0,"enemies":"Cultist","floor":2,"turns":4},{"damage":3,"enemies":"Small Slimes","floor":3,"turns":5},{"damage":5,"enemies":"Gremlin Gang","floor":5,"turns":7},{"damage":33,"enemies":"3 Sentries","floor":7,"turns":14},{"damage":5,"enemies":"Replay:BlueRogue","floor":10,"turns":9},{"damage":11,"enemies":"Large Slime","floor":11,"turns":8},{"damage":11,"enemies":"Exordium Wildlife","floor":14,"turns":3},{"damage":28,"enemies":"Slime Boss","floor":16,"turns":7}],"seed_played":"2421413075798181209","potions_obtained":[{"floor":2,"key":"Languid Potion"},{"floor":3,"key":"Dexterity Potion"},{"floor":7,"key":"SkillPotion"}],"is_trial":false,"path_per_floor":["M","M","M","?","M","R","E","R","T","E","M","R","?","M","R","B"],"character_chosen":"THE_SILENT","items_purchased":["Replay:Arrowhead","OrangePellets","Ornamental Fan","Acrobatics"],"campfire_rested":2,"item_purchase_floors":[0,0,0,0],"current_hp_per_floor":[57,57,54,43,38,38,5,24,24,19,11,11,11,1,20,0,0],"gold":339,"neow_bonus":"","is_daily":false,"chose_seed":false,"campfire_upgraded":4,"win_rate":0.0,"timestamp":1613011256,"path_taken":["M","M","M","?","M","R","E","R","T","E","M","R","?","M","R","BOSS"],"items_purchased_type":["Relic","Relic","Relic","Card"],"build_version":"2020-12-22","purchased_purges":0,"victory":false,"max_hp_per_floor":[66,66,66,66,66,66,66,66,66,66,66,66,66,66,66,66,66],"relic_stats":{"OrangePellets":[0],"counters":[31,170],"Ornamental Fan":[336],"obtain_stats":[{"Replay:Accelerometer":42,"Calipers":26,"CeramicFish":0,"Mango":0,"hubris:SlimyHat":46,"Pet Ghost":20,"Dream Catcher":8,"Sundial":43,"Fusion Hammer":17,"hubris:FunFungus":10,"Red Mask":31,"Ring of the Snake":0,"Gremlin Food":9,"Quantum Egg":41,"Counterbalance":7,"Medical Kit":13,"White Beast Statue":6,"Replay:Arrowhead":0,"OrangePellets":0,"Replay:Baseball":41,"Ornamental Fan":25,"Bronze Scales":45,"Pandora\u0027s Box":34,"ReplayTheSpireMod:Lightbulb":39,"hubris:OldNail":0,"Unceasing Top":9},{"Replay:Accelerometer":18,"Calipers":11,"CeramicFish":0,"Mango":0,"hubris:SlimyHat":20,"Pet Ghost":9,"Dream Catcher":6,"Sundial":18,"Fusion Hammer":8,"hubris:FunFungus":28,"Red Mask":14,"Ring of the Snake":0,"Gremlin Food":27,"Quantum Egg":17,"Counterbalance":27,"Medical Kit":7,"White Beast Statue":5,"Replay:Arrowhead":22,"OrangePellets":22,"Replay:Baseball":17,"Ornamental Fan":11,"Bronze Scales":20,"Pandora\u0027s Box":15,"ReplayTheSpireMod:Lightbulb":17,"hubris:OldNail":0,"Unceasing Top":6},{"Replay:Accelerometer":91,"Calipers":61,"CeramicFish":0,"Mango":0,"hubris:SlimyHat":99,"Pet Ghost":51,"Dream Catcher":32,"Sundial":91,"Fusion Hammer":46,"hubris:FunFungus":152,"Red Mask":74,"Ring of the Snake":0,"Gremlin Food":143,"Quantum Egg":87,"Counterbalance":143,"Medical Kit":33,"White Beast Statue":24,"Replay:Arrowhead":107,"OrangePellets":107,"Replay:Baseball":87,"Ornamental Fan":61,"Bronze Scales":99,"Pandora\u0027s Box":81,"ReplayTheSpireMod:Lightbulb":87,"hubris:OldNail":0,"Unceasing Top":32}],"Ring of the Snake":[62]},"card_choices":[{"not_picked":["Hidden Blade","PiercingWail"],"picked":"Dagger Throw","floor":1},{"not_picked":["ReplayTheSpireMod:Exploit Weakness","Bane","Dodge and Roll"],"picked":"SKIP","floor":2},{"not_picked":["ReplayTheSpireMod:Exploit Weakness","Poisoned Stab","PiercingWail"],"picked":"SKIP","floor":3},{"not_picked":["Dodge and Roll","ReplayTheSpireMod:Exploit Weakness"],"picked":"Bane","floor":5},{"not_picked":["Toxin Wave","Bane"],"picked":"Prepared","floor":7},{"not_picked":["Draining Mist","Accuracy"],"picked":"Blade Dance","floor":10},{"not_picked":["Fluid Movement","Expertise"],"picked":"Storm of Steel","floor":11},{"not_picked":["hubris:SlightOfHand","Flying Knee"],"picked":"Backstab","floor":14}],"player_experience":524992,"relics_obtained":[{"floor":7,"key":"Counterbalance"},{"floor":9,"key":"Gremlin Food"},{"floor":10,"key":"hubris:FunFungus"}],"event_choices":[{"damage_healed":0,"gold_gain":75,"player_choice":"Gold","damage_taken":11,"max_hp_gain":0,"max_hp_loss":0,"event_name":"betterThird:BetterGoop","floor":4,"gold_loss":0},{"damage_healed":0,"gold_gain":30,"player_choice":"Searched \u00271\u0027 times","damage_taken":0,"max_hp_gain":0,"max_hp_loss":0,"event_name":"Dead Adventurer","floor":13,"gold_loss":0}],"is_beta":false,"boss_relics":[],"items_purged_floors":[],"is_endless":false,"potions_floor_spawned":[2,3,7],"killed_by":"Slime Boss","ascension_level":20}}